id,supermarket,category,product_name,product_id,price,cup_price,product_url,img_url,viewed_date,ratings,rating_count,product_specials,available_in_stock
1, ALDI Australia,Beauty ,LACURA® Essentials BB Cream SPF 15 50ml,albela1,$7.99,$15.98 per 100ml,https://www.aldi.com.au/en/groceries/beauty/beauty-detail/ps/p/lacura-essentials-bb-cream-spf-15-50ml/,https://www.aldi.com.au/fileadmin/fm-dam/Products/Groceries/skin_care/ALN1075_SKIN_CARE_UPDATE_1x1_228x128_6.jpg,2020-09-20 19:33:38,null,null,null,true
2, ALDI Australia,Beauty ,LACURA® Essentials Purify Exfoliating Wash 150ml,albela2,$3.79,$2.53 per 100ml,https://www.aldi.com.au/en/groceries/beauty/beauty-detail/ps/p/lacura-essentials-purify-exfoliating-wash-150ml/,https://www.aldi.com.au/fileadmin/fm-dam/Products/Groceries/skin_care/ALP0614_WEB_AUDIT_2Q_LACURA_1x1_128x228_.jpg,2020-09-20 19:33:38,null,null,null,true
3, ALDI Australia,Beauty ,LACURA® Essentials Caring Cleansing Gel 150ml,albela3,$3.79,$2.53 per 100ml,https://www.aldi.com.au/en/groceries/beauty/beauty-detail/ps/p/lacura-essentials-caring-cleansing-gel-150ml/,https://www.aldi.com.au/fileadmin/fm-dam/Products/Groceries/skin_care/ALP0614_WEB_AUDIT_2Q_LACURA_1x1_128x228_2.jpg,2020-09-20 19:33:38,null,null,null,true
4, ALDI Australia,Beauty ,LACURA® Essentials Fine Balance Foaming Cleansing Gel 150ml,albela4,$3.79,$2.53 per 100ml,https://www.aldi.com.au/en/groceries/beauty/beauty-detail/ps/p/lacura-essentials-fine-balance-foaming-cleansing-g/,https://www.aldi.com.au/fileadmin/fm-dam/Products/Groceries/skin_care/ALP0614_WEB_AUDIT_2Q_LACURA_1x1_128x228_3.jpg,2020-09-20 19:33:38,null,null,null,true
5, ALDI Australia,Beauty ,LACURA® Essentials Fine Balance Cleansing Wipes 30pk,albela5,$1.69,6c per wipe,https://www.aldi.com.au/en/groceries/beauty/beauty-detail/ps/p/lacura-essentials-fine-balance-cleansing-wipes-30p/,https://www.aldi.com.au/fileadmin/fm-dam/images/The_Block/Fuelling_the_Block_2016/ALC7782_THE_BLOCK_1x1_228x128_46.jpg,2020-09-20 19:33:38,null,null,null,true
6, ALDI Australia,Beauty ,LACURA® Essentials Caring Cleansing Wipes 30pk,albela6,$1.69,6c per wipe,https://www.aldi.com.au/en/groceries/beauty/beauty-detail/ps/p/lacura-essentials-caring-cleansing-wipes-30pk/,https://www.aldi.com.au/fileadmin/fm-dam/images/The_Block/Fuelling_the_Block_2016/ALC7782_THE_BLOCK_1x1_228x128_47.jpg,2020-09-20 19:33:38,null,null,null,true
7, ALDI Australia,Beauty ,LACURA® Essentials Make Up Rounds 80pk,albela7,$1.39,$1.74 per 100 rounds,https://www.aldi.com.au/en/groceries/beauty/beauty-detail/ps/p/lacura-essentials-make-up-rounds-80pk/,https://www.aldi.com.au/fileadmin/fm-dam/Products/Groceries/skin_care/ALN1075_SKIN_CARE_UPDATE_1x1_228x128_9.jpg,2020-09-20 19:33:38,null,null,null,true
8, ALDI Australia,Beauty ,LACURA® Essentials Cotton Tips 240pk,albela8,0.99,41c per 100 tips,https://www.aldi.com.au/en/groceries/beauty/beauty-detail/ps/p/lacura-essentials-cotton-tips-240pk/,https://www.aldi.com.au/fileadmin/fm-dam/Products/Groceries/skin_care/ALN1075_SKIN_CARE_UPDATE_1x1_228x128_10.jpg,2020-09-20 19:33:38,null,null,null,true
9, ALDI Australia,Beauty ,LACURA® Essentials Women's Comfort Touch 3 Blade Disposable Razors 8pk,albela9,$3.99,50c per unit,https://www.aldi.com.au/en/groceries/beauty/beauty-detail/ps/p/lacura-essentials-womens-comfort-touch-3-blade-dis/,https://www.aldi.com.au/fileadmin/fm-dam/Products/Groceries/skin_care/ALN1075_SKIN_CARE_UPDATE_1x1_228x128_11.jpg,2020-09-20 19:33:38,null,null,null,true
10, ALDI Australia,Beauty ,LACURA® Skin Science Renew Expert Double Effect Eye Gel 15ml,albela10,$9.99,$66.60/100ml,https://www.aldi.com.au/en/groceries/beauty/beauty-detail/ps/p/lacura-skin-science-renew-expert-double-effect-eye/,https://www.aldi.com.au/fileadmin/fm-dam/Products/Groceries/skin_care/2019/ALN2147_Q4_SKIN-CARE_1x1_228x128_9.jpg,2020-09-20 19:33:38,null,null,null,true
11, ALDI Australia,Beauty ,LACURA® Skin Science Renew Expert Wrinkle Smoother 15ml,albela11,$9.99,$66.60/100ml,https://www.aldi.com.au/en/groceries/beauty/beauty-detail/ps/p/lacura-skin-science-renew-expert-wrinkle-smoother-1/,https://www.aldi.com.au/fileadmin/fm-dam/Products/Groceries/skin_care/2019/ALN2147_Q4_SKIN-CARE_1x1_228x128_10.jpg,2020-09-20 19:33:38,null,null,null,true
12, ALDI Australia,Beauty ,LACURA® Skin Science Renew Day Cream SPF 15 50ml,albela12,$7.99,$15.98 per 100ml,https://www.aldi.com.au/en/groceries/beauty/beauty-detail/ps/p/lacura-skin-science-renew-day-cream-spf-15-50ml/,https://www.aldi.com.au/fileadmin/fm-dam/Products/Groceries/skin_care/2019/ALN2147_Q4_SKIN-CARE_1x1_228x128_.jpg,2020-09-20 19:33:38,null,null,null,true
13, ALDI Australia,Beauty ,LACURA® Skin Science Renew Night Cream 50ml,albela13,$7.99,$15.98 per 100ml,https://www.aldi.com.au/en/groceries/beauty/beauty-detail/ps/p/lacura-skin-science-renew-night-cream-50ml/,https://www.aldi.com.au/fileadmin/fm-dam/Products/Groceries/skin_care/2019/ALN2147_Q4_SKIN-CARE_1x1_228x128_4.jpg,2020-09-20 19:33:38,null,null,null,true
14, ALDI Australia,Beauty ,LACURA® Skin Science Renew Serum 50ml,albela14,$7.99,$15.98 per 100ml,https://www.aldi.com.au/en/groceries/beauty/beauty-detail/ps/p/lacura-skin-science-renew-serum-50ml/,https://www.aldi.com.au/fileadmin/fm-dam/Products/Groceries/skin_care/2019/ALN2147_Q4_SKIN-CARE_1x1_228x128_5.jpg,2020-09-20 19:33:38,null,null,null,true
15, ALDI Australia,Beauty ,LACURA® Skin Science Renew Expert Day Cream SPF 15 50ml,albela15,$10.99,$21.98 per 100ml,https://www.aldi.com.au/en/groceries/beauty/beauty-detail/ps/p/lacura-renew-expert-dlacura-skin-science-renew-exp-1/,https://www.aldi.com.au/fileadmin/fm-dam/Products/Groceries/Beauty/Products/ALN2364_AWARDS_HEALTH-AND-BEAUTY_1x1_228x128_.jpg,2020-09-20 19:33:38,null,null,null,true
16, ALDI Australia,Beauty ,LACURA® Skin Science Renew Expert Night Cream SPF 15 50ml,albela16,$10.99,$21.98 per 100ml,https://www.aldi.com.au/en/groceries/beauty/beauty-detail/ps/p/lacura-skin-science-renew-expert-night-cream-spf-1-1/,https://www.aldi.com.au/fileadmin/fm-dam/Products/Groceries/Beauty/Products/ALN2364_AWARDS_HEALTH-AND-BEAUTY_1x1_228x128_2.jpg,2020-09-20 19:33:38,null,null,null,true
17, ALDI Australia,Beauty ,LACURA® Essentials Renew Cleansing Wipes 30pk,albela17,$1.69,6c per wipe,https://www.aldi.com.au/en/groceries/beauty/beauty-detail/ps/p/lacura-essentials-renew-cleansing-wipes-30pk/,https://www.aldi.com.au/fileadmin/fm-dam/images/The_Block/Fuelling_the_Block_2016/ALC7782_THE_BLOCK_1x1_228x128_49.jpg,2020-09-20 19:33:38,null,null,null,true
18, ALDI Australia,Beauty ,LACURA® Skin Science Revive Hyaluronic Gel 30ml,albela18,$10.99,$36.63 per 100ml,https://www.aldi.com.au/en/groceries/beauty/beauty-detail/ps/p/lacura-skin-science-revive-hyaluronic-gel-30ml-1/,https://www.aldi.com.au/fileadmin/fm-dam/Products/Groceries/Beauty/Products/ALN2364_AWARDS_HEALTH-AND-BEAUTY_1x1_228x128_3.jpg,2020-09-20 19:33:38,null,null,null,true
19, ALDI Australia,Beauty ,LACURA® Skin Science Revive Night Elixir 30ml,albela19,$10.99,$36.63 per 100ml,https://www.aldi.com.au/en/groceries/beauty/beauty-detail/ps/p/lacura-skin-science-revive-night-elixir-30ml-1/,https://www.aldi.com.au/fileadmin/fm-dam/Products/Groceries/Beauty/Products/ALN2364_AWARDS_HEALTH-AND-BEAUTY_1x1_228x128_4.jpg,2020-09-20 19:33:38,null,null,null,true
20, ALDI Australia,Beauty ,LACURA® Skin Science Revive Moisture Boost 15ml,albela20,$10.99,$73.27 per 100ml,https://www.aldi.com.au/en/groceries/beauty/beauty-detail/ps/p/lacura-skin-science-revive-moisture-boost-15ml/,https://www.aldi.com.au/fileadmin/fm-dam/Products/Groceries/skin_care/ALN1075_SKIN_CARE_UPDATE_1x1_228x128_42.jpg,2020-09-20 19:33:38,null,null,null,true
21, ALDI Australia,Beauty ,LACURA® Skin Science Revitalise Expert Day Cream 50ml,albela21,$10.99,$21.98 per 100ml,https://www.aldi.com.au/en/groceries/beauty/beauty-detail/ps/p/lacura-skin-science-revitalise-expert-day-cream-50/,https://www.aldi.com.au/fileadmin/fm-dam/Products/Groceries/skin_care/2019/ALN2147_Q4_SKIN-CARE_1x1_228x128_11R.jpg,2020-09-20 19:33:38,null,null,null,true
22, ALDI Australia,Beauty ,LACURA® Skin Science Revitalise Expert Neck & Décolleté Serum 50ml,albela22,$10.99,$21.98 per 100ml,https://www.aldi.com.au/en/groceries/beauty/beauty-detail/ps/p/lacura-skin-science-revitalise-expert-neck-dcollet/,https://www.aldi.com.au/fileadmin/fm-dam/Products/Groceries/skin_care/2019/ALN2147_Q4_SKIN-CARE_1x1_228x128_12.jpg,2020-09-20 19:33:38,null,null,null,true
23, ALDI Australia,Beauty ,LACURA® Skin Science Revitalise Expert Eye Cream 15ml,albela23,$10.99,$73.27 per 100ml,https://www.aldi.com.au/en/groceries/beauty/beauty-detail/ps/p/lacura-skin-science-revitalise-expert-eye-cream-15/,https://www.aldi.com.au/fileadmin/fm-dam/Products/Groceries/skin_care/2019/ALN2147_Q4_SKIN-CARE_1x1_228x128_13.jpg,2020-09-20 19:33:38,null,null,null,true
24, ALDI Australia,Beauty ,LACURA® Skin Science Revitalise Day Cream with Soy for Mature Skin 50ml,albela24,$7.99,$15.98 per 100ml,https://www.aldi.com.au/en/groceries/beauty/beauty-detail/ps/p/lacura-skin-science-revitalise-day-cream-with-soy/,https://www.aldi.com.au/fileadmin/fm-dam/Products/Groceries/skin_care/2019/ALN2147_Q4_SKIN-CARE_1x1_228x128_6.jpg,2020-09-20 19:33:38,null,null,null,true
25, ALDI Australia,Beauty ,LACURA® Skin Science Revitalise Night Cream with Soy for Mature Skin 50ml,albela25,$7.99,$15.98 per 100ml,https://www.aldi.com.au/en/groceries/beauty/beauty-detail/ps/p/lacura-skin-science-revitalise-night-cream-with-so/,https://www.aldi.com.au/fileadmin/fm-dam/Products/Groceries/skin_care/2019/ALN2147_Q4_SKIN-CARE_1x1_228x128_8.jpg,2020-09-20 19:33:38,null,null,null,true
26, ALDI Australia,Beauty ,LACURA® Skin Science Revitalise Multi Intensive Serum for Mature Skin 50ml,albela26,$7.99,$15.98 per 100ml,https://www.aldi.com.au/en/groceries/beauty/beauty-detail/ps/p/lacura-skin-science-revitalise-multi-intensive-ser/,https://www.aldi.com.au/fileadmin/fm-dam/Products/Groceries/skin_care/2019/ALN2147_Q4_SKIN-CARE_1x1_228x128_7.jpg,2020-09-20 19:33:38,null,null,null,true
27, ALDI Australia,Beauty ,LACURA® Essentials Revitalise Cleansing Wipes 30pk,albela27,$1.69,6c per wipe,https://www.aldi.com.au/en/groceries/beauty/beauty-detail/ps/p/lacura-essentials-revitalise-cleansing-wipes-30pk/,https://www.aldi.com.au/fileadmin/fm-dam/images/The_Block/Fuelling_the_Block_2016/ALC7782_THE_BLOCK_1x1_228x128_48.jpg,2020-09-20 19:33:38,null,null,null,true
28, ALDI Australia,Beauty ,LACURA® Naturals Revitalising Facial Foaming Cleanser 150ml,albela28,$5.99,$3.99 per 100ml,https://www.aldi.com.au/en/groceries/beauty/beauty-detail/ps/p/lacura-naturals-revitalising-facial-foaming-cleans/,https://www.aldi.com.au/fileadmin/fm-dam/Products/Groceries/skin_care/ALN1075_SKIN_CARE_UPDATE_1x1_228x128_25.jpg,2020-09-20 19:33:38,null,null,null,true
29, ALDI Australia,Beauty ,LACURA® Naturals Pore Cleansing Clarifying Facial Scrub 150ml,albela29,$5.99,$3.99 per 100ml,https://www.aldi.com.au/en/groceries/beauty/beauty-detail/ps/p/lacura-naturals-pore-cleansing-clarifying-facial-s/,https://www.aldi.com.au/fileadmin/fm-dam/Products/Groceries/skin_care/ALN1075_SKIN_CARE_UPDATE_1x1_228x128_26.jpg,2020-09-20 19:33:38,null,null,null,true
30, ALDI Australia,Beauty ,LACURA® Naturals Invigorating Exfoliating Facial Scrub 150ml,albela30,$5.99,$3.99 per 100ml,https://www.aldi.com.au/en/groceries/beauty/beauty-detail/ps/p/lacura-naturals-invigorating-exfoliating-facial-sc/,https://www.aldi.com.au/fileadmin/fm-dam/Products/Groceries/skin_care/ALN1075_SKIN_CARE_UPDATE_1x1_228x128_27.jpg,2020-09-20 19:33:38,null,null,null,true
31, ALDI Australia,Beauty ,LACURA® Naturals Anti-Aging Day Cream with Liquorice Extract Oil & Silk Protein 50ml,albela31,$7.99,$15.98 per 100ml,https://www.aldi.com.au/en/groceries/beauty/beauty-detail/ps/p/lacura-naturals-anti-aging-day-cream-with-liquoric/,https://www.aldi.com.au/fileadmin/fm-dam/Products/Groceries/skin_care/ALN1075_SKIN_CARE_UPDATE_1x1_228x128_24.jpg,2020-09-20 19:33:38,null,null,null,true
32, ALDI Australia,Beauty ,LACURA® Naturals Anti-Aging Night Cream with Rice Bran Oil & Silk Protein 50ml,albela32,$7.99,$15.98 per 100ml,https://www.aldi.com.au/en/groceries/beauty/beauty-detail/ps/p/lacura-naturals-anti-aging-night-cream-with-rice-b/,https://www.aldi.com.au/fileadmin/fm-dam/Products/Groceries/skin_care/ALN1075_SKIN_CARE_UPDATE_1x1_228x128_23.jpg,2020-09-20 19:33:38,null,null,null,true
33, ALDI Australia,Beauty ,LACURA® Naturals Anti-Aging Serum with Ginger Extract & Silk Protein 30ml,albela33,$7.99,$26.63 per 100ml,https://www.aldi.com.au/en/groceries/beauty/beauty-detail/ps/p/lacura-naturals-anti-aging-serum-with-ginger-extra/,https://www.aldi.com.au/fileadmin/fm-dam/Products/Groceries/skin_care/ALN1075_SKIN_CARE_UPDATE_1x1_228x128_21.jpg,2020-09-20 19:33:38,null,null,null,true
34, ALDI Australia,Beauty ,LACURA® Naturals Anti-Aging Eye Cream with Tiger Grass & Silk Protein 15ml,albela34,$7.99,$53.27 per 100ml,https://www.aldi.com.au/en/groceries/beauty/beauty-detail/ps/p/lacura-naturals-anti-aging-eye-cream-with-tiger-gr/,https://www.aldi.com.au/fileadmin/fm-dam/Products/Groceries/skin_care/ALN1075_SKIN_CARE_UPDATE_1x1_228x128_22.jpg,2020-09-20 19:33:38,null,null,null,true
35, ALDI Australia,Beauty ,LACURA® Beauty Long Lasting Duo Lipstick,albela35,$6.99,0,https://www.aldi.com.au/en/groceries/beauty/beauty-detail/ps/p/lacura-beauty-long-lasting-duo-lipstick/,https://www.aldi.com.au/fileadmin/fm-dam/Products/Groceries/skin_care/ALN1075_SKIN_CARE_UPDATE_1x1_228x128_18.jpg,2020-09-20 19:33:38,null,null,null,true
36, ALDI Australia,Beauty ,LACURA® Beauty Long Lasting Compact Powder 10g,albela36,$5.99,$5.99 per 10g,https://www.aldi.com.au/en/groceries/beauty/beauty-detail/ps/p/lacura-beauty-long-lasting-compact-powder-10g/,https://www.aldi.com.au/fileadmin/fm-dam/Products/Groceries/skin_care/ALN1075_SKIN_CARE_UPDATE_1x1_228x128_19.jpg,2020-09-20 19:33:38,null,null,null,true
37, ALDI Australia,Beauty ,LACURA® Beauty Long Lasting Compact Blush 4.5g,albela37,$5.99,$13.31 per 10g,https://www.aldi.com.au/en/groceries/beauty/beauty-detail/ps/p/lacura-beauty-long-lasting-compact-blush-45g/,https://www.aldi.com.au/fileadmin/fm-dam/Products/Groceries/skin_care/ALN1075_SKIN_CARE_UPDATE_1x1_228x128_20.jpg,2020-09-20 19:33:38,null,null,null,true
38, ALDI Australia,Beauty ,LACURA® Beauty Foundation with Sunscreen,albela38,$4.99,$1.00 per 10ml,https://www.aldi.com.au/en/groceries/beauty/beauty-detail/ps/p/lacura-beauty-foundation-with-sunscreen/,https://www.aldi.com.au/fileadmin/fm-dam/Products/Groceries/skin_care/ALP0614_WEB_AUDIT_2Q_LACURA_1x1_128x228_7.jpg,2020-09-20 19:33:38,null,null,null,true
39, ALDI Australia,Beauty ,LACURA® Beauty Face Primer 3 in 1,albela39,$4.99,$1.00 per 10ml,https://www.aldi.com.au/en/groceries/beauty/beauty-detail/ps/p/lacura-beauty-face-primer-3-in-1/,https://www.aldi.com.au/fileadmin/fm-dam/Products/Groceries/skin_care/ALP0614_WEB_AUDIT_2Q_LACURA_1x1_128x228_6.jpg,2020-09-20 19:33:38,null,null,null,true
40, ALDI Australia,Beauty ,LACURA® Beauty 24hr Mascara – Waterproof 11.6ml or Volume 11.9ml,albela40,$6.99,$5.87-$6.03 per 10ml,https://www.aldi.com.au/en/groceries/beauty/beauty-detail/ps/p/lacura-beauty-24hr-mascara-waterproof-116ml-or-vol/,https://www.aldi.com.au/fileadmin/fm-dam/Products/Groceries/skin_care/ALP0614_WEB_AUDIT_2Q_LACURA_1x1_128x228_4.jpg,2020-09-20 19:33:38,null,null,null,true
41, ALDI Australia,Beauty ,LACURA® Retractable Eyeliner or Eyebrow Pencil 0.3g,albela41,$4.99,$166.33 per 10g,https://www.aldi.com.au/en/groceries/beauty/beauty-detail/ps/p/lacura-retractable-eyeliner-or-eyebrow-pencil-03g/,https://www.aldi.com.au/fileadmin/fm-dam/Products/Groceries/skin_care/2019/ALN2362_Retractable_Eyeliner_or_Eyebrow_Pencil_0.3g_1x1_228x128_.jpg,2020-09-20 19:33:38,null,null,null,true
