id,supermarket,category,product_name,product_id,price,cup_price,product_url,img_url,viewed_date,ratings,rating_count,product_specials,available_in_stock
1, ALDI Australia,Dairy & Eggs ,Farmdale Lactose Free Full Cream Milk 1L,aldafa1,$1.99,$1.99 per litre,https://www.aldi.com.au/en/groceries/fresh-produce/dairy-eggs/dairy-eggs-detail/ps/p/farmdale-lactose-free-full-cream-milk-1l-1/,https://www.aldi.com.au/fileadmin/fm-dam/Products/Groceries/Fresh_Produce/Dairy_Eggs/Products/ALN2364_AWARDS_DAIRY_1x1_228x128_18.jpg,2020-09-20 19:33:43,null,null,null,true
2, ALDI Australia,Dairy & Eggs ,Farmdale RAM Coffee Flavoured Milk 2L,aldafa2,$3.49,$1.75 per litre,https://www.aldi.com.au/en/groceries/fresh-produce/dairy-eggs/dairy-eggs-detail/ps/p/farmdale-ram-coffee-flavoured-milk-2l-1/,https://www.aldi.com.au/fileadmin/fm-dam/Products/Groceries/Fresh_Produce/Dairy_Eggs/Products/ALN2364_AWARDS_DAIRY_1x1_228x128_20.jpg,2020-09-20 19:33:43,null,null,null,true
3, ALDI Australia,Dairy & Eggs ,Farmdale RAM Chocolate Flavoured Milk 600ml,aldafa3,$1.99,$3.32 per Litre,https://www.aldi.com.au/en/groceries/fresh-produce/dairy-eggs/dairy-eggs-detail/ps/p/farmdale-ram-chocolate-flavoured-milk-600ml-1/,https://www.aldi.com.au/fileadmin/fm-dam/Products/Groceries/Fresh_Produce/Dairy_Eggs/Products/ALN2364_AWARDS_DAIRY_1x1_228x128_21.jpg,2020-09-20 19:33:43,null,null,null,true
4, ALDI Australia,Dairy & Eggs ,Farmdale RAM Iced coffee Flavoured Milk 600ml,aldafa4,$1.99,$3.32 per Litre,https://www.aldi.com.au/en/groceries/fresh-produce/dairy-eggs/dairy-eggs-detail/ps/p/farmdale-ram-iced-coffee-flavoured-milk-600ml/,https://www.aldi.com.au/fileadmin/fm-dam/Products/Groceries/Fresh_Produce/Dairy_Eggs/Products/ALN2364_AWARDS_DAIRY_1x1_228x128_22.jpg,2020-09-20 19:33:43,null,null,null,true
5, ALDI Australia,Dairy & Eggs ,Farmdale Full Cream Milk Powder 1kg,aldafa5,$5.69,$5.69 per kg,https://www.aldi.com.au/en/groceries/fresh-produce/dairy-eggs/dairy-eggs-detail/ps/p/farmdale-full-cream-milk-powder-1kg-1/,https://www.aldi.com.au/fileadmin/fm-dam/Products/Groceries/Fresh_Produce/Dairy_Eggs/Products/ALN2364_AWARDS_DAIRY_1x1_228x128_23.jpg,2020-09-20 19:33:43,null,null,null,true
6, ALDI Australia,Dairy & Eggs ,Farmdale Skim Milk Powder 1kg,aldafa6,$5.69,$5.69 per kg,https://www.aldi.com.au/en/groceries/fresh-produce/dairy-eggs/dairy-eggs-detail/ps/p/farmdale-skim-milk-powder-1kg-1/,https://www.aldi.com.au/fileadmin/fm-dam/Products/Groceries/Fresh_Produce/Dairy_Eggs/Products/Q3_2020/ALN2853_AWARDS_MILK_1x1_228x128_.jpg,2020-09-20 19:33:43,null,null,null,true
7, ALDI Australia,Dairy & Eggs ,Lodge Farm Free Range Eggs 12 Pack 600g,aldalo7,$3.99,67c per 100g,https://www.aldi.com.au/en/groceries/fresh-produce/dairy-eggs/dairy-eggs-detail/ps/p/lodge-farm-free-range-eggs-12-pack-600g/,https://www.aldi.com.au/fileadmin/fm-dam/images/CANSTAR/2020/Products/ALN2783_CANSTAR-AWARD-EGGS_1x1_228x128_.jpg,2020-09-20 19:33:43,null,null,null,true
8, ALDI Australia,Dairy & Eggs ,Lodge Farm Free Range Eggs 12 Pack 700g,aldalo8,$4.29,61c per 100g,https://www.aldi.com.au/en/groceries/fresh-produce/dairy-eggs/dairy-eggs-detail/ps/p/lodge-farm-free-range-eggs-12-pack-700g/,https://www.aldi.com.au/fileadmin/fm-dam/images/CANSTAR/2020/Products/ALN2783_CANSTAR-AWARD-EGGS_1x1_228x128_2.jpg,2020-09-20 19:33:43,null,null,null,true
9, ALDI Australia,Dairy & Eggs ,Just Organic Free Range Eggs 6 Pack 300g,aldaju9,$3.99,$1.33 per 100g,https://www.aldi.com.au/en/groceries/fresh-produce/dairy-eggs/dairy-eggs-detail/ps/p/just-organic-free-range-eggs-6-pack-300g/,https://www.aldi.com.au/fileadmin/fm-dam/Products/Groceries/dairy/2020/ALN2670_Q1_WEB_AUDIT__DAIRY_EGGS__1x1_228x128_5.jpg,2020-09-20 19:33:43,null,null,null,true
10, ALDI Australia,Dairy & Eggs ,Beautifully Butterfully Dairy Blend 500g,aldabe10,$3.49,70c per 100g,https://www.aldi.com.au/en/groceries/fresh-produce/dairy-eggs/dairy-eggs-detail/ps/p/beautifully-butterfully-spreadable-dairy-blend-500-2/,https://www.aldi.com.au/fileadmin/fm-dam/Products/Groceries/dairy/ALN2619_Q4_WEB_AUDIT_DAIRY_1x1_228x128_2.jpg,2020-09-20 19:33:43,null,null,null,true
11, ALDI Australia,Dairy & Eggs ,Just Organic Butter 250g,aldaju11,$3.59,$1.44 per 100g,https://www.aldi.com.au/en/groceries/fresh-produce/dairy-eggs/dairy-eggs-detail/ps/p/just-organic-butter-250g-1/,https://www.aldi.com.au/fileadmin/fm-dam/Products/Groceries/Award_Winning_Products/Dairy/2020/Dairy_Awards/ALN2793_CHEESE_DAIRY_AWARDS_1x1_228x128_.jpg,2020-09-20 19:33:43,null,null,null,true
12, ALDI Australia,Dairy & Eggs ,Beautifully Butterfully Butter 250g,aldabe12,$2.79,$1.12 per 100g,https://www.aldi.com.au/en/groceries/fresh-produce/dairy-eggs/dairy-eggs-detail/ps/p/beautifully-butterfully-butter-250g-1/,https://www.aldi.com.au/fileadmin/fm-dam/Products/Groceries/Fresh_Produce/Dairy_Eggs/Products/ALN2364_AWARDS_DAIRY_1x1_228x128_10.jpg,2020-09-20 19:33:43,null,null,null,true
13, ALDI Australia,Dairy & Eggs ,Beautifully Butterfully Unsalted Butter 250g,aldabe13,$2.79,$1.12 per 100g,https://www.aldi.com.au/en/groceries/fresh-produce/dairy-eggs/dairy-eggs-detail/ps/p/beautifully-butterfully-unsalted-butter-250g-2/,https://www.aldi.com.au/fileadmin/fm-dam/Products/Groceries/Fresh_Produce/Dairy_Eggs/Products/ALN2364_AWARDS_DAIRY_1x1_228x128_12.jpg,2020-09-20 19:33:43,null,null,null,true
14, ALDI Australia,Dairy & Eggs ,Emporium Selection Ash Brie 150g,aldaem14,$4.49,$29.93 per kg,https://www.aldi.com.au/en/groceries/fresh-produce/dairy-eggs/dairy-eggs-detail/ps/p/emporium-selection-ash-brie-150g/,https://www.aldi.com.au/fileadmin/fm-dam/Products/Groceries/Award_Winning_Products/Cheese/2020/Cheese_Awards/ALN2793_CHEESE_DAIRY_AWARDS_1x1_228x128_7.jpg,2020-09-20 19:33:43,null,null,null,true
15, ALDI Australia,Dairy & Eggs ,Emporium Selection Australian Washed Rind Cheese 125g,aldaem15,$3.49,$27.92 per kg,https://www.aldi.com.au/en/groceries/fresh-produce/dairy-eggs/dairy-eggs-detail/ps/p/emporium-selection-australian-washed-rind-cheese-1-1/,https://www.aldi.com.au/fileadmin/fm-dam/Products/Groceries/Fresh_Produce/Dairy_Eggs/Products/ALN2364_AWARDS_CHEESE_1x1_228x128_.jpg,2020-09-20 19:33:43,null,null,null,true
16, ALDI Australia,Dairy & Eggs ,Emporium Selection Double Cream Camembert 200g,aldaem16,$4.49,$22.45 per kg,https://www.aldi.com.au/en/groceries/fresh-produce/dairy-eggs/dairy-eggs-detail/ps/p/emporium-selection-double-cream-camembert-200g-7/,https://www.aldi.com.au/fileadmin/fm-dam/Products/Groceries/Fresh_Produce/Dairy_Eggs/Products/ALN2364_AWARDS_CHEESE_1x1_228x128_2.jpg,2020-09-20 19:33:43,null,null,null,true
17, ALDI Australia,Dairy & Eggs ,Emporium Selection Triple Cream Brie 200g,aldaem17,$4.49,$22.45 per kg,https://www.aldi.com.au/en/groceries/fresh-produce/dairy-eggs/dairy-eggs-detail/ps/p/emporium-selection-triple-cream-brie-200g-7/,https://www.aldi.com.au/fileadmin/fm-dam/Products/Groceries/Fresh_Produce/Dairy_Eggs/Products/ALN2364_AWARDS_CHEESE_1x1_228x128_3.jpg,2020-09-20 19:33:43,null,null,null,true
18, ALDI Australia,Dairy & Eggs ,Emporium Selection Camembert 125g,aldaem18,$2.79,$22.32 per kg,https://www.aldi.com.au/en/groceries/fresh-produce/dairy-eggs/dairy-eggs-detail/ps/p/emporium-selection-camembert-125g-2/,https://www.aldi.com.au/fileadmin/fm-dam/Products/Groceries/Fresh_Produce/Dairy_Eggs/Products/ALN2364_AWARDS_CHEESE_1x1_228x128_4.jpg,2020-09-20 19:33:43,null,null,null,true
19, ALDI Australia,Dairy & Eggs ,Emporium Selection Brie 125g,aldaem19,$2.79,$22.32 per kg,https://www.aldi.com.au/en/groceries/fresh-produce/dairy-eggs/dairy-eggs-detail/ps/p/emporium-selection-brie-125g-1/,https://www.aldi.com.au/fileadmin/fm-dam/Products/Groceries/Fresh_Produce/Dairy_Eggs/Products/ALN2364_AWARDS_CHEESE_1x1_228x128_5.jpg,2020-09-20 19:33:43,null,null,null,true
20, ALDI Australia,Dairy & Eggs ,Emporium Selection Persian Fetta Cheese 180g - Classic,aldaem20,$3.99,$22.17 per kg,https://www.aldi.com.au/en/groceries/fresh-produce/dairy-eggs/dairy-eggs-detail/ps/p/emporium-selection-persian-fetta-cheese-180g-class-2/,https://www.aldi.com.au/fileadmin/fm-dam/Products/Groceries/Fresh_Produce/Dairy_Eggs/Products/ALN2364_AWARDS_CHEESE_1x1_228x128_6.jpg,2020-09-20 19:33:43,null,null,null,true
21, ALDI Australia,Dairy & Eggs ,Emporium Selection Danish Style Fetta Cheese 200g,aldaem21,$2.69,$13.45 per kg,https://www.aldi.com.au/en/groceries/fresh-produce/dairy-eggs/dairy-eggs-detail/ps/p/emporium-selection-danish-style-fetta-cheese-200g/,https://www.aldi.com.au/fileadmin/fm-dam/Products/Groceries/Fresh_Produce/Dairy_Eggs/Products/Q3_2020/ALN2853_AWARDS_CHEESE_1x1_228x128_.jpg,2020-09-20 19:33:43,null,null,null,true
22, ALDI Australia,Dairy & Eggs ,Emporium Selection Greek Style Fetta Cheese 200g,aldaem22,$2.69,$13.45 per kg,https://www.aldi.com.au/en/groceries/fresh-produce/dairy-eggs/dairy-eggs-detail/ps/p/emporium-selection-greek-style-fetta-cheese-200g/,https://www.aldi.com.au/fileadmin/fm-dam/Products/Groceries/Fresh_Produce/Dairy_Eggs/Products/Q3_2020/ALN2853_AWARDS_CHEESE_1x1_228x128_2.jpg,2020-09-20 19:33:43,null,null,null,true
23, ALDI Australia,Dairy & Eggs ,Emporium Selection Cheddar Cheese Aged 20 Months 250g,aldaem23,$3.99,$15.96 per kg,https://www.aldi.com.au/en/groceries/fresh-produce/dairy-eggs/dairy-eggs-detail/ps/p/emporium-selection-aged-cheddar-20-months-250g/,https://www.aldi.com.au/fileadmin/fm-dam/Products/Groceries/Fresh_Produce/Dairy_Eggs/Products/Q3_2020/ALN2853_AWARDS_CHEESE_1x1_228x128_3.jpg,2020-09-20 19:33:43,null,null,null,true
24, ALDI Australia,Dairy & Eggs ,Westacre Colby Cheese Block 500g,aldawe24,$5.49,$10.98 per kg,https://www.aldi.com.au/en/groceries/fresh-produce/dairy-eggs/dairy-eggs-detail/ps/p/westacre-colby-cheese-block-500g-1/,https://www.aldi.com.au/fileadmin/fm-dam/Products/Groceries/Award_Winning_Products/Cheese/2020/Cheese_Awards/ALN2793_CHEESE_DAIRY_AWARDS_1x1_228x128_5.jpg,2020-09-20 19:33:43,null,null,null,true
25, ALDI Australia,Dairy & Eggs ,Cowbelle Original Cheese Slices 24pk/500g,aldaco25,$3.69,$7.38 per kg,https://www.aldi.com.au/en/groceries/fresh-produce/dairy-eggs/dairy-eggs-detail/ps/p/cowbelle-original-cheese-slices-24pk500g-1/,https://www.aldi.com.au/fileadmin/fm-dam/Products/Groceries/Fresh_Produce/Dairy_Eggs/Products/ALN2364_AWARDS_CHEESE_1x1_228x128_11.jpg,2020-09-20 19:33:43,null,null,null,true
26, ALDI Australia,Dairy & Eggs ,Cowbelle Light Cheese Slices 24pk/500g,aldaco26,$3.69,$7.38 per kg,https://www.aldi.com.au/en/groceries/fresh-produce/dairy-eggs/dairy-eggs-detail/ps/p/cowbelle-light-cheese-slices-24pk500g-1/,https://www.aldi.com.au/fileadmin/fm-dam/Products/Groceries/Fresh_Produce/Dairy_Eggs/Products/ALN2364_AWARDS_CHEESE_1x1_228x128_12.jpg,2020-09-20 19:33:43,null,null,null,true
27, ALDI Australia,Dairy & Eggs ,Westacre Vintage Cheese Slices 12pk/250g,aldawe27,$3.99,$15.96 per kg,https://www.aldi.com.au/en/groceries/fresh-produce/dairy-eggs/dairy-eggs-detail/ps/p/westacre-vintage-cheese-slices-12pk250g/,https://www.aldi.com.au/fileadmin/fm-dam/Products/Groceries/Award_Winning_Products/Cheese/2020/Cheese_Awards/ALN2793_CHEESE_DAIRY_AWARDS_1x1_228x128_8.jpg,2020-09-20 19:33:43,null,null,null,true
28, ALDI Australia,Dairy & Eggs ,Westacre Tasty Cheese Slices 12pk/250g,aldawe28,$3.99,$15.96 per kg,https://www.aldi.com.au/en/groceries/fresh-produce/dairy-eggs/dairy-eggs-detail/ps/p/westacre-tasty-cheese-slices-12pk250g/,https://www.aldi.com.au/fileadmin/fm-dam/Products/Groceries/Award_Winning_Products/Cheese/2020/Cheese_Awards/ALN2793_CHEESE_DAIRY_AWARDS_1x1_228x128_9.jpg,2020-09-20 19:33:43,null,null,null,true
29, ALDI Australia,Dairy & Eggs ,Manhattan Cottage Cheese 500g,aldama29,$3.79,$7.58 per kg,https://www.aldi.com.au/en/groceries/fresh-produce/dairy-eggs/dairy-eggs-detail/ps/p/manhattan-cottage-cheese-500g-1/,https://www.aldi.com.au/fileadmin/fm-dam/Products/Groceries/Fresh_Produce/Dairy_Eggs/Products/Q3_2020/ALN2853_AWARDS_CHEESE_1x1_228x128_4.jpg,2020-09-20 19:33:43,null,null,null,true
30, ALDI Australia,Dairy & Eggs ,Emporium Selection Smooth Ricotta 375g,aldaem30,$2.69,$7.17 per kg,https://www.aldi.com.au/en/groceries/fresh-produce/dairy-eggs/dairy-eggs-detail/ps/p/emporium-selection-smooth-ricotta-375g-2/,https://www.aldi.com.au/fileadmin/fm-dam/Products/Groceries/Fresh_Produce/Dairy_Eggs/Products/ALN2364_AWARDS_CHEESE_1x1_228x128_10.jpg,2020-09-20 19:33:43,null,null,null,true
31, ALDI Australia,Dairy & Eggs ,Emporium Selection Apricot & Almond Cream Cheese 200g,aldaem31,$2.79,$13.95 per kg,https://www.aldi.com.au/en/groceries/fresh-produce/dairy-eggs/dairy-eggs-detail/ps/p/emporium-selection-apricot-almond-cream-cheese-200-1/,https://www.aldi.com.au/fileadmin/fm-dam/Products/Groceries/Fresh_Produce/Dairy_Eggs/Products/Q3_2020/ALN2853_AWARDS_CHEESE_1x1_228x128_5.jpg,2020-09-20 19:33:43,null,null,null,true
32, ALDI Australia,Dairy & Eggs ,Emporium Selection Spring Onion & Chives Cream Cheese 200g,aldaem32,$2.79,$13.95 per kg,https://www.aldi.com.au/en/groceries/fresh-produce/dairy-eggs/dairy-eggs-detail/ps/p/emporium-selection-spring-onion-chives-cream-chees/,https://www.aldi.com.au/fileadmin/fm-dam/Products/Groceries/Fresh_Produce/Dairy_Eggs/Products/Q3_2020/ALN2853_AWARDS_CHEESE_1x1_228x128_6.jpg,2020-09-20 19:33:43,null,null,null,true
33, ALDI Australia,Dairy & Eggs ,Farmdale Thickened Cream 600ml,aldafa33,$2.99,50c per 100ml,https://www.aldi.com.au/en/groceries/fresh-produce/dairy-eggs/dairy-eggs-detail/ps/p/farmdale-thickened-cream-600ml-1/,https://www.aldi.com.au/fileadmin/fm-dam/Products/Groceries/Fresh_Produce/Dairy_Eggs/Products/ALN2364_AWARDS_DAIRY_1x1_228x128_14.jpg,2020-09-20 19:33:43,null,null,null,true
34, ALDI Australia,Dairy & Eggs ,Farmdale Thickened Light Cream 300ml,aldafa34,$1.89,63c per 100ml,https://www.aldi.com.au/en/groceries/fresh-produce/dairy-eggs/dairy-eggs-detail/ps/p/farmdale-thickened-light-cream-300ml-3/,https://www.aldi.com.au/fileadmin/fm-dam/Products/Groceries/Fresh_Produce/Dairy_Eggs/Products/ALN2364_AWARDS_DAIRY_1x1_228x128_15.jpg,2020-09-20 19:33:43,null,null,null,true
35, ALDI Australia,Dairy & Eggs ,Farmdale Double Cream 300ml,aldafa35,$3.69,$1.23 per 100ml,https://www.aldi.com.au/en/groceries/fresh-produce/dairy-eggs/dairy-eggs-detail/ps/p/farmdale-double-cream-300ml-2/,https://www.aldi.com.au/fileadmin/fm-dam/Products/Groceries/Fresh_Produce/Dairy_Eggs/Products/ALN2364_AWARDS_DAIRY_1x1_228x128_13.jpg,2020-09-20 19:33:43,null,null,null,true
36, ALDI Australia,Dairy & Eggs ,Farmdale Sour Cream 300ml,aldafa36,$2.09,70c per 100g,https://www.aldi.com.au/en/groceries/fresh-produce/dairy-eggs/dairy-eggs-detail/ps/p/farmdale-sour-cream-300g-1/,https://www.aldi.com.au/fileadmin/fm-dam/Products/Groceries/Fresh_Produce/Dairy_Eggs/Products/ALN2364_AWARDS_DAIRY_1x1_228x128_16.jpg,2020-09-20 19:33:43,null,null,null,true
37, ALDI Australia,Dairy & Eggs ,Farmdale Light Sour Cream 300ml,aldafa37,$2.09,70c per 100g,https://www.aldi.com.au/en/groceries/fresh-produce/dairy-eggs/dairy-eggs-detail/ps/p/farmdale-light-sour-cream-300ml-1/,https://www.aldi.com.au/fileadmin/fm-dam/Products/Groceries/Fresh_Produce/Dairy_Eggs/Products/ALN2364_AWARDS_DAIRY_1x1_228x128_17.jpg,2020-09-20 19:33:43,null,null,null,true
38, ALDI Australia,Dairy & Eggs ,Lyttos Greek Style Natural Yogurt 2kg,aldaly38,$8.79,44c per 100g,https://www.aldi.com.au/en/groceries/fresh-produce/dairy-eggs/dairy-eggs-detail/ps/p/lyttos-greek-style-natural-yogurt-2kg-3/,https://www.aldi.com.au/fileadmin/fm-dam/Products/Groceries/Award_Winning_Products/Dairy/2020/Q2/ALN2745_Q2_WEB_AUDIT__DAIRY__1x1_228x128_2.jpg,2020-09-20 19:33:43,null,null,null,true
39, ALDI Australia,Dairy & Eggs ,Brooklea Joi Mango Yogurt 1kg,aldabr39,$3.29,33c per 100g,https://www.aldi.com.au/en/groceries/fresh-produce/dairy-eggs/dairy-eggs-detail/ps/p/brooklea-joi-mango-yogurt-1kg/,https://www.aldi.com.au/fileadmin/fm-dam/Products/Groceries/Award_Winning_Products/Dairy/2020/Dairy_Awards/ALN2793_CHEESE_DAIRY_AWARDS_1x1_228x128_2.jpg,2020-09-20 19:33:43,null,null,null,true
40, ALDI Australia,Dairy & Eggs ,Brooklea Joi Mixed Berry Yogurt 1kg,aldabr40,$3.29,33c per 100g,https://www.aldi.com.au/en/groceries/fresh-produce/dairy-eggs/dairy-eggs-detail/ps/p/brooklea-joi-mixed-berry-yogurt-1kg/,https://www.aldi.com.au/fileadmin/fm-dam/Products/Groceries/Award_Winning_Products/Dairy/2020/Dairy_Awards/ALN2793_CHEESE_DAIRY_AWARDS_1x1_228x128_3.jpg,2020-09-20 19:33:43,null,null,null,true
41, ALDI Australia,Dairy & Eggs ,Brooklea Family Lite Yoghurt 1kg,aldabr41,0.$3,30c per 100g,https://www.aldi.com.au/en/groceries/fresh-produce/dairy-eggs/dairy-eggs-detail/ps/p/brooklea-family-lite-yoghurt-1kg-1/,https://www.aldi.com.au/fileadmin/fm-dam/Products/Groceries/dairy/2020/ALN2670_Q1_WEB_AUDIT__DAIRY_EGGS__1x1_228x128_.jpg,2020-09-20 19:33:43,null,null,null,true
42, ALDI Australia,Dairy & Eggs ,Just Organic Natural Yogurt 1kg,aldaju42,$4.99,50c per 100g,https://www.aldi.com.au/en/groceries/fresh-produce/dairy-eggs/dairy-eggs-detail/ps/p/just-organic-natural-yogurt-1kg-3/,https://www.aldi.com.au/fileadmin/fm-dam/Products/Groceries/Just_Organic_TM_/2019/Q2/ALN2218_Q2_Just_Organic_Natural_Yoghurt_1kg_1x1_228x128.jpg,2020-09-20 19:33:43,null,null,null,true
43, ALDI Australia,Dairy & Eggs ,Just Organic Vanilla Bean Yogurt 1kg,aldaju43,$4.99,50c per 100g,https://www.aldi.com.au/en/groceries/fresh-produce/dairy-eggs/dairy-eggs-detail/ps/p/just-organic-vanilla-bean-yogurt-1kg-1/,https://www.aldi.com.au/fileadmin/fm-dam/Products/Groceries/Just_Organic_TM_/2019/Q2/ALN2218_Q2_Just_Organic_Vanilla_Bean_Yoghurt_1kg_1x1_228x128.jpg,2020-09-20 19:33:43,null,null,null,true
44, ALDI Australia,Dairy & Eggs ,Dairy Dream Blueberry Fruit Swirled Yogurt 720g,aldada44,$4.29,60c per 100g,https://www.aldi.com.au/en/groceries/fresh-produce/dairy-eggs/dairy-eggs-detail/ps/p/dairy-dream-fruit-swirled-yogurt-blueberry-720g/,https://www.aldi.com.au/fileadmin/fm-dam/Products/Groceries/Award_Winning_Products/Dairy/2020/Dairy_Awards/ALN2793_CHEESE_DAIRY_AWARDS_1x1_228x128_4.jpg,2020-09-20 19:33:43,null,null,null,true
45, ALDI Australia,Dairy & Eggs ,Dairy Dream Greek Style Yogurt No Added Sugar 750g,aldada45,$4.99,67c per 100g,https://www.aldi.com.au/en/groceries/fresh-produce/dairy-eggs/dairy-eggs-detail/ps/p/dairy-dream-greek-style-yogurt-no-added-sugar-750g-1/,https://www.aldi.com.au/fileadmin/fm-dam/Products/Groceries/Fresh_Produce/Dairy_Eggs/Products/ALN2364_AWARDS_DAIRY_1x1_228x128_3.jpg,2020-09-20 19:33:43,null,null,null,true
46, ALDI Australia,Dairy & Eggs ,Dairy Dream Greek Style Passionfruit 4 x 115g,aldada46,$3.19,69c per 100g,https://www.aldi.com.au/en/groceries/fresh-produce/dairy-eggs/dairy-eggs-detail/ps/p/dairy-dream-greek-style-passionfruit-4-x-125g-1/,https://www.aldi.com.au/fileadmin/fm-dam/Products/Groceries/Fresh_Produce/Dairy_Eggs/Products/ALN2364_AWARDS_DAIRY_1x1_228x128_2.jpg,2020-09-20 19:33:43,null,null,null,true
47, ALDI Australia,Dairy & Eggs ,Brooklea Joi Deluxe Yogurt Classics 6 x 150g,aldabr47,$3.49,39c per 100g,https://www.aldi.com.au/en/groceries/fresh-produce/dairy-eggs/dairy-eggs-detail/ps/p/brooklea-joi-deluxe-yogurt-classics-6-x-150g/,https://www.aldi.com.au/fileadmin/fm-dam/Products/Groceries/Award_Winning_Products/Dairy/2020/Q2/ALN2745_Q2_WEB_AUDIT__DAIRY__1x1_228x128_3.jpg,2020-09-20 19:33:43,null,null,null,true
48, ALDI Australia,Dairy & Eggs ,Brooklea Yogurt Squishies 70g,aldabr48,0.69,99c per 100g,https://www.aldi.com.au/en/groceries/fresh-produce/dairy-eggs/dairy-eggs-detail/ps/p/brooklea-yogurt-squishies-70g-1/,https://www.aldi.com.au/fileadmin/fm-dam/Products/Groceries/Award_Winning_Products/Dairy/2020/Q2/ALN2745_Q2_WEB_AUDIT__DAIRY__1x1_228x128_1.jpg,2020-09-20 19:33:43,null,null,null,true
49, ALDI Australia,Dairy & Eggs ,Brooklea Stampede Chocolate Dairy Snack 12 x 100g,aldabr49,$4.29,36c per 100g,https://www.aldi.com.au/en/groceries/fresh-produce/dairy-eggs/dairy-eggs-detail/ps/p/brooklea-stampede-chocolate-12-x-100g-2/,https://www.aldi.com.au/fileadmin/fm-dam/Products/Groceries/Fresh_Produce/Dairy_Eggs/Products/ALN2364_AWARDS_DAIRY_1x1_228x128_35.jpg,2020-09-20 19:33:43,null,null,null,true
50, ALDI Australia,Dairy & Eggs ,Food Envy Chocolate Mousse 2 x 62g,aldafo50,$2.29,$1.85 per 100g,https://www.aldi.com.au/en/groceries/fresh-produce/dairy-eggs/dairy-eggs-detail/ps/p/food-envy-chocolate-mousse-2-x-62g/,https://www.aldi.com.au/fileadmin/fm-dam/Products/Groceries/dairy/2020/ALN2670_Q1_WEB_AUDIT__DAIRY_EGGS__1x1_228x128_2.jpg,2020-09-20 19:33:43,null,null,null,true
51, ALDI Australia,Dairy & Eggs ,Food Envy Chocolate Mousse with Salted Caramel 2 x 62g,aldafo51,$2.29,$1.85 per 100g,https://www.aldi.com.au/en/groceries/fresh-produce/dairy-eggs/dairy-eggs-detail/ps/p/food-envy-chocolate-mousse-with-salted-caramel-2-x/,https://www.aldi.com.au/fileadmin/fm-dam/Products/Groceries/dairy/2020/ALN2670_Q1_WEB_AUDIT__DAIRY_EGGS__1x1_228x128_3.jpg,2020-09-20 19:33:43,null,null,null,true
52, ALDI Australia,Dairy & Eggs ,Food Envy Crème Caramel 2 x 150g,aldafo52,$1.99,66c per 100g,https://www.aldi.com.au/en/groceries/fresh-produce/dairy-eggs/dairy-eggs-detail/ps/p/food-envy-creme-caramel-2-x-150g-1/,https://www.aldi.com.au/fileadmin/fm-dam/Products/Groceries/dairy/2020/ALN2670_Q1_WEB_AUDIT__DAIRY_EGGS__1x1_228x128_4.jpg,2020-09-20 19:33:43,null,null,null,true
53, ALDI Australia,Dairy & Eggs ,Brooklea Vanilla Custard 1kg,aldabr53,$2.99,30c per 100g,https://www.aldi.com.au/en/groceries/fresh-produce/dairy-eggs/dairy-eggs-detail/ps/p/brooklea-vanilla-custard-1kg-1/,https://www.aldi.com.au/fileadmin/fm-dam/Products/Groceries/Fresh_Produce/Dairy_Eggs/Products/ALN2364_AWARDS_DAIRY_1x1_228x128_19.jpg,2020-09-20 19:33:43,null,null,null,true
