supermarket,category,productname,price,baseprice,generalurl,imageurl,viewdate
 ALDI Australia,Chocolate ,Choceur Caramel Filled Milk Chocolate Block 200g,$2.99,$1.50 per 100g,https://www.aldi.com.au/en/groceries/pantry/chocolate/chocolate-detail/ps/p/choceur-caramel-filled-milk-chocolate-block-200g/,https://www.aldi.com.au/fileadmin/fm-dam/Products/Groceries/chocolate/ALN2460_Q3_WEB_AUDIT_Chocolate__1x1_228x128_3.jpg,2020-09-09 17:25:43
 ALDI Australia,Chocolate ,Choceur Milk & White Chocolate Block 200g,$2.99,$1.50 per 100g,https://www.aldi.com.au/en/groceries/pantry/chocolate/chocolate-detail/ps/p/choceur-milk-white-chocolate-block-200g/,https://www.aldi.com.au/fileadmin/fm-dam/Products/Groceries/chocolate/ALN2460_Q3_WEB_AUDIT_Chocolate__1x1_228x128_4.jpg,2020-09-09 17:25:43
 ALDI Australia,Chocolate ,Choceur Salted Pretzel Chocolate Block 200g,$2.99,$1.50 per 100g,https://www.aldi.com.au/en/groceries/pantry/chocolate/chocolate-detail/ps/p/choceur-salted-pretzel-chocolate-block-200g/,https://www.aldi.com.au/fileadmin/fm-dam/Products/Groceries/chocolate/ALN2460_Q3_WEB_AUDIT_Chocolate__1x1_228x128_5.jpg,2020-09-09 17:25:43
 ALDI Australia,Chocolate ,Choceur Coffee & Cream Chocolate Block 200g,$2.99,$1.50 per 100g,https://www.aldi.com.au/en/groceries/pantry/chocolate/chocolate-detail/ps/p/choceur-coffee-cream-chocolate-block-200g/,https://www.aldi.com.au/fileadmin/fm-dam/Products/Groceries/chocolate/ALN1075_1x1_CHOCOLATE_228x128_3.jpg,2020-09-09 17:25:43
 ALDI Australia,Chocolate ,Choceur Milk Hazelnut Chocolate Block 200g,$2.99,$1.50 per 100g,https://www.aldi.com.au/en/groceries/pantry/chocolate/chocolate-detail/ps/p/choceur-milk-hazelnut-chocolate-block-200g/,https://www.aldi.com.au/fileadmin/fm-dam/Products/Groceries/chocolate/ALN1075_1x1_CHOCOLATE_228x128_.jpg,2020-09-09 17:25:43
 ALDI Australia,Chocolate ,Choceur Dark Hazelnut Chocolate Block 200g,$2.99,$1.50 per 100g,https://www.aldi.com.au/en/groceries/pantry/chocolate/chocolate-detail/ps/p/choceur-dark-hazelnut-chocolate-block-200g/,https://www.aldi.com.au/fileadmin/fm-dam/Products/Groceries/chocolate/2016_Chocolate_Products/ALC7929_Choceur_Range_1x1_228x128_2.jpg,2020-09-09 17:25:43
 ALDI Australia,Chocolate ,Choceur Fruit & Nut Chocolate Block 200g,$2.99,$1.50 per 100g,https://www.aldi.com.au/en/groceries/pantry/chocolate/chocolate-detail/ps/p/choceur-fruit-nut-chocolate-block-200g/,https://www.aldi.com.au/fileadmin/fm-dam/Products/Groceries/chocolate/2016_Chocolate_Products/ALC7929_Choceur_Range_1x1_228x128_4.jpg,2020-09-09 17:25:43
 ALDI Australia,Chocolate ,Choceur White Chocolate Block 200g,$2.99,$1.50 per 100g,https://www.aldi.com.au/en/groceries/pantry/chocolate/chocolate-detail/ps/p/choceur-white-chocolate-block-200g/,https://www.aldi.com.au/fileadmin/fm-dam/Products/Groceries/chocolate/2016_Chocolate_Products/ALC7929_Choceur_Range_1x1_228x128_7.jpg,2020-09-09 17:25:43
 ALDI Australia,Chocolate ,Choceur Rum Raisin & Nut Chocolate Block 200g,$2.99,$1.50 per 100g,https://www.aldi.com.au/en/groceries/pantry/chocolate/chocolate-detail/ps/p/choceur-rum-raisin-nut-chocolate-block-200g/,https://www.aldi.com.au/fileadmin/fm-dam/Products/Groceries/chocolate/2016_Chocolate_Products/ALC7929_Choceur_Range_1x1_228x128_5.jpg,2020-09-09 17:25:43
 ALDI Australia,Chocolate ,Choceur Milk Chocolate Block 200g,$1.99,$1.00 per 100g,https://www.aldi.com.au/en/groceries/pantry/chocolate/chocolate-detail/ps/p/choceur-milk-block-chocolate-200g/,https://www.aldi.com.au/fileadmin/fm-dam/Products/Groceries/chocolate/2016_Chocolate_Products/ALC7929_Choceur_Range_1x1_228x128_16.jpg,2020-09-09 17:25:43
 ALDI Australia,Chocolate ,Choceur Dark Chocolate Block 200g,$2.99,$1.50 per 100g,https://www.aldi.com.au/en/groceries/pantry/chocolate/chocolate-detail/ps/p/choceur-dark-block-chocolate-200g/,https://www.aldi.com.au/fileadmin/fm-dam/Products/Groceries/chocolate/2016_Chocolate_Products/ALC7929_Choceur_Range_1x1_228x128_15.jpg,2020-09-09 17:25:43
 ALDI Australia,Chocolate ,Choceur Milk Almond Chocolate Block 200g,$2.99,$1.50 per 100g,https://www.aldi.com.au/en/groceries/pantry/chocolate/chocolate-detail/ps/p/choceur-milk-almond-chocolate-block-200g/,https://www.aldi.com.au/fileadmin/fm-dam/Products/Groceries/chocolate/2016_Chocolate_Products/ALC7929_Choceur_Range_1x1_228x128_.jpg,2020-09-09 17:25:43
 ALDI Australia,Chocolate ,Choceur Dark Almond Chocolate Block 200g,$2.99,$1.50 per 100g,https://www.aldi.com.au/en/groceries/pantry/chocolate/chocolate-detail/ps/p/choceur-dark-almond-chocolate-block-200g/,https://www.aldi.com.au/fileadmin/fm-dam/Products/Groceries/chocolate/ALN1075_1x1_CHOCOLATE_228x128_9.jpg,2020-09-09 17:25:43
 ALDI Australia,Chocolate ,Hazelnut Crème Mini Chocolate Bars 5 x 40g,$2.99,$1.50 per 100g,https://www.aldi.com.au/en/groceries/pantry/chocolate/chocolate-detail/ps/p/hazelnut-creme-mini-chocolate-bars-5-x-40g/,https://www.aldi.com.au/fileadmin/fm-dam/Products/Groceries/chocolate/ALN1075_1x1_CHOCOLATE_228x128_6.jpg,2020-09-09 17:25:43
 ALDI Australia,Chocolate ,Milk Mini Chocolate Bars 5 x 40g,$2.99,$1.50 per 100g,https://www.aldi.com.au/en/groceries/pantry/chocolate/chocolate-detail/ps/p/milk-mini-chocolate-bars-5-x-40g/,https://www.aldi.com.au/fileadmin/fm-dam/Products/Groceries/chocolate/2016_Chocolate_Products/ALC7929_Choceur_Range_1x1_228x128_9.jpg,2020-09-09 17:25:43
 ALDI Australia,Chocolate ,Dark Mini Chocolate Bars 5 x 40g,$2.99,$1.50 per 100g,https://www.aldi.com.au/en/groceries/pantry/chocolate/chocolate-detail/ps/p/dark-mini-chocolate-bars-5-x-40g/,https://www.aldi.com.au/fileadmin/fm-dam/Products/Groceries/chocolate/2016_Chocolate_Products/ALC7929_Choceur_Range_1x1_228x128_10.jpg,2020-09-09 17:25:43
 ALDI Australia,Chocolate ,White Mini Chocolate Bars 5 x 40g,$2.99,$1.50 per 100g,https://www.aldi.com.au/en/groceries/pantry/chocolate/chocolate-detail/ps/p/white-mini-chocolate-bars-5-x-40g/,https://www.aldi.com.au/fileadmin/fm-dam/Products/Groceries/chocolate/2016_Chocolate_Products/ALC7929_Choceur_Range_1x1_228x128_11.jpg,2020-09-09 17:25:43
 ALDI Australia,Chocolate ,Hazelnut Mini Chocolate Bars 5 x 40g,$2.99,$1.50 per 100g,https://www.aldi.com.au/en/groceries/pantry/chocolate/chocolate-detail/ps/p/hazelnut-mini-chocolate-bars-5-x-40g/,https://www.aldi.com.au/fileadmin/fm-dam/Products/Groceries/chocolate/ALN1075_1x1_CHOCOLATE_228x128_2.jpg,2020-09-09 17:25:43
 ALDI Australia,Chocolate ,Marzipan Mini Chocolate Bars 5 x 40g,$2.99,$1.50 per 100g,https://www.aldi.com.au/en/groceries/pantry/chocolate/chocolate-detail/ps/p/marzipan-mini-chocolate-bars-5-x-40g/,https://www.aldi.com.au/fileadmin/fm-dam/Products/Groceries/chocolate/2016_Chocolate_Products/ALC7929_Choceur_Range_1x1_228x128_13.jpg,2020-09-09 17:25:43
 ALDI Australia,Chocolate ,White Crisp Mini Chocolate Bars 5 x 40g,$2.99,$1.50 per 100g,https://www.aldi.com.au/en/groceries/pantry/chocolate/chocolate-detail/ps/p/white-crisp-mini-chocolate-bars-5-x-40g/,https://www.aldi.com.au/fileadmin/fm-dam/Products/Groceries/chocolate/2016_Chocolate_Products/ALC7929_Choceur_Range_1x1_228x128_12.jpg,2020-09-09 17:25:43
 ALDI Australia,Chocolate ,Choceur Mountain Bar 100g,$1.99,$1.99 per 100g,https://www.aldi.com.au/en/groceries/pantry/chocolate/chocolate-detail/ps/p/choceur-mountain-bar-100g/,https://www.aldi.com.au/fileadmin/fm-dam/Products/Groceries/chocolate/2019/Q1/ALN2230_Q1_CHOCOLATE_1x1_228x128_.jpg,2020-09-09 17:25:43
