id,supermarket,category,product_name,product_id,price,cup_price,product_url,img_url,viewed_date,ratings,rating_count,product_specials,available_in_stock
ebb4d735-2900-43ba-9fe3-db5d8c96d164,Woolworths Supermarket,Baby,Baby Bellies Organic Puffs Carrot 12g,790107,$1.70,$14.17 / 100G,https://www.woolworths.com.au/shop/productdetails/790107/baby-bellies-organic-puffs-carrot,https://cdn0.woolworths.media/content/wowproductimages/medium/790107.jpg,2020-09-20 19:49:44,,0,Was $2.00 9/04/2018,True
1ce5a215-a2c8-40c9-9180-d7d5e989a4d2,Woolworths Supermarket,Baby,Baby Bellies Organic Puffs Blueberry 12g,790094,$1.70,$14.17 / 100G,https://www.woolworths.com.au/shop/productdetails/790094/baby-bellies-organic-puffs-blueberry,https://cdn0.woolworths.media/content/wowproductimages/medium/790094.jpg,2020-09-20 19:49:44,,0,Was $2.00 9/04/2018,True
6f7fa3a4-629d-445d-8f1d-17b18b4363fd,Woolworths Supermarket,Baby,Baby Bellies Organic Softcorn Berry & Apple 8g,627742,$1.70,$21.25 / 100G,https://www.woolworths.com.au/shop/productdetails/627742/baby-bellies-organic-softcorn-berry-apple,https://cdn0.woolworths.media/content/wowproductimages/medium/627742.jpg,2020-09-20 19:49:44,,0,Was $2.00 9/04/2018,True
dc7886f5-33bc-44d8-8765-61cc43e61268,Woolworths Supermarket,Baby,Little One's Baby Wipes 480 pack,961134,$10.00,$2.08 / 100EA,https://www.woolworths.com.au/shop/productdetails/961134/little-one-s-baby-wipes,https://cdn0.woolworths.media/content/wowproductimages/medium/961134.jpg,2020-09-20 19:49:44,,0,,True
d1a27a64-0f22-4642-95a2-9a8a9d6fd478,Woolworths Supermarket,Baby,Baby Mum Mum Snack Banana Rice Rusk 18 pack,379237,$3.00,$8.33 / 100G,https://www.woolworths.com.au/shop/productdetails/379237/baby-mum-mum-snack-banana-rice-rusk,https://cdn0.woolworths.media/content/wowproductimages/medium/379237.jpg,2020-09-20 19:49:44,,0,3 for $7.50 $6.94/100G,True
31c6d840-e588-41bb-9faa-8ff290faee10,Woolworths Supermarket,Baby,Little One's Nappy Bags Odour Neutralising 200 pack,573517,$3.20,$1.60 / 100EA,https://www.woolworths.com.au/shop/productdetails/573517/little-one-s-nappy-bags-odour-neutralising,https://cdn0.woolworths.media/content/wowproductimages/medium/573517.jpg,2020-09-20 19:49:44,Average product rating out of 5: 4.6. Product score is based on 310 ratings,310,Was $3.50 20/01/2020,True
ae3f2c0a-9d1b-4c15-a8c4-b0362d57e85f,Woolworths Supermarket,Baby,Baby Bellies Organic Softcorn Banana 8g,627754,$1.70,$21.25 / 100G,https://www.woolworths.com.au/shop/productdetails/627754/baby-bellies-organic-softcorn-banana,https://cdn0.woolworths.media/content/wowproductimages/medium/627754.jpg,2020-09-20 19:49:44,,0,Was $2.00 9/04/2018,True
9e2b1d78-38ef-4f33-b590-1a2bdb631888,Woolworths Supermarket,Baby,Baby Mum Mum Snack Vegetable Rice Rusk 36g,323375,$3.00,$8.33 / 100G,https://www.woolworths.com.au/shop/productdetails/323375/baby-mum-mum-snack-vegetable-rice-rusk,https://cdn0.woolworths.media/content/wowproductimages/medium/323375.jpg,2020-09-20 19:49:44,,0,3 for $7.50 $6.94/100G,True
9100c2aa-f134-461f-9504-ecec95ff89dc,Woolworths Supermarket,Baby,Baby Bellies Organic Round-a-bouts Sweetcorn 12g,839243,$1.70,$14.17 / 100G,https://www.woolworths.com.au/shop/productdetails/839243/baby-bellies-organic-round-a-bouts-sweetcorn,https://cdn0.woolworths.media/content/wowproductimages/medium/839243.jpg,2020-09-20 19:49:44,,0,Was $2.00 9/04/2018,True
e4b7c40a-02f6-435b-b6d7-9e1ed9e28f97,Woolworths Supermarket,Baby,Kiddylicious Veggie Straws 12g,056227,$1.80,$15.00 / 100G,https://www.woolworths.com.au/shop/productdetails/56227/kiddylicious-veggie-straws,https://cdn0.woolworths.media/content/wowproductimages/medium/056227.jpg,2020-09-20 19:49:44,,0,,True
af1bbeaf-6c73-46e7-9736-ccc2f76362d1,Woolworths Supermarket,Baby,Johnson's Baby Pure Cotton Buds 60 pack,032355,$3.20,$5.33 / 100EA,https://www.woolworths.com.au/shop/productdetails/32355/johnson-s-baby-pure-cotton-buds,https://cdn0.woolworths.media/content/wowproductimages/medium/032355.jpg,2020-09-20 19:49:44,,0,,True
60147ac5-7273-4529-aa35-7969ec87a672,Woolworths Supermarket,Baby,Woolworths Smiling Tums 6 Months+ Apple & Banana With Oats 120g,669671,$1.00,$0.83 / 100G,https://www.woolworths.com.au/shop/productdetails/669671/woolworths-smiling-tums-6-months-apple-banana-with-oats,https://cdn0.woolworths.media/content/wowproductimages/medium/669671.jpg,2020-09-20 19:49:44,Average product rating out of 5: 4.2. Product score is based on 441 ratings,441,,True
96537da9-3404-4aee-a423-3783e61544ea,Woolworths Supermarket,Baby,Baby Bellies Organic Strawberry Pick-up Sticks 16g,059516,$3.50,$21.88 / 100G,https://www.woolworths.com.au/shop/productdetails/59516/baby-bellies-organic-strawberry-pick-up-sticks,https://cdn0.woolworths.media/content/wowproductimages/medium/059516.jpg,2020-09-20 19:49:44,,0,,True
9bfa9d59-961e-4f32-8084-34360d9317de,Woolworths Supermarket,Baby,Sudocrem Tube 30g,341157,$4.00,$13.33 / 100G,https://www.woolworths.com.au/shop/productdetails/341157/sudocrem-tube,https://cdn0.woolworths.media/content/wowproductimages/medium/341157.jpg,2020-09-20 19:49:44,,0,,True
ca4deeae-fdef-46a5-a614-57d229fafba7,Woolworths Supermarket,Baby,Only Organic 6 Months+ Banana Blueberry & Quinoa 120g,765211,$2.00,$1.67 / 100G,https://www.woolworths.com.au/shop/productdetails/765211/only-organic-6-months-banana-blueberry-quinoa,https://cdn0.woolworths.media/content/wowproductimages/medium/765211.jpg,2020-09-20 19:49:44,,0,4 for $6.00 $1.25/100G,True
629e45d8-7235-48ad-a278-0a7848ec8dc9,Woolworths Supermarket,Baby,Rafferty's Garden Food 4 Months+ Pear & Superberries 120g,709604,$1.65,$1.38 / 100G,https://www.woolworths.com.au/shop/productdetails/709604/rafferty-s-garden-food-4-months-pear-superberries,https://cdn0.woolworths.media/content/wowproductimages/medium/709604.jpg,2020-09-20 19:49:44,,0,Was $2.00 16/06/2016,True
0d394bfc-fd13-48a1-b751-8a7f0d3849f8,Woolworths Supermarket,Baby,Rafferty's Garden Blueberry Sticks 15g,092208,$1.90,$12.67 / 100G,https://www.woolworths.com.au/shop/productdetails/92208/rafferty-s-garden-blueberry-sticks,https://cdn0.woolworths.media/content/wowproductimages/medium/092208.jpg,2020-09-20 19:49:44,,0,,True
11cfb43b-a18e-4e94-981b-3d5067b5cacb,Woolworths Supermarket,Baby,"Rafferty's Garden Food 4 Months+ Blueberries, Banana & Apple 120g",291277,$1.65,$1.38 / 100G,https://www.woolworths.com.au/shop/productdetails/291277/rafferty-s-garden-food-4-months-blueberries-banana-apple,https://cdn0.woolworths.media/content/wowproductimages/medium/291277.jpg,2020-09-20 19:49:44,,0,Was $2.00 16/06/2016,True
c60147ab-fc03-4dcb-8dbf-86ccf879eead,Woolworths Supermarket,Baby,"Rafferty's Garden Food 4 Months+ Banana, Pear & Mango 120g",291278,$1.65,$1.38 / 100G,https://www.woolworths.com.au/shop/productdetails/291278/rafferty-s-garden-food-4-months-banana-pear-mango,https://cdn0.woolworths.media/content/wowproductimages/medium/291278.jpg,2020-09-20 19:49:44,,0,Was $2.00 16/06/2016,True
886f34aa-acb4-4531-aaf4-cab53d4c87f4,Woolworths Supermarket,Baby,Huggies Baby Wipes Fragrance Free 3x80 pack,640827,$11.50,$4.79 / 100EA,https://www.woolworths.com.au/shop/productdetails/640827/huggies-baby-wipes-fragrance-free,https://cdn0.woolworths.media/content/wowproductimages/medium/640827.jpg,2020-09-20 19:49:44,,0,,True
67d4ad86-63f4-4d41-b2c5-aa0a1392be27,Woolworths Supermarket,Baby,Little Bellies Organic Puffs Apple & Cinnamon 12g,414360,$1.70,$14.17 / 100G,https://www.woolworths.com.au/shop/productdetails/414360/little-bellies-organic-puffs-apple-cinnamon,https://cdn0.woolworths.media/content/wowproductimages/medium/414360.jpg,2020-09-20 19:49:44,,0,Was $2.00 9/04/2018,True
95a79182-73dc-446e-8aaa-e3ca88934d03,Woolworths Supermarket,Baby,Macro Organic 6 Months+ Pear Pea Potato & Spinach 120g,669655,$1.50,$1.25 / 100G,https://www.woolworths.com.au/shop/productdetails/669655/macro-organic-6-months-pear-pea-potato-spinach,https://cdn0.woolworths.media/content/wowproductimages/medium/669655.jpg,2020-09-20 19:49:44,Average product rating out of 5: 3.6. Product score is based on 113 ratings,113,Was $1.89 09/10/2017,True
86921978-2029-4981-be19-ba64bfb6ea06,Woolworths Supermarket,Baby,Woolworths Pear Banana & Mango 120g,669672,$1.00,$0.83 / 100G,https://www.woolworths.com.au/shop/productdetails/669672/woolworths-pear-banana-mango,https://cdn0.woolworths.media/content/wowproductimages/medium/669672.jpg,2020-09-20 19:49:44,Average product rating out of 5: 4.3. Product score is based on 336 ratings,336,,True
f0642b99-8d26-48f6-ac77-91fb5feb3fea,Woolworths Supermarket,Baby,"Rafferty's Garden Food 4 Months+ Apple, Banana & Peach 120g",709557,$1.65,$1.38 / 100G,https://www.woolworths.com.au/shop/productdetails/709557/rafferty-s-garden-food-4-months-apple-banana-peach,https://cdn0.woolworths.media/content/wowproductimages/medium/709557.jpg,2020-09-20 19:49:44,,0,Was $2.00 16/06/2016,True
a45d5722-bdd2-4e2c-a605-503088584834,Woolworths Supermarket,Baby,Baby Bellies Organic Softcorn Banana 8g,627754,$1.70,$21.25 / 100G,https://www.woolworths.com.au/shop/productdetails/627754/baby-bellies-organic-softcorn-banana,https://cdn0.woolworths.media/content/wowproductimages/medium/627754.jpg,2020-09-20 19:49:44,,0,Was $2.00 9/04/2018,True
779dcf2f-86c1-4f64-bb31-68a920086e46,Woolworths Supermarket,Baby,Huggies Ultra Dry Nappies Walker 13-18kg Girl 64pk jumbo,724643,$30.00,$0.47 / 1EA,https://www.woolworths.com.au/shop/productdetails/724643/huggies-ultra-dry-nappies-walker-13-18kg-girl,https://cdn0.woolworths.media/content/wowproductimages/medium/724643.jpg,2020-09-20 19:49:44,,0,Was $33.00 25/01/2018,True
e3521e68-2704-4f76-bc33-944fc0b3f66d,Woolworths Supermarket,Baby,"Rafferty's Garden Food 4 Months+ Blueberries, Banana & Apple 120g",291277,$1.65,$1.38 / 100G,https://www.woolworths.com.au/shop/productdetails/291277/rafferty-s-garden-food-4-months-blueberries-banana-apple,https://cdn0.woolworths.media/content/wowproductimages/medium/291277.jpg,2020-09-20 19:49:44,,0,Was $2.00 16/06/2016,True
64dc3d22-2b32-4991-95ff-5fba28c01e69,Woolworths Supermarket,Baby,Rafferty's Garden Food 4 Months+ Pear & Superberries 120g,709604,$1.65,$1.38 / 100G,https://www.woolworths.com.au/shop/productdetails/709604/rafferty-s-garden-food-4-months-pear-superberries,https://cdn0.woolworths.media/content/wowproductimages/medium/709604.jpg,2020-09-20 19:49:44,,0,Was $2.00 16/06/2016,True
90a686db-0e4e-4490-b88c-3e0dffc0144c,Woolworths Supermarket,Baby,S-26 Original Alula Progress 6 - 12 Months 900g,654818,$17.00,$1.89 / 100G,https://www.woolworths.com.au/shop/productdetails/654818/s-26-original-alula-progress-6-12-months,https://cdn0.woolworths.media/content/wowproductimages/medium/654818.jpg,2020-09-20 19:49:44,,0,Was $19.25 19/03/2018,True
35b63ddc-e179-47e5-8a26-e997b098b6e2,Woolworths Supermarket,Baby,Macro Organic 6 Months+ Pumpkin Spinach Ricotta & Pasta 120g,713598,$1.50,$1.25 / 100G,https://www.woolworths.com.au/shop/productdetails/713598/macro-organic-6-months-pumpkin-spinach-ricotta-pasta,https://cdn0.woolworths.media/content/wowproductimages/medium/713598.jpg,2020-09-20 19:49:44,Average product rating out of 5: 3.9. Product score is based on 125 ratings,125,Was $1.89 09/10/2017,True
7033f407-790a-4a4e-8cb5-7095d30b0bd9,Woolworths Supermarket,Baby,Macro Organic 6 Months+ Lamb With Vegetables 120g,713593,$1.50,$1.25 / 100G,https://www.woolworths.com.au/shop/productdetails/713593/macro-organic-6-months-lamb-with-vegetables,https://cdn0.woolworths.media/content/wowproductimages/medium/713593.jpg,2020-09-20 19:49:44,Average product rating out of 5: 4.0. Product score is based on 114 ratings,114,Was $1.89 09/10/2017,True
da6ed015-6633-4643-8eaf-ccc95ae5c6b0,Woolworths Supermarket,Baby,Baby Bellies Organic Softcorn Berry & Apple 8g,627742,$1.70,$21.25 / 100G,https://www.woolworths.com.au/shop/productdetails/627742/baby-bellies-organic-softcorn-berry-apple,https://cdn0.woolworths.media/content/wowproductimages/medium/627742.jpg,2020-09-20 19:49:44,,0,Was $2.00 9/04/2018,True
eed7b848-2a1c-46ae-8a21-6219c0c13957,Woolworths Supermarket,Baby,Macro Organic 6 Months+ Beef With Vegetables & Rice 120g,713596,$1.50,$1.25 / 100G,https://www.woolworths.com.au/shop/productdetails/713596/macro-organic-6-months-beef-with-vegetables-rice,https://cdn0.woolworths.media/content/wowproductimages/medium/713596.jpg,2020-09-20 19:49:44,Average product rating out of 5: 3.9. Product score is based on 124 ratings,124,Was $1.89 09/10/2017,True
31d34127-1a35-4ed8-98f8-25801620b324,Woolworths Supermarket,Baby,S-26 Gold Alula Li 900g,654788,$21.00,$2.33 / 100G,https://www.woolworths.com.au/shop/productdetails/654788/s-26-gold-alula-li,https://cdn0.woolworths.media/content/wowproductimages/medium/654788.jpg,2020-09-20 19:49:44,,0,,True
7a787ddd-73b3-4cfa-8fd7-676221d3f65d,Woolworths Supermarket,Baby,Nestle Nan Comfort 3 Toddler 12+ Months Milk Formula Powder 800g,414762,$14.00,$1.75 / 100G,https://www.woolworths.com.au/shop/productdetails/414762/nestle-nan-comfort-3-toddler-12-months-milk-formula-powder,https://cdn0.woolworths.media/content/wowproductimages/medium/414762.jpg,2020-09-20 19:49:44,,0,Was $17.00 04/08/16,True
d4ded7ad-3bfb-4092-8566-c462ad79942c,Woolworths Supermarket,Baby,Macro Organic 6 Months+ Pear Pea Potato & Spinach 120g,669655,$1.50,$1.25 / 100G,https://www.woolworths.com.au/shop/productdetails/669655/macro-organic-6-months-pear-pea-potato-spinach,https://cdn0.woolworths.media/content/wowproductimages/medium/669655.jpg,2020-09-20 19:49:44,Average product rating out of 5: 3.6. Product score is based on 113 ratings,113,Was $1.89 09/10/2017,True
3d18b729-969e-4e53-adb8-61cecba8cc19,Woolworths Supermarket,Baby,Huggies Ultimate 99% Water Baby Wipes 64 pack,089791,$6.00,$9.38 / 100EA,https://www.woolworths.com.au/shop/productdetails/89791/huggies-ultimate-99-water-baby-wipes,https://cdn0.woolworths.media/content/wowproductimages/medium/089791.jpg,2020-09-20 19:49:44,,0,,True
f3d56f7a-40b9-4b9f-aaf3-fc6abf95e6de,Woolworths Supermarket,Baby,Babylove Nappy Pants Jumbo Walker 12-17kg 50 pack,380521,$27.00,$0.54 / 1EA,https://www.woolworths.com.au/shop/productdetails/380521/babylove-nappy-pants-jumbo-walker-12-17kg,https://cdn0.woolworths.media/content/wowproductimages/medium/380521.jpg,2020-09-20 19:49:44,,0,,True
36a05c6f-52e6-4d1b-8e05-582246312d5b,Woolworths Supermarket,Baby,Huggies Nappy Pants Walker Girl 26pk,568731,$17.00,$0.65 / 1EA,https://www.woolworths.com.au/shop/productdetails/568731/huggies-nappy-pants-walker-girl,https://cdn0.woolworths.media/content/wowproductimages/medium/568731.jpg,2020-09-20 19:49:44,,0,,True
11528db5-d93b-4846-a0b6-9c56180363b7,Woolworths Supermarket,Baby,Huggies Nappy Pants Toddler Girl 29pk,568619,$17.00,$0.59 / 1EA,https://www.woolworths.com.au/shop/productdetails/568619/huggies-nappy-pants-toddler-girl,https://cdn0.woolworths.media/content/wowproductimages/medium/568619.jpg,2020-09-20 19:49:44,,0,,True
9a6133f7-605e-4133-82a5-a1058ae2ee3e,Woolworths Supermarket,Baby,Huggies Ultimate Nappy Pants Size 5 14-18kg Boys & Girls 51 pack,089792,$30.00,$0.59 / 1EA,https://www.woolworths.com.au/shop/productdetails/89792/huggies-ultimate-nappy-pants-size-5-14-18kg-boys-girls,https://cdn0.woolworths.media/content/wowproductimages/medium/089792.jpg,2020-09-20 19:49:44,,0,,True
6302e630-cb22-4b3b-9813-a98a19952f01,Woolworths Supermarket,Baby,Aptamil Colic & Constipation Infant Formula 900g,807364,$28.00,$3.11 / 100G,https://www.woolworths.com.au/shop/productdetails/807364/aptamil-colic-constipation-infant-formula,https://cdn0.woolworths.media/content/wowproductimages/medium/807364.jpg,2020-09-20 19:49:44,,0,,True
ce91d070-178f-4298-9946-e40220bc9c20,Woolworths Supermarket,Baby,Huggies Jumbo Infant Nappies Nappies 96 pack,673364,$30.00,$0.31 / 1EA,https://www.woolworths.com.au/shop/productdetails/673364/huggies-jumbo-infant-nappies-nappies,https://cdn0.woolworths.media/content/wowproductimages/medium/673364.jpg,2020-09-20 19:49:44,,0,Was $33.00 25/01/2018,True
2f21fd13-ca8c-48e9-9780-21c5164f4ea5,Woolworths Supermarket,Baby,Huggies Ultimate Nappies Size 4 58 pack,807685,$30.00,$0.52 / 1EA,https://www.woolworths.com.au/shop/productdetails/807685/huggies-ultimate-nappies-size-4,https://cdn0.woolworths.media/content/wowproductimages/medium/807685.jpg,2020-09-20 19:49:44,,0,Was $33.00 25/01/2018,True
7f00d5f9-82b9-4394-9777-6a3bacbe204b,Woolworths Supermarket,Baby,Macro Baby Organic 6 Months+ Apple & Blueberry 120g,713590,$1.50,$1.25 / 100G,https://www.woolworths.com.au/shop/productdetails/713590/macro-baby-organic-6-months-apple-blueberry,https://cdn0.woolworths.media/content/wowproductimages/medium/713590.jpg,2020-09-20 19:49:44,Average product rating out of 5: 4.3. Product score is based on 563 ratings,563,Was $1.89 09/10/2017,True
9f4d66cc-a7ee-4c0c-ae2c-4dfd842e002b,Woolworths Supermarket,Baby,Macro Organic 6 Months+ Beef With Vegetables & Rice 120g,713596,$1.50,$1.25 / 100G,https://www.woolworths.com.au/shop/productdetails/713596/macro-organic-6-months-beef-with-vegetables-rice,https://cdn0.woolworths.media/content/wowproductimages/medium/713596.jpg,2020-09-20 19:49:44,Average product rating out of 5: 3.9. Product score is based on 124 ratings,124,Was $1.89 09/10/2017,True
9605cb86-81bd-4e25-acd0-152bbccdd5a5,Woolworths Supermarket,Baby,Sudocrem Nappy Cream Healing 125g,140756,$9.00,$7.20 / 100G,https://www.woolworths.com.au/shop/productdetails/140756/sudocrem-nappy-cream-healing,https://cdn0.woolworths.media/content/wowproductimages/medium/140756.jpg,2020-09-20 19:49:44,,0,,True
a6b969cc-b6da-4dc5-8c5b-18af3b496a3d,Woolworths Supermarket,Baby,Rafferty's Garden Snack Blueberry Banana Apple 8 pack,789941,$3.50,$2.73 / 100G,https://www.woolworths.com.au/shop/productdetails/789941/rafferty-s-garden-snack-blueberry-banana-apple,https://cdn0.woolworths.media/content/wowproductimages/medium/789941.jpg,2020-09-20 19:49:44,,0,Was $3.99 16/06/2016,True
ca68ea35-9c23-4921-82ca-54826a0ed4f5,Woolworths Supermarket,Baby,Heinz Little Kids Yoghurt Muesli Fingers Fruit Salad 6 pack,227154,$2.50,$2.78 / 100G,https://www.woolworths.com.au/shop/productdetails/227154/heinz-little-kids-yoghurt-muesli-fingers-fruit-salad,https://cdn0.woolworths.media/content/wowproductimages/medium/227154.jpg,2020-09-20 19:49:44,,0,,True
93a0287b-f92e-41d2-9887-000de2ce2e65,Woolworths Supermarket,Baby,Only Organic Pumpkin Potato & Beef 8+ Months 170g,659823,$2.00,$1.18 / 100G,https://www.woolworths.com.au/shop/productdetails/659823/only-organic-pumpkin-potato-beef-8-months,https://cdn0.woolworths.media/content/wowproductimages/medium/659823.jpg,2020-09-20 19:49:44,,0,,True
023e812d-05e7-4bc4-aedc-8204dbd409b0,Woolworths Supermarket,Baby,Only Organic Banana Biscotti 100g,839605,$3.00,$3.00 / 100G,https://www.woolworths.com.au/shop/productdetails/839605/only-organic-banana-biscotti,https://cdn0.woolworths.media/content/wowproductimages/medium/839605.jpg,2020-09-20 19:49:44,,0,,True
d9ab6d64-85a9-46c8-80a1-9d6d2a09abf8,Woolworths Supermarket,Baby,Heinz Smooth Food 6 Months Creamy Banana Porridge 110g,038745,$1.00,$0.91 / 100G,https://www.woolworths.com.au/shop/productdetails/38745/heinz-smooth-food-6-months-creamy-banana-porridge,https://cdn0.woolworths.media/content/wowproductimages/medium/038745.jpg,2020-09-20 19:49:44,,0,Was $1.35 29/06/2016,True
4774786d-7c40-478e-8ded-71dd04cc5c63,Woolworths Supermarket,Baby,Rafferty's Garden Snack Apple Fruit Bars 8 pack,335208,$3.50,$2.73 / 100G,https://www.woolworths.com.au/shop/productdetails/335208/rafferty-s-garden-snack-apple-fruit-bars,https://cdn0.woolworths.media/content/wowproductimages/medium/335208.jpg,2020-09-20 19:49:44,,0,Was $3.99 16/06/2016,True
4ae960bf-12c0-4034-8b5a-19177533c64c,Woolworths Supermarket,Baby,Tommee Tippee Fresh Food Feeder each,250651,$6.00,,https://www.woolworths.com.au/shop/productdetails/250651/tommee-tippee-fresh-food-feeder,https://cdn0.woolworths.media/content/wowproductimages/medium/250651.jpg,2020-09-20 19:49:44,,0,,True
2cba3112-67bb-4419-bfc3-d536013de566,Woolworths Supermarket,Baby,Woolworths Smiling Tums 6 Months+ Apple & Strawberry Custard 120g,669659,$1.00,$0.83 / 100G,https://www.woolworths.com.au/shop/productdetails/669659/woolworths-smiling-tums-6-months-apple-strawberry-custard,https://cdn0.woolworths.media/content/wowproductimages/medium/669659.jpg,2020-09-20 19:49:44,Average product rating out of 5: 4.3. Product score is based on 414 ratings,414,,True
86a336cd-fd3c-40b6-95aa-026d2af98497,Woolworths Supermarket,Baby,Heinz Smooth Food 6 Months Summer Fruits Gel 110g,037884,$1.00,$0.91 / 100G,https://www.woolworths.com.au/shop/productdetails/37884/heinz-smooth-food-6-months-summer-fruits-gel,https://cdn0.woolworths.media/content/wowproductimages/medium/037884.jpg,2020-09-20 19:49:44,,0,Was $1.35 29/06/2016,True
f4c395ac-0710-448e-9f99-e88822c4bd28,Woolworths Supermarket,Baby,Bonjela Pain Relief Teething Gel 15g,079384,$9.40,$62.67 / 100G,https://www.woolworths.com.au/shop/productdetails/79384/bonjela-pain-relief-teething-gel,https://cdn0.woolworths.media/content/wowproductimages/medium/079384.jpg,2020-09-20 19:49:44,,0,,True
8a872251-4906-41b8-aa17-7b4d1c097e6d,Woolworths Supermarket,Baby,Playgro Grooming Nail Care Set each,262359,$6.35,,https://www.woolworths.com.au/shop/productdetails/262359/playgro-grooming-nail-care-set,https://cdn0.woolworths.media/content/wowproductimages/medium/262359.jpg,2020-09-20 19:49:44,,0,,True
de63f5ba-5d03-49d5-ae6f-5518d289070d,Woolworths Supermarket,Baby,Rafferty's Garden Food 4 Months+ Pear & Apricot 120g,334528,$1.65,$1.38 / 100G,https://www.woolworths.com.au/shop/productdetails/334528/rafferty-s-garden-food-4-months-pear-apricot,https://cdn0.woolworths.media/content/wowproductimages/medium/334528.jpg,2020-09-20 19:49:44,,0,Was $2.00 16/06/2016,True
966be687-d3e2-4714-b003-f46df3c3ea4b,Woolworths Supermarket,Baby,Woolworths Smiling Tums 6 Months+ Apple & Banana Fruit Custard 120g,669658,$1.00,$0.83 / 100G,https://www.woolworths.com.au/shop/productdetails/669658/woolworths-smiling-tums-6-months-apple-banana-fruit-custard,https://cdn0.woolworths.media/content/wowproductimages/medium/669658.jpg,2020-09-20 19:49:44,Average product rating out of 5: 4.3. Product score is based on 412 ratings,412,,True
f6525ed4-3315-4d91-b77f-b813ad464112,Woolworths Supermarket,Baby,Only Organic Chicken Bolognese 170g,681967,$2.00,$1.18 / 100G,https://www.woolworths.com.au/shop/productdetails/681967/only-organic-chicken-bolognese,https://cdn0.woolworths.media/content/wowproductimages/medium/681967.jpg,2020-09-20 19:49:44,,0,,True
3c97c9c1-6d22-41ea-a1e0-6f7ad0d308fb,Woolworths Supermarket,Baby,Macro Baby Organic 6 Months+ Apple & Pear 120g,713568,$1.50,$1.25 / 100G,https://www.woolworths.com.au/shop/productdetails/713568/macro-baby-organic-6-months-apple-pear,https://cdn0.woolworths.media/content/wowproductimages/medium/713568.jpg,2020-09-20 19:49:44,Average product rating out of 5: 4.4. Product score is based on 590 ratings,590,Was $1.89 09/10/2017,True
6ba80b65-8cb2-4cd7-9549-8cb81186b609,Woolworths Supermarket,Baby,Little Quacker 1-3 Years Rice Biscuit Strawberry 40g,756670,$3.00,$7.50 / 100G,https://www.woolworths.com.au/shop/productdetails/756670/little-quacker-1-3-years-rice-biscuit-strawberry,https://cdn0.woolworths.media/content/wowproductimages/medium/756670.jpg,2020-09-20 19:49:44,,0,,True
d48abaa8-05fb-41b1-969d-68b1a718a8e7,Woolworths Supermarket,Baby,Heinz Lamb Pumpkin & Sweet Potato Baby Food Jar 6+ Months 170g,830513,$1.50,$0.88 / 100G,https://www.woolworths.com.au/shop/productdetails/830513/heinz-lamb-pumpkin-sweet-potato-baby-food-jar-6-months,https://cdn0.woolworths.media/content/wowproductimages/medium/830513.jpg,2020-09-20 19:49:44,,0,,True
709f321c-473a-4cf8-a2f2-86bc5b48e7b9,Woolworths Supermarket,Baby,Rafferty's Garden Pear & Prune 120g,064807,$1.65,$1.38 / 100G,https://www.woolworths.com.au/shop/productdetails/64807/rafferty-s-garden-pear-prune,https://cdn0.woolworths.media/content/wowproductimages/medium/064807.jpg,2020-09-20 19:49:44,,0,Was $2.00 16/06/2016,True
70a146cc-5aa7-4d15-b0d0-38f790813db6,Woolworths Supermarket,Baby,Heinz Smooth Food 6 Months Vanilla Custard 110g,026261,$1.00,$0.91 / 100G,https://www.woolworths.com.au/shop/productdetails/26261/heinz-smooth-food-6-months-vanilla-custard,https://cdn0.woolworths.media/content/wowproductimages/medium/026261.jpg,2020-09-20 19:49:44,,0,Was $1.35 29/06/2016,True
0ff03bed-2572-4cd8-a0a1-183f6b0f94cd,Woolworths Supermarket,Baby,Heinz Mashed Food 6 Months Apple & Blueberry Muesli 110g,107193,$1.00,$0.91 / 100G,https://www.woolworths.com.au/shop/productdetails/107193/heinz-mashed-food-6-months-apple-blueberry-muesli,https://cdn0.woolworths.media/content/wowproductimages/medium/107193.jpg,2020-09-20 19:49:44,,0,Was $1.35 29/06/2016,True
9988b00e-aa5a-4ede-aa55-6ee525eff6a4,Woolworths Supermarket,Baby,Only Organic Pasta Bolognese 170g,660268,$2.00,$1.18 / 100G,https://www.woolworths.com.au/shop/productdetails/660268/only-organic-pasta-bolognese,https://cdn0.woolworths.media/content/wowproductimages/medium/660268.jpg,2020-09-20 19:49:44,,0,,True
7c647d48-ad3a-433b-a93e-10dd3b954e36,Woolworths Supermarket,Baby,Huggies Ultra Dry Nappies Toddler 10-15kg Girl 72pk jumbo,724632,$30.00,$0.42 / 1EA,https://www.woolworths.com.au/shop/productdetails/724632/huggies-ultra-dry-nappies-toddler-10-15kg-girl,https://cdn0.woolworths.media/content/wowproductimages/medium/724632.jpg,2020-09-20 19:49:44,,0,Was $33.00 25/01/2018,True
c7a2362f-fee4-4591-b396-d640fa20c3de,Woolworths Supermarket,Baby,Babylove Sleepy Nights Overnight Pants 18-35kg 9 pack,715632,$10.00,$1.11 / 1EA,https://www.woolworths.com.au/shop/productdetails/715632/babylove-sleepy-nights-overnight-pants-18-35kg,https://cdn0.woolworths.media/content/wowproductimages/medium/715632.jpg,2020-09-20 19:49:44,,0,,True
e32be51e-8282-496d-ae6d-1090e81cd7bd,Woolworths Supermarket,Baby,Huggies Nappies Newborn Jumbo 108 pack,568518,$30.00,$0.28 / 1EA,https://www.woolworths.com.au/shop/productdetails/568518/huggies-nappies-newborn-jumbo,https://cdn0.woolworths.media/content/wowproductimages/medium/568518.jpg,2020-09-20 19:49:44,,0,Was $33.00 25/01/2018,True
937138d1-7959-4cac-a69f-3868853b0eb6,Woolworths Supermarket,Baby,Only Organic 6 Months+ Banana Blueberry & Quinoa 120g,765211,$2.00,$1.67 / 100G,https://www.woolworths.com.au/shop/productdetails/765211/only-organic-6-months-banana-blueberry-quinoa,https://cdn0.woolworths.media/content/wowproductimages/medium/765211.jpg,2020-09-20 19:49:44,,0,4 for $6.00 $1.25/100G,True
39ecff31-c329-4bea-8b7e-a11cef467a15,Woolworths Supermarket,Baby,Little One's Baby Wipes 80 pack,961095,$2.00,$2.50 / 100EA,https://www.woolworths.com.au/shop/productdetails/961095/little-one-s-baby-wipes,https://cdn0.woolworths.media/content/wowproductimages/medium/961095.jpg,2020-09-20 19:49:44,Average product rating out of 5: 4.5. Product score is based on 921 ratings,921,,True
d5277b85-a743-4763-ab17-a0e371fbc4c4,Woolworths Supermarket,Baby,Only Organic 8 Months+ Banana Raspberry & Vanilla 120g,333290,$2.00,$1.67 / 100G,https://www.woolworths.com.au/shop/productdetails/333290/only-organic-8-months-banana-raspberry-vanilla,https://cdn0.woolworths.media/content/wowproductimages/medium/333290.jpg,2020-09-20 19:49:44,,0,4 for $6.00 $1.25/100G,True
b961c4a6-b11c-4518-ada5-c83d1cda5ce4,Woolworths Supermarket,Baby,Huggies Baby Wipes Fragrance Free 3x80 pack,640827,$11.50,$4.79 / 100EA,https://www.woolworths.com.au/shop/productdetails/640827/huggies-baby-wipes-fragrance-free,https://cdn0.woolworths.media/content/wowproductimages/medium/640827.jpg,2020-09-20 19:49:44,,0,,True
0218f320-3cb0-4929-82fd-90838cb3dff0,Woolworths Supermarket,Baby,Only Organic 6 Months+ Apple Banana & Mango 120g,333288,$2.00,$1.67 / 100G,https://www.woolworths.com.au/shop/productdetails/333288/only-organic-6-months-apple-banana-mango,https://cdn0.woolworths.media/content/wowproductimages/medium/333288.jpg,2020-09-20 19:49:44,,0,4 for $6.00 $1.25/100G,True
de0a5803-9412-48d1-beeb-9e88591eb8ed,Woolworths Supermarket,Baby,Little Bellies Organic Puffs Apple & Cinnamon 12g,414360,$1.70,$14.17 / 100G,https://www.woolworths.com.au/shop/productdetails/414360/little-bellies-organic-puffs-apple-cinnamon,https://cdn0.woolworths.media/content/wowproductimages/medium/414360.jpg,2020-09-20 19:49:44,,0,Was $2.00 9/04/2018,True
076228eb-9a59-4d85-adb1-79eef0063ddc,Woolworths Supermarket,Baby,Huggies Ultra Dry Nappies Walker 13-18kg Girl 64pk jumbo,724643,$30.00,$0.47 / 1EA,https://www.woolworths.com.au/shop/productdetails/724643/huggies-ultra-dry-nappies-walker-13-18kg-girl,https://cdn0.woolworths.media/content/wowproductimages/medium/724643.jpg,2020-09-20 19:49:44,,0,Was $33.00 25/01/2018,True
935ff8a6-0d00-4ea5-9d8d-ecfa87ce0b5b,Woolworths Supermarket,Baby,Little One's Ultra Dry Nappies Walker 13-18kg Boys & Girls 44 pack,839940,$10.00,$0.23 / 1EA,https://www.woolworths.com.au/shop/productdetails/839940/little-one-s-ultra-dry-nappies-walker-13-18kg-boys-girls,https://cdn0.woolworths.media/content/wowproductimages/medium/839940.jpg,2020-09-20 19:49:44,Average product rating out of 5: 4.6. Product score is based on 366 ratings,366,Was $11.00 26/02/2018,True
468a0785-cebc-4dd6-aea4-8a2f94a6e2ee,Woolworths Supermarket,Baby,Rafferty's Garden Snack Blueberry Banana Apple 8 pack,789941,$3.50,$2.73 / 100G,https://www.woolworths.com.au/shop/productdetails/789941/rafferty-s-garden-snack-blueberry-banana-apple,https://cdn0.woolworths.media/content/wowproductimages/medium/789941.jpg,2020-09-20 19:49:44,,0,Was $3.99 16/06/2016,True
0ce96ea5-b63a-4800-aa1e-5da8e52351dd,Woolworths Supermarket,Baby,Huggies Ultra Dry Nappies Toddler 10-15kg Girl 36pk bulk,016627,$16.00,$0.44 / 1EA,https://www.woolworths.com.au/shop/productdetails/16627/huggies-ultra-dry-nappies-toddler-10-15kg-girl,https://cdn0.woolworths.media/content/wowproductimages/medium/016627.jpg,2020-09-20 19:49:44,,0,,True
501b98c0-8ca2-48dd-97ad-6be962cde3e4,Woolworths Supermarket,Baby,Little One's Baby Wipes 480 pack,961134,$10.00,$2.08 / 100EA,https://www.woolworths.com.au/shop/productdetails/961134/little-one-s-baby-wipes,https://cdn0.woolworths.media/content/wowproductimages/medium/961134.jpg,2020-09-20 19:49:44,,0,,True
f54eb062-e2b5-46a7-9932-91e7eb8183ff,Woolworths Supermarket,Baby,Curash Baby Wipes Fragrance Free 240 pack,380154,$8.80,$3.67 / 100EA,https://www.woolworths.com.au/shop/productdetails/380154/curash-baby-wipes-fragrance-free,https://cdn0.woolworths.media/content/wowproductimages/medium/380154.jpg,2020-09-20 19:49:44,,0,Was $12.99 19/05/2016,True
545fb129-2846-4b19-8929-6720235f50b0,Woolworths Supermarket,Baby,Huggies Baby Wipes Value Refill Fragrance Free 400 pack,855587,$15.00,$3.75 / 100EA,https://www.woolworths.com.au/shop/productdetails/855587/huggies-baby-wipes-value-refill-fragrance-free,https://cdn0.woolworths.media/content/wowproductimages/medium/855587.jpg,2020-09-20 19:49:44,,0,,True
44943644-7927-4f1c-bcbc-a69d279986ce,Woolworths Supermarket,Baby,Huggies Baby Wipes Fragrance Free 80 pack,020391,$4.00,$5.00 / 100EA,https://www.woolworths.com.au/shop/productdetails/20391/huggies-baby-wipes-fragrance-free,https://cdn0.woolworths.media/content/wowproductimages/medium/020391.jpg,2020-09-20 19:49:44,,0,Was $5.00 04/09/2017,True
d1c0430e-5ea8-4c84-b5c3-bd5819f38273,Woolworths Supermarket,Baby,Huggies Ultimate Nappies Size 5 52 pack,807676,$30.00,$0.58 / 1EA,https://www.woolworths.com.au/shop/productdetails/807676/huggies-ultimate-nappies-size-5,https://cdn0.woolworths.media/content/wowproductimages/medium/807676.jpg,2020-09-20 19:49:44,,0,Was $33.00 25/01/2018,True
5f443b2f-566b-48d2-8cfb-7ad8d2cfcc5f,Woolworths Supermarket,Baby,Little One's Baby Wipes Scented 80 pack,961133,$2.00,$2.50 / 100EA,https://www.woolworths.com.au/shop/productdetails/961133/little-one-s-baby-wipes-scented,https://cdn0.woolworths.media/content/wowproductimages/medium/961133.jpg,2020-09-20 19:49:44,Average product rating out of 5: 4.4. Product score is based on 544 ratings,544,,True
9da4b4d5-893e-44e1-be80-fafdd3a46584,Woolworths Supermarket,Baby,Huggies Drynites Pyjama Pants 2-4yrs Boy 11 pack,789641,$12.00,$1.09 / 1EA,https://www.woolworths.com.au/shop/productdetails/789641/huggies-drynites-pyjama-pants-2-4yrs-boy,https://cdn0.woolworths.media/content/wowproductimages/medium/789641.jpg,2020-09-20 19:49:44,,0,,True
2aa50d2e-74a8-4051-80b3-13ce0e31dc71,Woolworths Supermarket,Baby,Macro Organic 6 Months+ Lamb With Vegetables 120g,713593,$1.50,$1.25 / 100G,https://www.woolworths.com.au/shop/productdetails/713593/macro-organic-6-months-lamb-with-vegetables,https://cdn0.woolworths.media/content/wowproductimages/medium/713593.jpg,2020-09-20 19:49:44,Average product rating out of 5: 4.0. Product score is based on 114 ratings,114,Was $1.89 09/10/2017,True
615405ef-19ba-416d-af12-7c88cd25bf3a,Woolworths Supermarket,Baby,Tommee Tippee Bath Squirts 3 pack,760194,$5.50,$1.83 / 1EA,https://www.woolworths.com.au/shop/productdetails/760194/tommee-tippee-bath-squirts,https://cdn0.woolworths.media/content/wowproductimages/medium/760194.jpg,2020-09-20 19:49:44,,0,,True
3330dc69-7872-44af-8dc1-43b93f917c3e,Woolworths Supermarket,Baby,Dove Baby Shampoo Rich Moist 200ml,000680,$9.00,$4.50 / 100ML,https://www.woolworths.com.au/shop/productdetails/680/dove-baby-shampoo-rich-moist,https://cdn0.woolworths.media/content/wowproductimages/medium/000680.jpg,2020-09-20 19:49:44,,0,,True
5887e078-c5e9-45f9-bd65-84b4a4d7b3ad,Woolworths Supermarket,Baby,Dove Baby Head To Toe Wash Rich Moisture 200ml,000697,$9.00,$4.50 / 100ML,https://www.woolworths.com.au/shop/productdetails/697/dove-baby-head-to-toe-wash-rich-moisture,https://cdn0.woolworths.media/content/wowproductimages/medium/000697.jpg,2020-09-20 19:49:44,,0,,True
784c2393-0411-49b6-b74e-25fe410dd8e3,Woolworths Supermarket,Baby,Rafferty's Garden Brown Rice Bean & Pumpkin 8m 120g,063867,$1.90,$1.58 / 100G,https://www.woolworths.com.au/shop/productdetails/63867/rafferty-s-garden-brown-rice-bean-pumpkin-8m,https://cdn0.woolworths.media/content/wowproductimages/medium/063867.jpg,2020-09-20 19:49:44,,0,4 for $7.00 $1.46/100G,True
0790b45b-6170-436c-a7a3-92dbd71778b0,Woolworths Supermarket,Baby,Curash Baby Wipes Fragrance Free 240 pack,380154,$8.80,$3.67 / 100EA,https://www.woolworths.com.au/shop/productdetails/380154/curash-baby-wipes-fragrance-free,https://cdn0.woolworths.media/content/wowproductimages/medium/380154.jpg,2020-09-20 19:49:44,,0,Was $12.99 19/05/2016,True
949d56dd-d0d9-45cf-804e-7adfc78b7547,Woolworths Supermarket,Baby,Heinz Fruity Pear Jar 110g,414927,$1.00,$0.91 / 100G,https://www.woolworths.com.au/shop/productdetails/414927/heinz-fruity-pear-jar,https://cdn0.woolworths.media/content/wowproductimages/medium/414927.jpg,2020-09-20 19:49:44,,0,Was $1.35 29/06/2016,True
84678436-a6c7-4b95-ad82-13e402228318,Woolworths Supermarket,Baby,Macro Organic 6 Months+ Sweet Potato Carrot & Zucchini 120g,669654,$1.50,$1.25 / 100G,https://www.woolworths.com.au/shop/productdetails/669654/macro-organic-6-months-sweet-potato-carrot-zucchini,https://cdn0.woolworths.media/content/wowproductimages/medium/669654.jpg,2020-09-20 19:49:44,Average product rating out of 5: 4.0. Product score is based on 129 ratings,129,Was $1.89 09/10/2017,True
3d6e8f5b-09ea-4f7b-81db-f4056b727aef,Woolworths Supermarket,Baby,Heinz 8 Months+ Strawberry & Vanilla Custard 120g,790517,$1.50,$1.25 / 100G,https://www.woolworths.com.au/shop/productdetails/790517/heinz-8-months-strawberry-vanilla-custard,https://cdn0.woolworths.media/content/wowproductimages/medium/790517.jpg,2020-09-20 19:49:44,,0,,True
626c6cfd-a026-447d-b37a-b85f66e28031,Woolworths Supermarket,Baby,Little One's Baby Wipes Hand & Face 30 pack,961135,$1.60,$5.33 / 100EA,https://www.woolworths.com.au/shop/productdetails/961135/little-one-s-baby-wipes-hand-face,https://cdn0.woolworths.media/content/wowproductimages/medium/961135.jpg,2020-09-20 19:49:44,Average product rating out of 5: 4.5. Product score is based on 445 ratings,445,,True
49251139-08d3-4808-ab91-e32ce2fc34c7,Woolworths Supermarket,Baby,Only Organic Sweet Pot Lamb & Couscous 170g,053365,$2.00,$1.18 / 100G,https://www.woolworths.com.au/shop/productdetails/53365/only-organic-sweet-pot-lamb-couscous,https://cdn0.woolworths.media/content/wowproductimages/medium/053365.jpg,2020-09-20 19:49:44,,0,,True
ffebb36b-3571-47c5-b17f-c1b5eb359e1d,Woolworths Supermarket,Baby,Nestle Cerelac Baby Cereal Oats & Wheat With Prune Stage 2 200g,061860,$4.60,$2.30 / 100G,https://www.woolworths.com.au/shop/productdetails/61860/nestle-cerelac-baby-cereal-oats-wheat-with-prune-stage-2,https://cdn0.woolworths.media/content/wowproductimages/medium/061860.jpg,2020-09-20 19:49:44,,0,,True
034aaa5e-614b-49f1-bb88-26e9c522b7d7,Woolworths Supermarket,Baby,Rafferty's Garden Food 6 Months Chocolate Custard 120g,315435,$1.65,$1.38 / 100G,https://www.woolworths.com.au/shop/productdetails/315435/rafferty-s-garden-food-6-months-chocolate-custard,https://cdn0.woolworths.media/content/wowproductimages/medium/315435.jpg,2020-09-20 19:49:44,,0,Was $2.00 16/06/2016,True
dd6fc73c-3d3f-40a7-85d6-772577b4ba40,Woolworths Supermarket,Baby,Only Organic 8 Months+ Mango & Yoghurt Brekkie 120g,372450,$2.00,$1.67 / 100G,https://www.woolworths.com.au/shop/productdetails/372450/only-organic-8-months-mango-yoghurt-brekkie,https://cdn0.woolworths.media/content/wowproductimages/medium/372450.jpg,2020-09-20 19:49:44,,0,4 for $6.00 $1.25/100G,True
14d54176-2968-41cf-bc34-6d45f76ae3ab,Woolworths Supermarket,Baby,Macro Organic 6 Months+ Apple Berries & Fig With Yoghurt 120g,669657,$1.50,$1.25 / 100G,https://www.woolworths.com.au/shop/productdetails/669657/macro-organic-6-months-apple-berries-fig-with-yoghurt,https://cdn0.woolworths.media/content/wowproductimages/medium/669657.jpg,2020-09-20 19:49:44,Average product rating out of 5: 4.2. Product score is based on 559 ratings,559,Was $1.89 09/10/2017,True
37ded57e-cd2a-4fc2-8536-fc007058e226,Woolworths Supermarket,Baby,Macro Organic 6 Months+ Pumpkin Sweetcorn Potato & Carrot 120g,713592,$1.50,$1.25 / 100G,https://www.woolworths.com.au/shop/productdetails/713592/macro-organic-6-months-pumpkin-sweetcorn-potato-carrot,https://cdn0.woolworths.media/content/wowproductimages/medium/713592.jpg,2020-09-20 19:49:44,Average product rating out of 5: 4.1. Product score is based on 127 ratings,127,Was $1.89 09/10/2017,True
e6e408f0-f7e9-41cb-a499-a3e1460ca5e1,Woolworths Supermarket,Baby,Huggies Baby Wipes Fragrance Free Clutch & Go 32 pack,016842,$7.00,$21.88 / 100EA,https://www.woolworths.com.au/shop/productdetails/16842/huggies-baby-wipes-fragrance-free-clutch-go,https://cdn0.woolworths.media/content/wowproductimages/medium/016842.jpg,2020-09-20 19:49:44,,0,,True
62869fda-1485-4cb2-81c7-1c381a1d8ce7,Woolworths Supermarket,Baby,Huggies Baby Wipes Fragrance Free 80 pack,020391,$4.00,$5.00 / 100EA,https://www.woolworths.com.au/shop/productdetails/20391/huggies-baby-wipes-fragrance-free,https://cdn0.woolworths.media/content/wowproductimages/medium/020391.jpg,2020-09-20 19:49:44,,0,Was $5.00 04/09/2017,True
ef2fdebd-5cd2-4ed7-8e96-31c3f5ffc2ba,Woolworths Supermarket,Baby,Heinz Pureed Food 4 Months Fruity Apple 110g,036531,$1.00,$0.91 / 100G,https://www.woolworths.com.au/shop/productdetails/36531/heinz-pureed-food-4-months-fruity-apple,https://cdn0.woolworths.media/content/wowproductimages/medium/036531.jpg,2020-09-20 19:49:44,,0,Was $1.35 29/06/2016,True
225ed283-a433-41f4-a575-44f1250e9f44,Woolworths Supermarket,Baby,Kiddylicious Cheesy Straws 12g,056230,$1.80,$15.00 / 100G,https://www.woolworths.com.au/shop/productdetails/56230/kiddylicious-cheesy-straws,https://cdn0.woolworths.media/content/wowproductimages/medium/056230.jpg,2020-09-20 19:49:44,,0,,True
c5e5b9b1-aee4-4410-8b92-7fe29f42003a,Woolworths Supermarket,Baby,Whole Kids Organic Teething Wafers 6 pack,057507,$3.00,$2.50 / 100G,https://www.woolworths.com.au/shop/productdetails/57507/whole-kids-organic-teething-wafers,https://cdn0.woolworths.media/content/wowproductimages/medium/057507.jpg,2020-09-20 19:49:44,,0,,True
b87c36a5-12ce-4247-be8b-c0f620051911,Woolworths Supermarket,Baby,Corams Pain Relief Gripe Water 200ml,089345,$8.00,$4.00 / 100ML,https://www.woolworths.com.au/shop/productdetails/89345/corams-pain-relief-gripe-water,https://cdn0.woolworths.media/content/wowproductimages/medium/089345.jpg,2020-09-20 19:49:44,,0,,True
f7162fe2-19fd-47b5-8973-6615a314344a,Woolworths Supermarket,Baby,Johnson's Baby Wash Bedtime Bath 500ml,169285,$9.50,$1.90 / 100ML,https://www.woolworths.com.au/shop/productdetails/169285/johnson-s-baby-wash-bedtime-bath,https://cdn0.woolworths.media/content/wowproductimages/medium/169285.jpg,2020-09-20 19:49:44,,0,,True
9febc7b5-8b03-4491-b51c-491b58079803,Woolworths Supermarket,Baby,"Rafferty's Garden Food 4 Months+ Pumpkin, Apple & Sweetcorn 120g",291188,$1.65,$1.38 / 100G,https://www.woolworths.com.au/shop/productdetails/291188/rafferty-s-garden-food-4-months-pumpkin-apple-sweetcorn,https://cdn0.woolworths.media/content/wowproductimages/medium/291188.jpg,2020-09-20 19:49:44,,0,Was $2.00 16/06/2016,True
ae4eb14d-00a3-4fe5-a800-7210285ba0f6,Woolworths Supermarket,Baby,Bonds Baby Socks Sport Active Size Newborn 3 pack,352943,$10.00,$3.33 / 1EA,https://www.woolworths.com.au/shop/productdetails/352943/bonds-baby-socks-sport-active-size-newborn,https://cdn0.woolworths.media/content/wowproductimages/medium/352943.jpg,2020-09-20 19:49:44,,0,Designs may vary,True
cc7d9d8d-601f-4b84-88a2-fd8c1d1ff953,Woolworths Supermarket,Baby,Heinz Simply Food 6 Months Banana Custard 120g,362691,$1.50,$1.25 / 100G,https://www.woolworths.com.au/shop/productdetails/362691/heinz-simply-food-6-months-banana-custard,https://cdn0.woolworths.media/content/wowproductimages/medium/362691.jpg,2020-09-20 19:49:44,,0,,True
92ef43b5-2af7-4579-98c3-6dcdc85455a9,Woolworths Supermarket,Baby,Nestle Cerelac Baby Cereal Muesli With Pear Stage 3 200g,500113,$4.60,$2.30 / 100G,https://www.woolworths.com.au/shop/productdetails/500113/nestle-cerelac-baby-cereal-muesli-with-pear-stage-3,https://cdn0.woolworths.media/content/wowproductimages/medium/500113.jpg,2020-09-20 19:49:44,,0,,True
023feb89-07a0-45a7-994a-f3c9d17b7761,Woolworths Supermarket,Baby,Playgro Activity Rattle each,625698,$7.50,,https://www.woolworths.com.au/shop/productdetails/625698/playgro-activity-rattle,https://cdn0.woolworths.media/content/wowproductimages/medium/625698.jpg,2020-09-20 19:49:44,,0,,True
87b16b11-9278-465f-97c9-92b79d48003b,Woolworths Supermarket,Baby,Heinz Apple & Oatmeal Baby Food Jar 6+ Months 170g,708698,$1.50,$0.88 / 100G,https://www.woolworths.com.au/shop/productdetails/708698/heinz-apple-oatmeal-baby-food-jar-6-months,https://cdn0.woolworths.media/content/wowproductimages/medium/708698.jpg,2020-09-20 19:49:44,,0,,True
675d0d70-b88a-47e5-9bec-7d2651ca491c,Woolworths Supermarket,Baby,Huggies Baby Wipes Value Refill Fragrance Free 400 pack,855587,$15.00,$3.75 / 100EA,https://www.woolworths.com.au/shop/productdetails/855587/huggies-baby-wipes-value-refill-fragrance-free,https://cdn0.woolworths.media/content/wowproductimages/medium/855587.jpg,2020-09-20 19:49:44,,0,,True
58ba952d-2c0b-48ae-a93c-9dd62a0bfcc2,Woolworths Supermarket,Baby,Little Wishes Bottle Brush each,017194,$6.00,$6.00 / 1EA,https://www.woolworths.com.au/shop/productdetails/17194/little-wishes-bottle-brush,https://cdn0.woolworths.media/content/wowproductimages/medium/017194.jpg,2020-09-20 19:49:44,,0,,True
2352ee2f-6e95-464a-b73b-a8377daf93f8,Woolworths Supermarket,Baby,Johnson's Baby Oil 200ml,030263,$6.00,$3.00 / 100ML,https://www.woolworths.com.au/shop/productdetails/30263/johnson-s-baby-oil,https://cdn0.woolworths.media/content/wowproductimages/medium/030263.jpg,2020-09-20 19:49:44,,0,,True
86910133-e4da-4786-b325-d49aa1d4115a,Woolworths Supermarket,Baby,Baby Bellies Organic Lentil Wheels Sweet Potato & Apple 12g,059510,$1.70,$14.17 / 100G,https://www.woolworths.com.au/shop/productdetails/59510/baby-bellies-organic-lentil-wheels-sweet-potato-apple,https://cdn0.woolworths.media/content/wowproductimages/medium/059510.jpg,2020-09-20 19:49:44,,0,Was $2.00 9/04/2018,True
98bc0e6d-129f-463d-9acd-0090a87af1ee,Woolworths Supermarket,Baby,Baby Bellies Organic Lentil Wheels Beetroot & Strawberry 12g,059522,$1.70,$14.17 / 100G,https://www.woolworths.com.au/shop/productdetails/59522/baby-bellies-organic-lentil-wheels-beetroot-strawberry,https://cdn0.woolworths.media/content/wowproductimages/medium/059522.jpg,2020-09-20 19:49:44,,0,Was $2.00 9/04/2018,True
b877d4f8-2406-4411-863b-a12fba966c5e,Woolworths Supermarket,Baby,Johnson's Baby Powder 400g,078867,$4.50,$1.13 / 100G,https://www.woolworths.com.au/shop/productdetails/78867/johnson-s-baby-powder,https://cdn0.woolworths.media/content/wowproductimages/medium/078867.jpg,2020-09-20 19:49:44,,0,,True
49c5b8d0-4234-4b3f-af9d-077b56d9e50c,Woolworths Supermarket,Baby,Curash Wash Baby Care Soap Free 400ml,193296,$5.50,$1.38 / 100ML,https://www.woolworths.com.au/shop/productdetails/193296/curash-wash-baby-care-soap-free,https://cdn0.woolworths.media/content/wowproductimages/medium/193296.jpg,2020-09-20 19:49:44,,0,,True
905f3bd9-bb2c-431f-913a-5a9a4cde9f3d,Woolworths Supermarket,Baby,Bepanthen Nappy Rash Ointment 100g,203229,$9.00,$9.00 / 100G,https://www.woolworths.com.au/shop/productdetails/203229/bepanthen-nappy-rash-ointment,https://cdn0.woolworths.media/content/wowproductimages/medium/203229.jpg,2020-09-20 19:49:44,,0,,True
09c33344-efcf-492f-a5f6-e2f2a092f1c9,Woolworths Supermarket,Baby,Huggies Change Mat 48x76cm 4 pack,214209,$4.10,$1.03 / 1EA,https://www.woolworths.com.au/shop/productdetails/214209/huggies-change-mat-48x76cm,https://cdn0.woolworths.media/content/wowproductimages/medium/214209.jpg,2020-09-20 19:49:44,,0,,True
847d9b2e-0808-467f-8ecd-980fa1565c52,Woolworths Supermarket,Baby,Rafferty's Garden Food 10 Months Bolognese With Macaroni 170g,291183,$2.45,$1.44 / 100G,https://www.woolworths.com.au/shop/productdetails/291183/rafferty-s-garden-food-10-months-bolognese-with-macaroni,https://cdn0.woolworths.media/content/wowproductimages/medium/291183.jpg,2020-09-20 19:49:44,,0,,True
8962702e-875e-431c-99b4-ca15b787174f,Woolworths Supermarket,Baby,"Rafferty's Garden Food 4 Months+ Spinach, Apple, Broccoli & Pea 120g",291193,$1.65,$1.38 / 100G,https://www.woolworths.com.au/shop/productdetails/291193/rafferty-s-garden-food-4-months-spinach-apple-broccoli-pea,https://cdn0.woolworths.media/content/wowproductimages/medium/291193.jpg,2020-09-20 19:49:44,,0,Was $2.00 16/06/2016,True
5a4f758a-f1a3-46e9-abb3-cfa3d7c46671,Woolworths Supermarket,Baby,Rafferty's Garden Ifood Talian Lasagne Italian Lasagne 170g,345376,$2.45,$1.44 / 100G,https://www.woolworths.com.au/shop/productdetails/345376/rafferty-s-garden-ifood-talian-lasagne-italian-lasagne,https://cdn0.woolworths.media/content/wowproductimages/medium/345376.jpg,2020-09-20 19:49:44,,0,,True
72341fe6-1ec4-4c6c-bfa5-05a95fa2509e,Woolworths Supermarket,Baby,Nestle Cerelac Baby Cereal Rice Stage 1 200g,379228,$4.60,$2.30 / 100G,https://www.woolworths.com.au/shop/productdetails/379228/nestle-cerelac-baby-cereal-rice-stage-1,https://cdn0.woolworths.media/content/wowproductimages/medium/379228.jpg,2020-09-20 19:49:44,,0,,True
a35f07e0-7639-40c8-bf04-36afe8264b1c,Woolworths Supermarket,Baby,Curash Water Wipes 3x80pk,579156,$10.00,$4.17 / 100EA,https://www.woolworths.com.au/shop/productdetails/579156/curash-water-wipes,https://cdn0.woolworths.media/content/wowproductimages/medium/579156.jpg,2020-09-20 19:49:44,,0,,True
edc5a86e-b23d-43af-9e5b-f500055b1ab9,Woolworths Supermarket,Baby,Baby Mum Mum Organic Rice Rusk Sweet Potato & Carrot 18pk 36g,634313,$3.00,$8.33 / 100G,https://www.woolworths.com.au/shop/productdetails/634313/baby-mum-mum-organic-rice-rusk-sweet-potato-carrot,https://cdn0.woolworths.media/content/wowproductimages/medium/634313.jpg,2020-09-20 19:49:44,,0,3 for $7.50 $6.94/100G,True
dd544c5b-4070-4b46-b11b-d2fc6020119b,Woolworths Supermarket,Baby,Woolworths Smiling Tums 6 Months+ Beef & Vegetables 120g,669670,$1.00,$0.83 / 100G,https://www.woolworths.com.au/shop/productdetails/669670/woolworths-smiling-tums-6-months-beef-vegetables,https://cdn0.woolworths.media/content/wowproductimages/medium/669670.jpg,2020-09-20 19:49:44,Average product rating out of 5: 3.6. Product score is based on 324 ratings,324,,True
9fe6d1de-13a2-49f0-b96a-3770b88b0971,Woolworths Supermarket,Baby,Only Organic Mango Chicken & Coconut Rice 170g,682039,$2.00,$1.18 / 100G,https://www.woolworths.com.au/shop/productdetails/682039/only-organic-mango-chicken-coconut-rice,https://cdn0.woolworths.media/content/wowproductimages/medium/682039.jpg,2020-09-20 19:49:44,,0,,True
2f8a3f2d-9b05-41aa-9308-fcb74a6ef72d,Woolworths Supermarket,Baby,Macro Organic 6 Months+ Chicken With Sweetcorn & Pasta 120g,713599,$1.50,$1.25 / 100G,https://www.woolworths.com.au/shop/productdetails/713599/macro-organic-6-months-chicken-with-sweetcorn-pasta,https://cdn0.woolworths.media/content/wowproductimages/medium/713599.jpg,2020-09-20 19:49:44,Average product rating out of 5: 4.1. Product score is based on 527 ratings,527,Was $1.89 09/10/2017,True
beb3288e-1026-40df-ab41-dd34282d9c49,Woolworths Supermarket,Baby,Huggies Ultra Dry Nappies Toddler 10-15kg Girl 72pk jumbo,724632,$30.00,$0.42 / 1EA,https://www.woolworths.com.au/shop/productdetails/724632/huggies-ultra-dry-nappies-toddler-10-15kg-girl,https://cdn0.woolworths.media/content/wowproductimages/medium/724632.jpg,2020-09-20 19:49:44,,0,Was $33.00 25/01/2018,True
522a343f-3b5d-4fb9-bac0-fde1fb19769d,Woolworths Supermarket,Baby,Nestle Cerelac Baby Cereal Banana And Apple Stage 3 200g,838881,$4.60,$2.30 / 100G,https://www.woolworths.com.au/shop/productdetails/838881/nestle-cerelac-baby-cereal-banana-and-apple-stage-3,https://cdn0.woolworths.media/content/wowproductimages/medium/838881.jpg,2020-09-20 19:49:44,,0,,True
bf6037d2-54c6-4959-a989-02182312388e,Woolworths Supermarket,Baby,Bonds Zip Wondersuit Grey Size 000 To 2 each,858930,$13.20,,https://www.woolworths.com.au/shop/productdetails/858930/bonds-zip-wondersuit-grey-size-000-to-2,https://cdn0.woolworths.media/content/wowproductimages/medium/858930.jpg,2020-09-20 19:49:44,,0,Designs may vary,True
30b8a295-66e1-4be8-b405-39207cef5f17,Woolworths Supermarket,Baby,Baby Bellies Organic Sweet Potato Pick-up Sticks 16g,059517,$3.50,$21.88 / 100G,https://www.woolworths.com.au/shop/productdetails/59517/baby-bellies-organic-sweet-potato-pick-up-sticks,https://cdn0.woolworths.media/content/wowproductimages/medium/059517.jpg,2020-09-20 19:49:44,,0,,True
b2d87806-fee7-44a3-8540-4fcf0090482d,Woolworths Supermarket,Baby,Rafferty's Garden Beef Sweet Potato & Parsnip 8m 120g,063912,$1.90,$1.58 / 100G,https://www.woolworths.com.au/shop/productdetails/63912/rafferty-s-garden-beef-sweet-potato-parsnip-8m,https://cdn0.woolworths.media/content/wowproductimages/medium/063912.jpg,2020-09-20 19:49:44,,0,4 for $7.00 $1.46/100G,True
e668cb44-4e24-4c1a-8b1d-34389412e002,Woolworths Supermarket,Baby,Heinz Strained Food 4 Months 100% Pear & Banana 110g,088702,$1.00,$0.91 / 100G,https://www.woolworths.com.au/shop/productdetails/88702/heinz-strained-food-4-months-100-pear-banana,https://cdn0.woolworths.media/content/wowproductimages/medium/088702.jpg,2020-09-20 19:49:44,,0,Was $1.35 29/06/2016,True
ffe02a7b-fec4-4b30-94e8-2cec80a71036,Woolworths Supermarket,Baby,Huggies Ultimate 99% Water Baby Wipes 64 pack,089791,$6.00,$9.38 / 100EA,https://www.woolworths.com.au/shop/productdetails/89791/huggies-ultimate-99-water-baby-wipes,https://cdn0.woolworths.media/content/wowproductimages/medium/089791.jpg,2020-09-20 19:49:44,,0,,True
f1424e37-cd93-404b-964b-f42823e0c8ac,Woolworths Supermarket,Baby,Johnson's Baby Soap Twin Pack 95g x2 pack,136074,$2.30,$1.21 / 100G,https://www.woolworths.com.au/shop/productdetails/136074/johnson-s-baby-soap-twin-pack,https://cdn0.woolworths.media/content/wowproductimages/medium/136074.jpg,2020-09-20 19:49:44,,0,,True
e003359b-6245-4331-926f-978fc7741e19,Woolworths Supermarket,Baby,Only Organic 4 Months+ Apple Peach & Apricot 120g,322266,$2.00,$1.67 / 100G,https://www.woolworths.com.au/shop/productdetails/322266/only-organic-4-months-apple-peach-apricot,https://cdn0.woolworths.media/content/wowproductimages/medium/322266.jpg,2020-09-20 19:49:44,,0,4 for $6.00 $1.25/100G,True
fbbab49f-11de-433b-8469-56aad78a9067,Woolworths Supermarket,Baby,Jordans Cleaning Toothbrush Step By Step each,352834,$3.20,,https://www.woolworths.com.au/shop/productdetails/352834/jordans-cleaning-toothbrush-step-by-step,https://cdn0.woolworths.media/content/wowproductimages/medium/352834.jpg,2020-09-20 19:49:44,,0,Designs may vary,True
32322f74-f6c6-4047-b813-b207b7c7d4fe,Woolworths Supermarket,Baby,Thankyou. Jumbo Nappies Crawler 6-11kg 90ea,629895,$24.00,$0.27 / 1EA,https://www.woolworths.com.au/shop/productdetails/629895/thankyou-jumbo-nappies-crawler-6-11kg,https://cdn0.woolworths.media/content/wowproductimages/medium/629895.jpg,2020-09-20 19:49:44,,0,,True
7a125862-50b1-4c13-bd41-c4881a107c58,Woolworths Supermarket,Baby,Nestle Nan Comfort 2 Follow-on 6-12 Months Baby Formula Powder 800g,765301,$17.00,$2.13 / 100G,https://www.woolworths.com.au/shop/productdetails/765301/nestle-nan-comfort-2-follow-on-6-12-months-baby-formula-powder,https://cdn0.woolworths.media/content/wowproductimages/medium/765301.jpg,2020-09-20 19:49:44,,0,Was $19.99 04/08/16,True
69924471-c12d-4601-bfa1-ed692ec088f7,Woolworths Supermarket,Baby,"Heinz 8 Months+ Chicken, Vegetables & Quinoa 170g",923910,$1.50,$0.88 / 100G,https://www.woolworths.com.au/shop/productdetails/923910/heinz-8-months-chicken-vegetables-quinoa,https://cdn0.woolworths.media/content/wowproductimages/medium/923910.jpg,2020-09-20 19:49:44,,0,,True
dccccdbe-8d57-4387-8b95-e20059e2da10,Woolworths Supermarket,Baby,Curash Powder Anti Rash 100g,023197,$5.80,$5.80 / 100G,https://www.woolworths.com.au/shop/productdetails/23197/curash-powder-anti-rash,https://cdn0.woolworths.media/content/wowproductimages/medium/023197.jpg,2020-09-20 19:49:44,,0,,True
6fca3302-db5a-4c44-84f7-05aa4ffffc37,Woolworths Supermarket,Baby,Heinz Strained Food 4 Months Pumpkin Potato & Beef 110g,036533,$1.00,$0.91 / 100G,https://www.woolworths.com.au/shop/productdetails/36533/heinz-strained-food-4-months-pumpkin-potato-beef,https://cdn0.woolworths.media/content/wowproductimages/medium/036533.jpg,2020-09-20 19:49:44,,0,Was $1.35 29/06/2016,True
9646115a-723b-45a5-af50-faa91569a3e6,Woolworths Supermarket,Baby,Infacol Effective Colic Relief 50ml,091412,$12.00,$24.00 / 100ML,https://www.woolworths.com.au/shop/productdetails/91412/infacol-effective-colic-relief,https://cdn0.woolworths.media/content/wowproductimages/medium/091412.jpg,2020-09-20 19:49:44,,0,,True
d1a764b1-32b8-46f9-bf92-b8b0ceb113e0,Woolworths Supermarket,Baby,Johnson's Baby Wash Top To Toe Bath 500ml,145539,$9.50,$1.90 / 100ML,https://www.woolworths.com.au/shop/productdetails/145539/johnson-s-baby-wash-top-to-toe-bath,https://cdn0.woolworths.media/content/wowproductimages/medium/145539.jpg,2020-09-20 19:49:44,,0,,True
ab8e44c9-08a1-4142-8260-dcfa332cd8db,Woolworths Supermarket,Baby,Bonds Baby Socks Wonder Size 0-6m 3 pack,250469,$8.00,$2.67 / 1EA,https://www.woolworths.com.au/shop/productdetails/250469/bonds-baby-socks-wonder-size-0-6m,https://cdn0.woolworths.media/content/wowproductimages/medium/250469.jpg,2020-09-20 19:49:44,,0,Designs may vary,True
dabf49d4-5bad-49c6-81e7-d3a69c68939b,Woolworths Supermarket,Baby,Rafferty's Garden Food 10 Months Risoni Pasta & Garden Veg 170g,291184,$2.45,$1.44 / 100G,https://www.woolworths.com.au/shop/productdetails/291184/rafferty-s-garden-food-10-months-risoni-pasta-garden-veg,https://cdn0.woolworths.media/content/wowproductimages/medium/291184.jpg,2020-09-20 19:49:44,,0,,True
0c778eba-6c90-4e76-a291-553136cbf4c3,Woolworths Supermarket,Baby,"Rafferty's Garden Food 10 Months Chicken, Basil & Tomato Pasta 170g",291186,$2.45,$1.44 / 100G,https://www.woolworths.com.au/shop/productdetails/291186/rafferty-s-garden-food-10-months-chicken-basil-tomato-pasta,https://cdn0.woolworths.media/content/wowproductimages/medium/291186.jpg,2020-09-20 19:49:44,,0,,True
7304a6e0-bcba-4a59-9149-071c3b79dacc,Woolworths Supermarket,Baby,Gaia Baby Moisturiser 250ml,313561,$8.40,$3.36 / 100ML,https://www.woolworths.com.au/shop/productdetails/313561/gaia-baby-moisturiser,https://cdn0.woolworths.media/content/wowproductimages/medium/313561.jpg,2020-09-20 19:49:44,,0,,True
4c6ab76a-c00f-4484-adf3-566cd1be2935,Woolworths Supermarket,Baby,Rafferty's Garden Snacks Banana Milk Rusks 100g,323838,$4.00,$4.00 / 100G,https://www.woolworths.com.au/shop/productdetails/323838/rafferty-s-garden-snacks-banana-milk-rusks,https://cdn0.woolworths.media/content/wowproductimages/medium/323838.jpg,2020-09-20 19:49:44,,0,,True
3b7a0831-3d2d-416f-a50b-ed5b97fc3aee,Woolworths Supermarket,Baby,Rafferty's Garden Ready To Eat Porridge 6 Months Pear Banana & Mango 120g,498490,$1.65,$1.38 / 100G,https://www.woolworths.com.au/shop/productdetails/498490/rafferty-s-garden-ready-to-eat-porridge-6-months-pear-banana-mango,https://cdn0.woolworths.media/content/wowproductimages/medium/498490.jpg,2020-09-20 19:49:44,,0,Was $2.00 28/08/2016,True
0284170a-3add-47d8-a595-677be9e3e19a,Woolworths Supermarket,Baby,Rafferty's Garden Ready To Eat Porridge 6 Months Pear Apple & Cinnamon 120g,498493,$1.65,$1.38 / 100G,https://www.woolworths.com.au/shop/productdetails/498493/rafferty-s-garden-ready-to-eat-porridge-6-months-pear-apple-cinnamon,https://cdn0.woolworths.media/content/wowproductimages/medium/498493.jpg,2020-09-20 19:49:44,,0,Was $2.00 06/09/2016,True
e0c1d96b-5edf-4d18-a631-407939d263a1,Woolworths Supermarket,Baby,Huggies Nappies Newborn Jumbo 108 pack,568518,$30.00,$0.28 / 1EA,https://www.woolworths.com.au/shop/productdetails/568518/huggies-nappies-newborn-jumbo,https://cdn0.woolworths.media/content/wowproductimages/medium/568518.jpg,2020-09-20 19:49:44,,0,Was $33.00 25/01/2018,True
2ebd9b85-20dd-4efb-ba63-18e8af3263a6,Woolworths Supermarket,Baby,Bonds Zip Romper Boys Size 000 To 2 each,603289,$20.00,,https://www.woolworths.com.au/shop/productdetails/603289/bonds-zip-romper-boys-size-000-to-2,https://cdn0.woolworths.media/content/wowproductimages/medium/603289.jpg,2020-09-20 19:49:44,,0,Designs may vary,True
63c501cb-0edd-43df-86a3-f03d6d6ccef3,Woolworths Supermarket,Baby,Woolworths Smiling Tums 6 Months+ Apple Pea & Zucchini 120g,669675,$1.00,$0.83 / 100G,https://www.woolworths.com.au/shop/productdetails/669675/woolworths-smiling-tums-6-months-apple-pea-zucchini,https://cdn0.woolworths.media/content/wowproductimages/medium/669675.jpg,2020-09-20 19:49:44,Average product rating out of 5: 3.6. Product score is based on 330 ratings,330,,True
94743c06-888b-4af2-b5fa-b3e193567e62,Woolworths Supermarket,Baby,Bonds Baby Classic Crawler Legging Girl Size 6-12m each,694395,$11.00,$11.00 / 1EA,https://www.woolworths.com.au/shop/productdetails/694395/bonds-baby-classic-crawler-legging-girl-size-6-12m,https://cdn0.woolworths.media/content/wowproductimages/medium/694395.jpg,2020-09-20 19:49:44,,0,Designs may vary,True
4f1c877c-f8d7-4a90-badb-df375219bceb,Woolworths Supermarket,Baby,Heinz 8 Months Chicken & Vegetable Risotto 170g,708659,$1.50,$0.88 / 100G,https://www.woolworths.com.au/shop/productdetails/708659/heinz-8-months-chicken-vegetable-risotto,https://cdn0.woolworths.media/content/wowproductimages/medium/708659.jpg,2020-09-20 19:49:44,,0,,True
ce919a59-3270-470e-9553-deab6c2626b9,Woolworths Supermarket,Baby,Macro Organic 6 Months+ Pumpkin Spinach Ricotta & Pasta 120g,713598,$1.50,$1.25 / 100G,https://www.woolworths.com.au/shop/productdetails/713598/macro-organic-6-months-pumpkin-spinach-ricotta-pasta,https://cdn0.woolworths.media/content/wowproductimages/medium/713598.jpg,2020-09-20 19:49:44,Average product rating out of 5: 3.9. Product score is based on 125 ratings,125,Was $1.89 09/10/2017,True
f8d2d126-b1f8-4b34-b09d-ba1e344e56fd,Woolworths Supermarket,Baby,Curash Shampoo & Conditioner 2 In 1 400ml,714380,$5.50,$1.38 / 100ML,https://www.woolworths.com.au/shop/productdetails/714380/curash-shampoo-conditioner-2-in-1,https://cdn0.woolworths.media/content/wowproductimages/medium/714380.jpg,2020-09-20 19:49:44,,0,,True
e20a0a1c-b1fc-40d5-9ce3-c8007cf71056,Woolworths Supermarket,Baby,Heinz 8 Months+ Beef & Vegetable Casserole 170g,720985,$1.50,$0.88 / 100G,https://www.woolworths.com.au/shop/productdetails/720985/heinz-8-months-beef-vegetable-casserole,https://cdn0.woolworths.media/content/wowproductimages/medium/720985.jpg,2020-09-20 19:49:44,,0,,True
7ca6982e-b5e8-4277-b197-bd2cedb5b29c,Woolworths Supermarket,Baby,Huggies Ultra Dry Nappies Toddler 10-15kg Boy 72 pack,724631,$30.00,$0.42 / 1EA,https://www.woolworths.com.au/shop/productdetails/724631/huggies-ultra-dry-nappies-toddler-10-15kg-boy,https://cdn0.woolworths.media/content/wowproductimages/medium/724631.jpg,2020-09-20 19:49:44,,0,Was $33.00 25/01/2018,True
e0546b28-03ba-42b1-8f1e-15a49b2c9303,Woolworths Supermarket,Baby,Little Wishes Teether Water Filled 3 pack,725080,$4.50,$1.50 / 1EA,https://www.woolworths.com.au/shop/productdetails/725080/little-wishes-teether-water-filled,https://cdn0.woolworths.media/content/wowproductimages/medium/725080.jpg,2020-09-20 19:49:44,,0,,True
d922a061-4feb-4e02-b296-40a25f6f202d,Woolworths Supermarket,Baby,Macro Organic 6 Months+ Apple Banana & Blueberry Bircher Muesli 120g,749784,$1.50,$1.25 / 100G,https://www.woolworths.com.au/shop/productdetails/749784/macro-organic-6-months-apple-banana-blueberry-bircher-muesli,https://cdn0.woolworths.media/content/wowproductimages/medium/749784.jpg,2020-09-20 19:49:44,Average product rating out of 5: 4.3. Product score is based on 142 ratings,142,Was $1.89 09/10/2017,True
5e46ccbb-12d7-4d8f-906b-838d960666e2,Woolworths Supermarket,Baby,Marcalan Nipple Cream 50g,758434,$11.99,$23.98 / 100G,https://www.woolworths.com.au/shop/productdetails/758434/marcalan-nipple-cream,https://cdn0.woolworths.media/content/wowproductimages/medium/758434.jpg,2020-09-20 19:49:44,,0,,True
6d531458-5a06-4807-8d87-bea129cf879f,Woolworths Supermarket,Baby,Baby Bellies Organic Rusks Banana 4 pack,766064,$1.70,$8.50 / 100G,https://www.woolworths.com.au/shop/productdetails/766064/baby-bellies-organic-rusks-banana,https://cdn0.woolworths.media/content/wowproductimages/medium/766064.jpg,2020-09-20 19:49:44,,0,Was $2.00 9/04/2018,True
df917fc1-2445-4257-8ac8-1258287677e0,Woolworths Supermarket,Baby,Baby Bellies Organic Rusks Carrot 4 pack,766281,$1.70,$8.50 / 100G,https://www.woolworths.com.au/shop/productdetails/766281/baby-bellies-organic-rusks-carrot,https://cdn0.woolworths.media/content/wowproductimages/medium/766281.jpg,2020-09-20 19:49:44,,0,Was $2.00 9/04/2018,True
6082e56c-fabc-41a7-84d5-ca69b141a1dc,Woolworths Supermarket,Baby,Cetaphil Baby Gentle Wash & Shampoo 230ml,860684,$8.50,$3.70 / 100ML,https://www.woolworths.com.au/shop/productdetails/860684/cetaphil-baby-gentle-wash-shampoo,https://cdn0.woolworths.media/content/wowproductimages/medium/860684.jpg,2020-09-20 19:49:44,,0,,True
99383308-c4fd-4466-9352-920cf9fa8f80,Woolworths Supermarket,Baby,Little One's Baby Wipes 80 pack,961095,$2.00,$2.50 / 100EA,https://www.woolworths.com.au/shop/productdetails/961095/little-one-s-baby-wipes,https://cdn0.woolworths.media/content/wowproductimages/medium/961095.jpg,2020-09-20 19:49:44,Average product rating out of 5: 4.5. Product score is based on 921 ratings,921,,True
42f8d089-c8a3-4d2a-9e2e-0c27d0a9f0c9,Woolworths Supermarket,Baby,Playgro Grooming Brush & Comb Set Assorted 1pk,262102,$6.35,,https://www.woolworths.com.au/shop/productdetails/262102/playgro-grooming-brush-comb-set-assorted,https://cdn0.woolworths.media/content/wowproductimages/medium/262102.jpg,2020-09-20 19:49:44,,0,,True
e54b5e2e-e4cd-4c20-9a97-7cb0384e3185,Woolworths Supermarket,Baby,Curash Nappy Cream 100g,017144,$5.80,$5.80 / 100G,https://www.woolworths.com.au/shop/productdetails/17144/curash-nappy-cream,https://cdn0.woolworths.media/content/wowproductimages/medium/017144.jpg,2020-09-20 19:49:44,,0,,True
a18e4013-f383-44de-ad98-c4ba89305b1c,Woolworths Supermarket,Baby,Johnson's Baby Shampoo Original 200ml,030453,$6.00,$3.00 / 100ML,https://www.woolworths.com.au/shop/productdetails/30453/johnson-s-baby-shampoo-original,https://cdn0.woolworths.media/content/wowproductimages/medium/030453.jpg,2020-09-20 19:49:44,,0,,True
45e9c5ba-52f1-4ae4-bade-3a89387806ef,Woolworths Supermarket,Baby,Milton Anti Bacterial Tablets 30 pack,032836,$7.00,$0.23 / 1EA,https://www.woolworths.com.au/shop/productdetails/32836/milton-anti-bacterial-tablets,https://cdn0.woolworths.media/content/wowproductimages/medium/032836.jpg,2020-09-20 19:49:44,,0,,True
400c3a1b-2fe3-4c73-af65-1f011f3fe180,Woolworths Supermarket,Baby,Little Bellies Sultanas & Apricots Mix 6 pack,059521,$2.00,$2.38 / 100G,https://www.woolworths.com.au/shop/productdetails/59521/little-bellies-sultanas-apricots-mix,https://cdn0.woolworths.media/content/wowproductimages/medium/059521.jpg,2020-09-20 19:49:44,,0,,True
d751a645-c5ce-44b6-8e60-47e24ad7bfbf,Woolworths Supermarket,Baby,Only Organic Strawberry Yoghurt Rice Cakes 30g,078592,$3.50,$11.67 / 100G,https://www.woolworths.com.au/shop/productdetails/78592/only-organic-strawberry-yoghurt-rice-cakes,https://cdn0.woolworths.media/content/wowproductimages/medium/078592.jpg,2020-09-20 19:49:44,,0,,True
e8fe8448-7f62-4295-be6f-6c0e9424c8fb,Woolworths Supermarket,Baby,Little Bellies Gingerbread Men 130g,081661,$4.50,$3.46 / 100G,https://www.woolworths.com.au/shop/productdetails/81661/little-bellies-gingerbread-men,https://cdn0.woolworths.media/content/wowproductimages/medium/081661.jpg,2020-09-20 19:49:44,,0,,True
2eb3aa2a-3d86-4427-a9fc-e42b71c9d8d0,Woolworths Supermarket,Baby,Little One's Ultra Dry Nappies Newborn Up To 5kg Boys & Girls 30 pack,086173,$4.50,$0.15 / 1EA,https://www.woolworths.com.au/shop/productdetails/86173/little-one-s-ultra-dry-nappies-newborn-up-to-5kg-boys-girls,https://cdn0.woolworths.media/content/wowproductimages/medium/086173.jpg,2020-09-20 19:49:44,Average product rating out of 5: 4.3. Product score is based on 54 ratings,54,,True
ba01f486-dae3-4d03-b1ca-bf6e30cf551e,Woolworths Supermarket,Baby,Vicks Baby Balsam 100g,091549,$16.00,$16.00 / 100G,https://www.woolworths.com.au/shop/productdetails/91549/vicks-baby-balsam,https://cdn0.woolworths.media/content/wowproductimages/medium/091549.jpg,2020-09-20 19:49:44,,0,,True
18c23dbd-687c-45d1-a909-6b93a14ea115,Woolworths Supermarket,Baby,New Beginnings Disposable Bamboo Nursing Pads 60 pack,097127,$8.00,$13.33 / 100EA,https://www.woolworths.com.au/shop/productdetails/97127/new-beginnings-disposable-bamboo-nursing-pads,https://cdn0.woolworths.media/content/wowproductimages/medium/097127.jpg,2020-09-20 19:49:44,,0,,True
0e30d248-58d2-4e13-a4cc-a4ac36d8355c,Woolworths Supermarket,Baby,Johnson's Baby Conditioning Shampoo 500ml,114111,$9.50,$1.90 / 100ML,https://www.woolworths.com.au/shop/productdetails/114111/johnson-s-baby-conditioning-shampoo,https://cdn0.woolworths.media/content/wowproductimages/medium/114111.jpg,2020-09-20 19:49:44,,0,,True
caeccef2-1e81-44c0-9c3e-4c2a2e168d74,Woolworths Supermarket,Baby,Bepanthen Antiseptic Soothing Cream 100g,135704,$12.00,$12.00 / 100G,https://www.woolworths.com.au/shop/productdetails/135704/bepanthen-antiseptic-soothing-cream,https://cdn0.woolworths.media/content/wowproductimages/medium/135704.jpg,2020-09-20 19:49:44,,0,,True
85509980-a2da-43c0-b609-55662322ace6,Woolworths Supermarket,Baby,Rite Aid Nursing Pads 40pk,212873,$5.90,$0.15 / 1EA,https://www.woolworths.com.au/shop/productdetails/212873/rite-aid-nursing-pads,https://cdn0.woolworths.media/content/wowproductimages/medium/212873.jpg,2020-09-20 19:49:44,,0,,True
c4c65c19-6c3c-4df0-a82b-caf98fc664f9,Woolworths Supermarket,Baby,Johnson's Baby Bedtime Lotion 200ml,251920,$6.00,$3.00 / 100ML,https://www.woolworths.com.au/shop/productdetails/251920/johnson-s-baby-bedtime-lotion,https://cdn0.woolworths.media/content/wowproductimages/medium/251920.jpg,2020-09-20 19:49:44,,0,,True
6f3e3d9b-f1d1-4fba-9bbc-4aa13f205ce2,Woolworths Supermarket,Baby,Only Organic Snack Teething Rusks 100g,333589,$3.10,$3.10 / 100G,https://www.woolworths.com.au/shop/productdetails/333589/only-organic-snack-teething-rusks,https://cdn0.woolworths.media/content/wowproductimages/medium/333589.jpg,2020-09-20 19:49:44,,0,,True
355b16bc-df75-4028-a51d-ae535283dc26,Woolworths Supermarket,Baby,Tommee Tippee Soft Shake Toy each,351706,$7.00,,https://www.woolworths.com.au/shop/productdetails/351706/tommee-tippee-soft-shake-toy,https://cdn0.woolworths.media/content/wowproductimages/medium/351706.jpg,2020-09-20 19:49:44,,0,,True
bbc3812c-0813-423e-9387-d38451b05fc7,Woolworths Supermarket,Baby,Huggies Baby Wipes Coconut 80 pack,500427,$4.00,$5.00 / 100EA,https://www.woolworths.com.au/shop/productdetails/500427/huggies-baby-wipes-coconut,https://cdn0.woolworths.media/content/wowproductimages/medium/500427.jpg,2020-09-20 19:49:44,,0,Was $5.00 04/09/2017,True
f314e8d0-8e0a-4f83-bb15-00057f955a03,Woolworths Supermarket,Baby,Thankyou. Jumbo Nappies Toddler 10-15kg 72ea,629911,$24.00,$0.33 / 1EA,https://www.woolworths.com.au/shop/productdetails/629911/thankyou-jumbo-nappies-toddler-10-15kg,https://cdn0.woolworths.media/content/wowproductimages/medium/629911.jpg,2020-09-20 19:49:44,,0,,True
0499c264-4a77-4f08-8bcf-b66b0ebeef3d,Woolworths Supermarket,Baby,Only Organic Kumara Crt & Coco Rice 170g,660273,$2.00,$1.18 / 100G,https://www.woolworths.com.au/shop/productdetails/660273/only-organic-kumara-crt-coco-rice,https://cdn0.woolworths.media/content/wowproductimages/medium/660273.jpg,2020-09-20 19:49:44,,0,,True
297506d8-cbf3-4011-b616-5810c9d85899,Woolworths Supermarket,Baby,Little Bellies Organic Fiddlesticks Cheese & Herb 12g,682784,$1.70,$14.17 / 100G,https://www.woolworths.com.au/shop/productdetails/682784/little-bellies-organic-fiddlesticks-cheese-herb,https://cdn0.woolworths.media/content/wowproductimages/medium/682784.jpg,2020-09-20 19:49:44,,0,Was $2.00 9/04/2018,True
0fed8cfe-0fb2-4fa0-9ae4-5aed9713b98c,Woolworths Supermarket,Baby,Tommee Tippee Closer To Nature Moda Soothers 0 To 6 Months 2 pack,686728,$11.00,$5.50 / 1EA,https://www.woolworths.com.au/shop/productdetails/686728/tommee-tippee-closer-to-nature-moda-soothers-0-to-6-months,https://cdn0.woolworths.media/content/wowproductimages/medium/686728.jpg,2020-09-20 19:49:44,,0,,True
e3bc85e5-2916-406f-abbe-c5ba8bedcd8b,Woolworths Supermarket,Baby,Phillips Avent Translucent Soother 0-6 Months 2 pack,716272,$12.50,$6.25 / 1EA,https://www.woolworths.com.au/shop/productdetails/716272/phillips-avent-translucent-soother-0-6-months,https://cdn0.woolworths.media/content/wowproductimages/medium/716272.jpg,2020-09-20 19:49:44,,0,Designs may vary,True
250e1056-88ff-4f67-906b-712ab1b56fda,Woolworths Supermarket,Baby,Nestle Nan Optipro 3 Toddler 12+ Months Milk Formula Powder 800g,729811,$17.00,$2.13 / 100G,https://www.woolworths.com.au/shop/productdetails/729811/nestle-nan-optipro-3-toddler-12-months-milk-formula-powder,https://cdn0.woolworths.media/content/wowproductimages/medium/729811.jpg,2020-09-20 19:49:44,,0,,True
7a3a7643-d6f7-4ed8-9883-ff8ff0fea929,Woolworths Supermarket,Baby,Tommee Tippee Closer To Nature Night-time Soothers 6 To18 Months 2 pack,740648,$11.00,$5.50 / 1EA,https://www.woolworths.com.au/shop/productdetails/740648/tommee-tippee-closer-to-nature-night-time-soothers-6-to18-months,https://cdn0.woolworths.media/content/wowproductimages/medium/740648.jpg,2020-09-20 19:49:44,,0,Designs may vary,True
1d01f019-02d2-4175-9876-83a9e0da1583,Woolworths Supermarket,Baby,Huggies Drynites Bed Mats 7 pack,743767,$11.00,$1.57 / 1EA,https://www.woolworths.com.au/shop/productdetails/743767/huggies-drynites-bed-mats,https://cdn0.woolworths.media/content/wowproductimages/medium/743767.jpg,2020-09-20 19:49:44,,0,,True
a5a9c8be-a188-4d4b-a5cc-980bb12d336c,Woolworths Supermarket,Baby,Huggies Ultimate Nappies Size 5 52 pack,807676,$30.00,$0.58 / 1EA,https://www.woolworths.com.au/shop/productdetails/807676/huggies-ultimate-nappies-size-5,https://cdn0.woolworths.media/content/wowproductimages/medium/807676.jpg,2020-09-20 19:49:44,,0,Was $33.00 25/01/2018,True
4062d67b-d968-412f-b0d6-ca9dd5eb0174,Woolworths Supermarket,Baby,Huggies Baby Wipes Value Refill Cucumber & Aloe 400 pack,855588,$15.00,$3.75 / 100EA,https://www.woolworths.com.au/shop/productdetails/855588/huggies-baby-wipes-value-refill-cucumber-aloe,https://cdn0.woolworths.media/content/wowproductimages/medium/855588.jpg,2020-09-20 19:49:44,,0,,True
f2c7b4e7-4e94-4524-9039-1178aac77e31,Woolworths Supermarket,Baby,Cetaphil Baby Ultra Moisturising Bath & Wash each,860685,$8.50,$3.70 / 100ML,https://www.woolworths.com.au/shop/productdetails/860685/cetaphil-baby-ultra-moisturising-bath-wash,https://cdn0.woolworths.media/content/wowproductimages/medium/860685.jpg,2020-09-20 19:49:44,,0,,True
d8df03a6-2519-414e-a0a6-e39e5ba83f65,Woolworths Supermarket,Baby,Johnson's Baby Cottontouch Newborn Wash & Shampoo 500ml,880529,$10.00,$2.00 / 100ML,https://www.woolworths.com.au/shop/productdetails/880529/johnson-s-baby-cottontouch-newborn-wash-shampoo,https://cdn0.woolworths.media/content/wowproductimages/medium/880529.jpg,2020-09-20 19:49:44,,0,,True
2f2a8e86-9ff2-41f3-a88c-6b743fc7bbca,Woolworths Supermarket,Baby,Euky Bearub Eucalyptus Chest Rub 50g,894061,$8.00,$16.00 / 100G,https://www.woolworths.com.au/shop/productdetails/894061/euky-bearub-eucalyptus-chest-rub,https://cdn0.woolworths.media/content/wowproductimages/medium/894061.jpg,2020-09-20 19:49:44,,0,,True
1852f823-36a4-41a8-a0a7-c7a39e3d70e3,Woolworths Supermarket,Baby,Johnson's Bath Milk & Rice 500ml,935587,$9.50,$1.90 / 100ML,https://www.woolworths.com.au/shop/productdetails/935587/johnson-s-bath-milk-rice,https://cdn0.woolworths.media/content/wowproductimages/medium/935587.jpg,2020-09-20 19:49:44,,0,,True
0bae7273-2e31-4315-805c-3c42c26a3f16,Woolworths Supermarket,Baby,Whole Kids Organic Soft Cereal Biscuits- Spelt & Apple 120g,057508,$4.00,$3.33 / 100G,https://www.woolworths.com.au/shop/productdetails/57508/whole-kids-organic-soft-cereal-biscuits-spelt-apple,https://cdn0.woolworths.media/content/wowproductimages/medium/057508.jpg,2020-09-20 19:49:44,,0,,True
70413ba2-01e2-4e81-a14b-b77b5c6894d0,Woolworths Supermarket,Baby,Bonds Zip Wondersuit Girls Size 000 To 2 each,603304,,,https://www.woolworths.com.au/shop/productdetails/603304/bonds-zip-wondersuit-girls-size-000-to-2,https://cdn0.woolworths.media/content/wowproductimages/medium/603304.jpg,2020-09-20 19:49:44,,0,Designs may vary,False
d9e175ca-be6c-4127-a026-86323d00875c,Woolworths Supermarket,Baby,Kiddylicious Strawberry Fruity Puffs 10g,112952,$1.80,$18.00 / 100G,https://www.woolworths.com.au/shop/productdetails/112952/kiddylicious-strawberry-fruity-puffs,https://cdn0.woolworths.media/content/wowproductimages/medium/112952.jpg,2020-09-20 19:49:44,,0,,True
9a7f5cd9-e07c-47c3-8df4-e2ba425ca03c,Woolworths Supermarket,Baby,Dove Baby Lotion Rich Moist 200ml,000682,$9.00,$4.50 / 100ML,https://www.woolworths.com.au/shop/productdetails/682/dove-baby-lotion-rich-moist,https://cdn0.woolworths.media/content/wowproductimages/medium/000682.jpg,2020-09-20 19:49:44,,0,,True
cdd8e269-d298-4c77-a3c7-7041c9da3d00,Woolworths Supermarket,Baby,Dove Baby Wipes Rich Moist 50 pack,000683,$6.50,$13.00 / 100EA,https://www.woolworths.com.au/shop/productdetails/683/dove-baby-wipes-rich-moist,https://cdn0.woolworths.media/content/wowproductimages/medium/000683.jpg,2020-09-20 19:49:44,,0,,True
f89d7119-7fe0-472a-a914-02adc7df6517,Woolworths Supermarket,Baby,Aveeno Baby Dermexa Wash 236ml,000714,$17.00,$7.20 / 100ML,https://www.woolworths.com.au/shop/productdetails/714/aveeno-baby-dermexa-wash,https://cdn0.woolworths.media/content/wowproductimages/medium/000714.jpg,2020-09-20 19:49:44,,0,,True
004487dd-6658-49e6-8aa8-670bea52e661,Woolworths Supermarket,Baby,Phillips Avents Teats Silicon Medium Flow 2 pack,003868,$10.00,$5.00 / 1EA,https://www.woolworths.com.au/shop/productdetails/3868/phillips-avents-teats-silicon-medium-flow,https://cdn0.woolworths.media/content/wowproductimages/medium/003868.jpg,2020-09-20 19:49:44,,0,,True
a5095e25-dc91-4126-960c-c7b4e93542b7,Woolworths Supermarket,Baby,Earthwise Nourish Baby Bedtime Bath 275ml,004214,$8.00,$2.91 / 100ML,https://www.woolworths.com.au/shop/productdetails/4214/earthwise-nourish-baby-bedtime-bath,https://cdn0.woolworths.media/content/wowproductimages/medium/004214.jpg,2020-09-20 19:49:44,,0,,True
7f80eb0d-af15-4e6d-bcc9-90523fa5af56,Woolworths Supermarket,Baby,Phillips Avent Bottle Feeding 260ml,006198,$11.20,$11.20 / 1EA,https://www.woolworths.com.au/shop/productdetails/6198/phillips-avent-bottle-feeding,https://cdn0.woolworths.media/content/wowproductimages/medium/006198.jpg,2020-09-20 19:49:44,,0,,True
415e0697-abcf-443f-8d38-4f9a69ce24f4,Woolworths Supermarket,Baby,Aptamil Profutura Infant Formula Stage 1 900g,007209,$38.50,$4.28 / 100G,https://www.woolworths.com.au/shop/productdetails/7209/aptamil-profutura-infant-formula-stage-1,https://cdn0.woolworths.media/content/wowproductimages/medium/007209.jpg,2020-09-20 19:49:44,,0,,True
cae7ce85-4371-4748-a23b-1e96d161345a,Woolworths Supermarket,Baby,Aptamil Profutura Profutura Toddler Formula Stage 3 900g,007211,$32.50,$3.61 / 100G,https://www.woolworths.com.au/shop/productdetails/7211/aptamil-profutura-profutura-toddler-formula-stage-3,https://cdn0.woolworths.media/content/wowproductimages/medium/007211.jpg,2020-09-20 19:49:44,,0,,True
3ce58844-5b02-42f4-9210-5008c02f0e00,Woolworths Supermarket,Baby,Aptamil Profutura Profutura Supplementary Food Stage 4 900g,007283,$32.50,$3.61 / 100G,https://www.woolworths.com.au/shop/productdetails/7283/aptamil-profutura-profutura-supplementary-food-stage-4,https://cdn0.woolworths.media/content/wowproductimages/medium/007283.jpg,2020-09-20 19:49:44,,0,,True
438513f1-2d60-4fec-a437-9400ed778e7a,Woolworths Supermarket,Baby,Aptamil Gold+ 3 Pronutra Toddler Nutritional Supplement Sachets 38g x4 pack,007296,$4.00,$2.63 / 100G,https://www.woolworths.com.au/shop/productdetails/7296/aptamil-gold-3-pronutra-toddler-nutritional-supplement-sachets,https://cdn0.woolworths.media/content/wowproductimages/medium/007296.jpg,2020-09-20 19:49:44,,0,Was $6.00 03/02/2020,True
f181c922-fe1b-421a-a641-41936482918a,Woolworths Supermarket,Baby,Little Wishes Soother 0-6 Months 3 pack,015598,$6.00,$2.00 / 1EA,https://www.woolworths.com.au/shop/productdetails/15598/little-wishes-soother-0-6-months,https://cdn0.woolworths.media/content/wowproductimages/medium/015598.jpg,2020-09-20 19:49:44,,0,,True
e394c2db-cc49-4409-bf31-a7b30aa87e48,Woolworths Supermarket,Baby,Little Wishes Essentials Soother 6 To18 Months 3 pack,015599,$6.00,$2.00 / 1EA,https://www.woolworths.com.au/shop/productdetails/15599/little-wishes-essentials-soother-6-to18-months,https://cdn0.woolworths.media/content/wowproductimages/medium/015599.jpg,2020-09-20 19:49:44,,0,,True
3accf066-d0b2-46ef-8f6b-fc49428ab92f,Woolworths Supermarket,Baby,Huggies Ultra Dry Nappies Crawler 6-11kg Boy 44pk bulk,016135,$16.00,$0.36 / 1EA,https://www.woolworths.com.au/shop/productdetails/16135/huggies-ultra-dry-nappies-crawler-6-11kg-boy,https://cdn0.woolworths.media/content/wowproductimages/medium/016135.jpg,2020-09-20 19:49:44,,0,,True
9aef14f1-372b-42f9-85af-4b1504bcb87e,Woolworths Supermarket,Baby,Huggies Ultra Dry Nappies Crawler 6-11kg Girl 44pk bulk,016578,$16.00,$0.36 / 1EA,https://www.woolworths.com.au/shop/productdetails/16578/huggies-ultra-dry-nappies-crawler-6-11kg-girl,https://cdn0.woolworths.media/content/wowproductimages/medium/016578.jpg,2020-09-20 19:49:44,,0,,True
3cef29d3-74a0-4e50-8b7a-b25b8ce99c49,Woolworths Supermarket,Baby,Huggies Ultra Dry Nappies Toddler 10-15kg Boy 36pk bulk,016614,$16.00,$0.44 / 1EA,https://www.woolworths.com.au/shop/productdetails/16614/huggies-ultra-dry-nappies-toddler-10-15kg-boy,https://cdn0.woolworths.media/content/wowproductimages/medium/016614.jpg,2020-09-20 19:49:44,,0,,True
e04060c2-59a5-41f4-9926-1581bfdcc4e9,Woolworths Supermarket,Baby,Huggies Ultra Dry Nappies Toddler 10-15kg Girl 36pk bulk,016627,$16.00,$0.44 / 1EA,https://www.woolworths.com.au/shop/productdetails/16627/huggies-ultra-dry-nappies-toddler-10-15kg-girl,https://cdn0.woolworths.media/content/wowproductimages/medium/016627.jpg,2020-09-20 19:49:44,,0,,True
6d807a5d-66ae-4049-a73e-c258d805e965,Woolworths Supermarket,Baby,Huggies Ultra Dry Nappies Walker 13-18kg Boy 32pk bulk,016631,$16.00,$0.50 / 1EA,https://www.woolworths.com.au/shop/productdetails/16631/huggies-ultra-dry-nappies-walker-13-18kg-boy,https://cdn0.woolworths.media/content/wowproductimages/medium/016631.jpg,2020-09-20 19:49:44,,0,,True
370acf43-c839-463f-82ce-3b22808fbb0c,Woolworths Supermarket,Baby,Huggies Ultra Dry Nappies Walker 13-18kg Girl 32pk bulk,016635,$16.00,$0.50 / 1EA,https://www.woolworths.com.au/shop/productdetails/16635/huggies-ultra-dry-nappies-walker-13-18kg-girl,https://cdn0.woolworths.media/content/wowproductimages/medium/016635.jpg,2020-09-20 19:49:44,,0,,True
a34ac249-7421-4ca9-ade6-e1234edbb1e4,Woolworths Supermarket,Baby,Little Wishes Sippy Cup each,017053,$3.50,$3.50 / 1EA,https://www.woolworths.com.au/shop/productdetails/17053/little-wishes-sippy-cup,https://cdn0.woolworths.media/content/wowproductimages/medium/017053.jpg,2020-09-20 19:49:44,,0,,True
c01494d0-e773-4156-91ae-08d964a3d875,Woolworths Supermarket,Baby,Little Wishes Bowl With Lid 3 pack,017060,$4.00,$1.33 / 1EA,https://www.woolworths.com.au/shop/productdetails/17060/little-wishes-bowl-with-lid,https://cdn0.woolworths.media/content/wowproductimages/medium/017060.jpg,2020-09-20 19:49:44,,0,,True
abb753fd-7ba4-4e37-8ae4-cb2c0cfe5c5b,Woolworths Supermarket,Baby,Phillips Avent Bottle Feeding Twin Pack 2x260ml,017869,$20.00,$10.00 / 1EA,https://www.woolworths.com.au/shop/productdetails/17869/phillips-avent-bottle-feeding-twin-pack,https://cdn0.woolworths.media/content/wowproductimages/medium/017869.jpg,2020-09-20 19:49:44,,0,,True
046d2951-03cc-4c5d-b0e4-4e0caff61f88,Woolworths Supermarket,Baby,Karicare Stage 3 12+ Months Sachet 35.6g x4 pack,018108,$3.00,$2.11 / 100G,https://www.woolworths.com.au/shop/productdetails/18108/karicare-stage-3-12-months-sachet,https://cdn0.woolworths.media/content/wowproductimages/medium/018108.jpg,2020-09-20 19:49:44,,0,Was $4.00 03/02/2020,True
2df60a88-3b0c-45d9-b094-f3516d16c651,Woolworths Supermarket,Baby,Bubs Goat Infant Formula Stage 1 800g,023523,$34.00,$4.25 / 100G,https://www.woolworths.com.au/shop/productdetails/23523/bubs-goat-infant-formula-stage-1,https://cdn0.woolworths.media/content/wowproductimages/medium/023523.jpg,2020-09-20 19:49:44,,0,,True
0eac818d-eb1c-41e3-bf1c-874047b9dcd8,Woolworths Supermarket,Baby,Bubs Goat Stage 2 Formula Stage 2 800g,023524,$34.00,$4.25 / 100G,https://www.woolworths.com.au/shop/productdetails/23524/bubs-goat-stage-2-formula-stage-2,https://cdn0.woolworths.media/content/wowproductimages/medium/023524.jpg,2020-09-20 19:49:44,,0,,True
bf438302-5a80-43ff-b2fa-312cf37947c4,Woolworths Supermarket,Baby,Bubs Goat Stage 3 Formula Stage 3 800g,023525,$34.00,$4.25 / 100G,https://www.woolworths.com.au/shop/productdetails/23525/bubs-goat-stage-3-formula-stage-3,https://cdn0.woolworths.media/content/wowproductimages/medium/023525.jpg,2020-09-20 19:49:44,,0,,True
a83d909c-307c-48ef-b7a2-218498be8e8e,Woolworths Supermarket,Baby,Tommee Tippee Disposable Breast Pads 50 pack,023745,$9.00,$0.18 / 1EA,https://www.woolworths.com.au/shop/productdetails/23745/tommee-tippee-disposable-breast-pads,https://cdn0.woolworths.media/content/wowproductimages/medium/023745.jpg,2020-09-20 19:49:44,,0,,True
0e4fd662-22d7-41f6-80da-a52e4e847f11,Woolworths Supermarket,Baby,Amolin Baby Nappy Rash Cream 100g,031203,$5.80,$5.80 / 100G,https://www.woolworths.com.au/shop/productdetails/31203/amolin-baby-nappy-rash-cream,https://cdn0.woolworths.media/content/wowproductimages/medium/031203.jpg,2020-09-20 19:49:44,,0,Was $6.99 07/08/2017,True
73202bcb-68f0-4ec0-b88b-50ff67266b5d,Woolworths Supermarket,Baby,Only Organic Ancient Grains Risotto 170g,032934,$2.00,$1.18 / 100G,https://www.woolworths.com.au/shop/productdetails/32934/only-organic-ancient-grains-risotto,https://cdn0.woolworths.media/content/wowproductimages/medium/032934.jpg,2020-09-20 19:49:44,,0,,True
e165a1a4-948f-47f8-94da-6e23fc5a72e2,Woolworths Supermarket,Baby,Biostime Sn-2 Bio Plus Premium Organic Infant Formula Stage 1 800g,033381,$37.00,$4.63 / 100G,https://www.woolworths.com.au/shop/productdetails/33381/biostime-sn-2-bio-plus-premium-organic-infant-formula-stage-1,https://cdn0.woolworths.media/content/wowproductimages/medium/033381.jpg,2020-09-20 19:49:44,,0,,True
ec491a4d-7689-46d8-a50f-aa79700899c2,Woolworths Supermarket,Baby,Biostime Sn-2 Bio Plus Premium Organic Follow-on Formula Stage 2 800g,033527,$37.00,$4.63 / 100G,https://www.woolworths.com.au/shop/productdetails/33527/biostime-sn-2-bio-plus-premium-organic-follow-on-formula-stage-2,https://cdn0.woolworths.media/content/wowproductimages/medium/033527.jpg,2020-09-20 19:49:44,,0,,True
172898d0-5e3c-4f3b-98df-90165dcf479f,Woolworths Supermarket,Baby,Biostime Sn-2 Bio Plus Premium Organic Toddler Milk Drink Stage 3 800g,033541,$37.00,$4.63 / 100G,https://www.woolworths.com.au/shop/productdetails/33541/biostime-sn-2-bio-plus-premium-organic-toddler-milk-drink-stage-3,https://cdn0.woolworths.media/content/wowproductimages/medium/033541.jpg,2020-09-20 19:49:44,,0,,True
be8ccc35-361b-4b30-883b-339f433afcee,Woolworths Supermarket,Baby,Phillips Avent Teats 6 Months+ Fast Flow 2 pack,035625,$10.00,$5.00 / 1EA,https://www.woolworths.com.au/shop/productdetails/35625/phillips-avent-teats-6-months-fast-flow,https://cdn0.woolworths.media/content/wowproductimages/medium/035625.jpg,2020-09-20 19:49:44,,0,,True
c9de2f31-54e3-4123-912c-e2cd4706cc13,Woolworths Supermarket,Baby,Babylove Cosifit Bulk Nappies Newborn 48 pack,052151,$14.00,$0.29 / 1EA,https://www.woolworths.com.au/shop/productdetails/52151/babylove-cosifit-bulk-nappies-newborn,https://cdn0.woolworths.media/content/wowproductimages/medium/052151.jpg,2020-09-20 19:49:44,,0,,True
5e92acae-baed-45d2-abfb-0a5472395ad1,Woolworths Supermarket,Baby,Babylove Cosifit Bulk Nappies Junior 26 pack,052172,$14.00,$0.54 / 1EA,https://www.woolworths.com.au/shop/productdetails/52172/babylove-cosifit-bulk-nappies-junior,https://cdn0.woolworths.media/content/wowproductimages/medium/052172.jpg,2020-09-20 19:49:44,,0,,True
4c6064ef-39c7-4615-8987-7b2fe4ec5ea0,Woolworths Supermarket,Baby,Babylove Cosifit Bulk Nappies Walker 28 pack,052174,$14.00,$0.50 / 1EA,https://www.woolworths.com.au/shop/productdetails/52174/babylove-cosifit-bulk-nappies-walker,https://cdn0.woolworths.media/content/wowproductimages/medium/052174.jpg,2020-09-20 19:49:44,,0,,True
04db7762-fb05-4379-9bb9-c0853b88fdfe,Woolworths Supermarket,Baby,Babylove Cosifit Bulk Nappies Toddler 34 pack,052175,$14.00,$0.41 / 1EA,https://www.woolworths.com.au/shop/productdetails/52175/babylove-cosifit-bulk-nappies-toddler,https://cdn0.woolworths.media/content/wowproductimages/medium/052175.jpg,2020-09-20 19:49:44,,0,,True
a40e16fc-f6ef-4678-ab4a-adf8c8782fef,Woolworths Supermarket,Baby,Babylove Cosifit Bulk Nappies Crawler 40 pack,052177,$14.00,$0.35 / 1EA,https://www.woolworths.com.au/shop/productdetails/52177/babylove-cosifit-bulk-nappies-crawler,https://cdn0.woolworths.media/content/wowproductimages/medium/052177.jpg,2020-09-20 19:49:44,,0,,True
275d0b5f-7f8b-43a3-873f-9c9cb8e98352,Woolworths Supermarket,Baby,Babylove Cosifit Bulk Nappies Infant 44 pack,052289,$14.00,$0.32 / 1EA,https://www.woolworths.com.au/shop/productdetails/52289/babylove-cosifit-bulk-nappies-infant,https://cdn0.woolworths.media/content/wowproductimages/medium/052289.jpg,2020-09-20 19:49:44,,0,,True
6cf78d4f-8416-42bb-bb68-c7b2930cf3b3,Woolworths Supermarket,Baby,Only Organic Mango Coconut & Quinoa 120g,053366,$2.00,$1.67 / 100G,https://www.woolworths.com.au/shop/productdetails/53366/only-organic-mango-coconut-quinoa,https://cdn0.woolworths.media/content/wowproductimages/medium/053366.jpg,2020-09-20 19:49:44,,0,4 for $6.00 $1.25/100G,True
b1559125-9c87-430f-8f07-2a5e075c2339,Woolworths Supermarket,Baby,Farex Baby Food 4 Months+ Rice Cereal 125g,056893,$2.00,$1.60 / 100G,https://www.woolworths.com.au/shop/productdetails/56893/farex-baby-food-4-months-rice-cereal,https://cdn0.woolworths.media/content/wowproductimages/medium/056893.jpg,2020-09-20 19:49:44,,0,,True
4422351f-8aaa-43b4-94da-eb297fefe417,Woolworths Supermarket,Baby,Little Bellies Organic Animal Biscuits 130g,059519,$4.50,$3.46 / 100G,https://www.woolworths.com.au/shop/productdetails/59519/little-bellies-organic-animal-biscuits,https://cdn0.woolworths.media/content/wowproductimages/medium/059519.jpg,2020-09-20 19:49:44,,0,,True
0622e52a-1480-4fc0-80c0-35c2ec7f5689,Woolworths Supermarket,Baby,Leap Frog Chat & Count Smart Phone Assorted each,062333,$20.00,,https://www.woolworths.com.au/shop/productdetails/62333/leap-frog-chat-count-smart-phone-assorted,https://cdn0.woolworths.media/content/wowproductimages/medium/062333.jpg,2020-09-20 19:49:44,,0,,True
3e93c229-ba25-41d5-b2cd-a9b627e6ccec,Woolworths Supermarket,Baby,Bellamy's Organic Pumpkin Baby Rice 125g,063317,$4.20,$3.36 / 100G,https://www.woolworths.com.au/shop/productdetails/63317/bellamy-s-organic-pumpkin-baby-rice,https://cdn0.woolworths.media/content/wowproductimages/medium/063317.jpg,2020-09-20 19:49:44,,0,,True
3336fafe-699e-4dcc-b54e-6d755f79042e,Woolworths Supermarket,Baby,Rafferty's Garden Red Lentil Carrot & Sweet Potato 8m 120g,063869,$1.90,$1.58 / 100G,https://www.woolworths.com.au/shop/productdetails/63869/rafferty-s-garden-red-lentil-carrot-sweet-potato-8m,https://cdn0.woolworths.media/content/wowproductimages/medium/063869.jpg,2020-09-20 19:49:44,,0,4 for $7.00 $1.46/100G,True
5c2060c9-d980-4443-aab1-6f0dec223e4b,Woolworths Supermarket,Baby,Rafferty's Garden Chickpea Corn & Carrot 8m 120g,063892,$1.90,$1.58 / 100G,https://www.woolworths.com.au/shop/productdetails/63892/rafferty-s-garden-chickpea-corn-carrot-8m,https://cdn0.woolworths.media/content/wowproductimages/medium/063892.jpg,2020-09-20 19:49:44,,0,4 for $7.00 $1.46/100G,True
895cab53-1742-431a-96c7-4c6ee4ec3a38,Woolworths Supermarket,Baby,Bellamy's Apple & Mango Yoghurt 120g,064341,$2.30,$1.92 / 100G,https://www.woolworths.com.au/shop/productdetails/64341/bellamy-s-apple-mango-yoghurt,https://cdn0.woolworths.media/content/wowproductimages/medium/064341.jpg,2020-09-20 19:49:44,,0,,True
8306204c-5895-4ce2-aa7d-c8c9365648a0,Woolworths Supermarket,Baby,Bellamy's Banana & Straw Yoghurt 120g,064392,$2.30,$1.92 / 100G,https://www.woolworths.com.au/shop/productdetails/64392/bellamy-s-banana-straw-yoghurt,https://cdn0.woolworths.media/content/wowproductimages/medium/064392.jpg,2020-09-20 19:49:44,,0,,True
fe735af4-0d12-454f-b435-bf47a2d45391,Woolworths Supermarket,Baby,Bellamy's Organic Organic Chicken Sweet Potato & Couscous Pouch 120g,064394,$2.00,$1.67 / 100G,https://www.woolworths.com.au/shop/productdetails/64394/bellamy-s-organic-organic-chicken-sweet-potato-couscous-pouch,https://cdn0.woolworths.media/content/wowproductimages/medium/064394.jpg,2020-09-20 19:49:44,,0,,True
b8fb7cae-88a8-4410-bb15-00a0c1699f44,Woolworths Supermarket,Baby,Bellamy's Pear & Peach Yoghurt 120g,064402,$2.30,$1.92 / 100G,https://www.woolworths.com.au/shop/productdetails/64402/bellamy-s-pear-peach-yoghurt,https://cdn0.woolworths.media/content/wowproductimages/medium/064402.jpg,2020-09-20 19:49:44,,0,,True
3bc50f72-fd2c-4fd3-90eb-18faec92fcb8,Woolworths Supermarket,Baby,Rafferty's Garden Cheese Chickpea Pops 17g,064809,$1.90,$11.18 / 100G,https://www.woolworths.com.au/shop/productdetails/64809/rafferty-s-garden-cheese-chickpea-pops,https://cdn0.woolworths.media/content/wowproductimages/medium/064809.jpg,2020-09-20 19:49:44,,0,,True
62934ee4-78b8-48a0-b0ff-72ab798f85c3,Woolworths Supermarket,Baby,Babylove Cosifit Jumbo Nappies Toddler 69 pack,066748,$27.00,$0.39 / 1EA,https://www.woolworths.com.au/shop/productdetails/66748/babylove-cosifit-jumbo-nappies-toddler,https://cdn0.woolworths.media/content/wowproductimages/medium/066748.jpg,2020-09-20 19:49:44,,0,,True
02a683c8-efa9-4289-befe-fc8e7e692fdf,Woolworths Supermarket,Baby,Babylove Cosifit Jumbo Nappies Crawler 81 pack,066756,$27.00,$0.33 / 1EA,https://www.woolworths.com.au/shop/productdetails/66756/babylove-cosifit-jumbo-nappies-crawler,https://cdn0.woolworths.media/content/wowproductimages/medium/066756.jpg,2020-09-20 19:49:44,,0,,True
94664105-faee-4b77-91b1-af4ac44c4c07,Woolworths Supermarket,Baby,Babylove Cosifit Jumbo Nappies Walker 62 pack,066758,$27.00,$0.44 / 1EA,https://www.woolworths.com.au/shop/productdetails/66758/babylove-cosifit-jumbo-nappies-walker,https://cdn0.woolworths.media/content/wowproductimages/medium/066758.jpg,2020-09-20 19:49:44,,0,,True
03fba844-4ff8-4f7c-947f-6ff38961036f,Woolworths Supermarket,Baby,Aptamil Pro Syneo Infant Formula 900g,068714,$30.00,$3.33 / 100G,https://www.woolworths.com.au/shop/productdetails/68714/aptamil-pro-syneo-infant-formula,https://cdn0.woolworths.media/content/wowproductimages/medium/068714.jpg,2020-09-20 19:49:44,,0,,True
b547f6c1-49a1-439e-8b09-97dbc8b05cd2,Woolworths Supermarket,Baby,Only Organic Yoghurt Rice Cakes 30g,077837,$3.50,$11.67 / 100G,https://www.woolworths.com.au/shop/productdetails/77837/only-organic-yoghurt-rice-cakes,https://cdn0.woolworths.media/content/wowproductimages/medium/077837.jpg,2020-09-20 19:49:44,,0,,True
e3ec798c-1473-4216-8f1c-350a18f1c2ce,Woolworths Supermarket,Baby,Only Organic Blueberry & Purple Carrot Rice Cakes 20g,077844,$2.50,$12.50 / 100G,https://www.woolworths.com.au/shop/productdetails/77844/only-organic-blueberry-purple-carrot-rice-cakes,https://cdn0.woolworths.media/content/wowproductimages/medium/077844.jpg,2020-09-20 19:49:44,,0,,True
d879300c-6683-4636-b356-862c40d3316c,Woolworths Supermarket,Baby,Only Organic Strawberry & Apple Puffs 20g,078408,$3.00,$15.00 / 100G,https://www.woolworths.com.au/shop/productdetails/78408/only-organic-strawberry-apple-puffs,https://cdn0.woolworths.media/content/wowproductimages/medium/078408.jpg,2020-09-20 19:49:44,,0,,True
de7a943d-cc04-4670-94e3-7758ac6b5b50,Woolworths Supermarket,Baby,D3 Reusable Hot/cold Gel Pack Instant Ice Packs 2 pack,082557,$7.50,$2.50 / 1EA,https://www.woolworths.com.au/shop/productdetails/82557/d3-reusable-hot-cold-gel-pack-instant-ice-packs,https://cdn0.woolworths.media/content/wowproductimages/medium/082557.jpg,2020-09-20 19:49:44,,0,,True
ddc4b2fb-0978-43c5-b725-73c5ad04f67b,Woolworths Supermarket,Baby,Aveeno Dermexa Daily Emollient Cream 200ml,082587,$15.40,$7.70 / 100ML,https://www.woolworths.com.au/shop/productdetails/82587/aveeno-dermexa-daily-emollient-cream,https://cdn0.woolworths.media/content/wowproductimages/medium/082587.jpg,2020-09-20 19:49:44,,0,,True
c910de96-340c-4d34-8c8e-388770316fc1,Woolworths Supermarket,Baby,Little One's Ultra Dry Nappies Infant 4-8kg Boys & Girls 56 pack,086174,$10.00,$0.18 / 1EA,https://www.woolworths.com.au/shop/productdetails/86174/little-one-s-ultra-dry-nappies-infant-4-8kg-boys-girls,https://cdn0.woolworths.media/content/wowproductimages/medium/086174.jpg,2020-09-20 19:49:44,Average product rating out of 5: 4.5. Product score is based on 61 ratings,61,,True
c8e8b914-8810-4cef-9582-17110c566029,Woolworths Supermarket,Baby,Little One's Ultra Dry Nappies Walker 13-18kg Boys & Girls 44 pack,086177,$10.00,$0.23 / 1EA,https://www.woolworths.com.au/shop/productdetails/86177/little-one-s-ultra-dry-nappies-walker-13-18kg-boys-girls,https://cdn0.woolworths.media/content/wowproductimages/medium/086177.jpg,2020-09-20 19:49:44,Average product rating out of 5: 3.8. Product score is based on 58 ratings,58,,True
d23b50c7-6035-43cb-8a63-672206db1a85,Woolworths Supermarket,Baby,Little One's Ultra Dry Nappies Junior 15-25kg Boys & Girls 40 pack,086178,$10.00,$0.25 / 1EA,https://www.woolworths.com.au/shop/productdetails/86178/little-one-s-ultra-dry-nappies-junior-15-25kg-boys-girls,https://cdn0.woolworths.media/content/wowproductimages/medium/086178.jpg,2020-09-20 19:49:44,Average product rating out of 5: 3.3. Product score is based on 63 ratings,63,,True
d6c4be3b-b772-4c29-8e81-8045a20a8ce3,Woolworths Supermarket,Baby,Bubs Organic Grass Fed Infant Formula Stage 1 800g,087877,$30.00,$3.75 / 100G,https://www.woolworths.com.au/shop/productdetails/87877/bubs-organic-grass-fed-infant-formula-stage-1,https://cdn0.woolworths.media/content/wowproductimages/medium/087877.jpg,2020-09-20 19:49:44,,0,,True
c480124a-eae0-4feb-b5b9-d763b8323a86,Woolworths Supermarket,Baby,Karicare Soy Milk Baby Formula All Ages 900g,087983,$20.00,$2.22 / 100G,https://www.woolworths.com.au/shop/productdetails/87983/karicare-soy-milk-baby-formula-all-ages,https://cdn0.woolworths.media/content/wowproductimages/medium/087983.jpg,2020-09-20 19:49:44,,0,,True
adaabe50-cfb1-4baf-9444-da6b2f62da91,Woolworths Supermarket,Baby,Bubs Organic Grass Fed Follow On Formula Stage 2 800g,088164,$30.00,$3.75 / 100G,https://www.woolworths.com.au/shop/productdetails/88164/bubs-organic-grass-fed-follow-on-formula-stage-2,https://cdn0.woolworths.media/content/wowproductimages/medium/088164.jpg,2020-09-20 19:49:44,,0,,True
d421e99e-8f45-4e74-b2e1-230784621abd,Woolworths Supermarket,Baby,Bubs Organic Goat Milk Formula 3-12 Year 800g,088346,$39.00,$4.88 / 100G,https://www.woolworths.com.au/shop/productdetails/88346/bubs-organic-goat-milk-formula-3-12-year,https://cdn0.woolworths.media/content/wowproductimages/medium/088346.jpg,2020-09-20 19:49:44,,0,,True
5f54029d-b353-45b8-b1cd-bfd43deecf36,Woolworths Supermarket,Baby,Bubs Organic Grass Fed Toddler Formula Stage 3 800g,088504,$28.00,$3.50 / 100G,https://www.woolworths.com.au/shop/productdetails/88504/bubs-organic-grass-fed-toddler-formula-stage-3,https://cdn0.woolworths.media/content/wowproductimages/medium/088504.jpg,2020-09-20 19:49:44,,0,,True
23875bfa-4141-488f-a0d3-0ca8d38fa1db,Woolworths Supermarket,Baby,Bubs Organic Grass Fed Junior Nutrition 3 - 12 Years 800g,088667,$29.00,$3.63 / 100G,https://www.woolworths.com.au/shop/productdetails/88667/bubs-organic-grass-fed-junior-nutrition-3-12-years,https://cdn0.woolworths.media/content/wowproductimages/medium/088667.jpg,2020-09-20 19:49:44,,0,,True
562b2292-332b-422b-b272-e75fb30077cf,Woolworths Supermarket,Baby,Huggies Ultimate Nappy Pants Size 6 16kg & Over Boys & Girls 45 pack,089315,$30.00,$0.67 / 1EA,https://www.woolworths.com.au/shop/productdetails/89315/huggies-ultimate-nappy-pants-size-6-16kg-over-boys-girls,https://cdn0.woolworths.media/content/wowproductimages/medium/089315.jpg,2020-09-20 19:49:44,,0,,True
0416d57f-becd-4b0c-a34b-6469ddb18870,Woolworths Supermarket,Baby,Nestle Nan Ar Infant Formula 800g,089602,$23.50,$2.94 / 100G,https://www.woolworths.com.au/shop/productdetails/89602/nestle-nan-ar-infant-formula,https://cdn0.woolworths.media/content/wowproductimages/medium/089602.jpg,2020-09-20 19:49:44,,0,,True
652f048d-20f2-4859-bccc-a2bca88e600a,Woolworths Supermarket,Baby,Huggies Ultimate Nappy Pants Size 5 14-18kg Boys & Girls 51 pack,089792,$30.00,$0.59 / 1EA,https://www.woolworths.com.au/shop/productdetails/89792/huggies-ultimate-nappy-pants-size-5-14-18kg-boys-girls,https://cdn0.woolworths.media/content/wowproductimages/medium/089792.jpg,2020-09-20 19:49:44,,0,,True
49f46fac-29ee-4c38-b7ee-193d206b2d69,Woolworths Supermarket,Baby,Tooshies By Tom Nappies With Organic Bamboo 13-18kg Walker Size 5 32 pack,090689,$15.00,$0.47 / 1EA,https://www.woolworths.com.au/shop/productdetails/90689/tooshies-by-tom-nappies-with-organic-bamboo-13-18kg-walker-size-5,https://cdn0.woolworths.media/content/wowproductimages/medium/090689.jpg,2020-09-20 19:49:44,,0,,True
9031c219-2b55-47e2-beec-8cf309bf88c9,Woolworths Supermarket,Baby,Little Learner My First Robot each,091776,$10.00,,https://www.woolworths.com.au/shop/productdetails/91776/little-learner-my-first-robot,https://cdn0.woolworths.media/content/wowproductimages/medium/091776.jpg,2020-09-20 19:49:44,,0,,True
41ff9852-628d-4e4d-9eee-a45d1936b47e,Woolworths Supermarket,Baby,Aptamil Reflux Gold Infant Formula 0-12 Months 900g,091791,$27.00,$3.00 / 100G,https://www.woolworths.com.au/shop/productdetails/91791/aptamil-reflux-gold-infant-formula-0-12-months,https://cdn0.woolworths.media/content/wowproductimages/medium/091791.jpg,2020-09-20 19:49:44,,0,,True
641cbc61-74c6-40d4-9107-bf294559155d,Woolworths Supermarket,Baby,Childs Farm Bubble Bath Organic Tangerine 250ml,091814,$10.00,$4.00 / 100ML,https://www.woolworths.com.au/shop/productdetails/91814/childs-farm-bubble-bath-organic-tangerine,https://cdn0.woolworths.media/content/wowproductimages/medium/091814.jpg,2020-09-20 19:49:44,,0,,True
27080730-7e8b-4d5c-9bcb-53b5b018ba1d,Woolworths Supermarket,Baby,Tooshies By Tom Nappies With Organic Bamboo 16+ Kg Junior Size 6 30 pack,091838,$15.00,$0.50 / 1EA,https://www.woolworths.com.au/shop/productdetails/91838/tooshies-by-tom-nappies-with-organic-bamboo-16-kg-junior-size-6,https://cdn0.woolworths.media/content/wowproductimages/medium/091838.jpg,2020-09-20 19:49:44,,0,,True
25ec56f1-e29d-414f-b9b8-03a4e89390e0,Woolworths Supermarket,Baby,Tooshies By Tom Nappies With Organic Bamboo 6-11kg Crawler Size 3 44 pack,092044,$15.00,$0.34 / 1EA,https://www.woolworths.com.au/shop/productdetails/92044/tooshies-by-tom-nappies-with-organic-bamboo-6-11kg-crawler-size-3,https://cdn0.woolworths.media/content/wowproductimages/medium/092044.jpg,2020-09-20 19:49:44,,0,,True
d49c6aed-2833-431f-b606-1f42fdb3e159,Woolworths Supermarket,Baby,Tooshies By Tom Nappies With Organic Bamboo 10-15kg Toddler Size 4 36 pack,092065,$15.00,$0.42 / 1EA,https://www.woolworths.com.au/shop/productdetails/92065/tooshies-by-tom-nappies-with-organic-bamboo-10-15kg-toddler-size-4,https://cdn0.woolworths.media/content/wowproductimages/medium/092065.jpg,2020-09-20 19:49:44,,0,,True
15556391-4765-48aa-a027-ffd29db2bf24,Woolworths Supermarket,Baby,Rafferty's Garden Lentil & Herb Sticks 15g,092209,$1.90,$12.67 / 100G,https://www.woolworths.com.au/shop/productdetails/92209/rafferty-s-garden-lentil-herb-sticks,https://cdn0.woolworths.media/content/wowproductimages/medium/092209.jpg,2020-09-20 19:49:44,,0,,True
bdd1e5e2-e887-449f-90ff-bbdb8d6f5827,Woolworths Supermarket,Baby,Huggies Ultimate Micellar Water Baby Wipes 64 pack,092325,$6.00,$9.38 / 100EA,https://www.woolworths.com.au/shop/productdetails/92325/huggies-ultimate-micellar-water-baby-wipes,https://cdn0.woolworths.media/content/wowproductimages/medium/092325.jpg,2020-09-20 19:49:44,,0,,True
99239d0a-5779-479d-b8c2-708df9f035f5,Woolworths Supermarket,Baby,Essentials Baby Oil 500ml,094595,$2.40,$0.48 / 100ML,https://www.woolworths.com.au/shop/productdetails/94595/essentials-baby-oil,https://cdn0.woolworths.media/content/wowproductimages/medium/094595.jpg,2020-09-20 19:49:44,,0,,True
cc31c0e9-358e-44d3-959b-eef57e09dbed,Woolworths Supermarket,Baby,Thankyou. Thick & Soft Baby Wipes 80 x3 pack,095768,$14.00,$5.83 / 100EA,https://www.woolworths.com.au/shop/productdetails/95768/thankyou-thick-soft-baby-wipes,https://cdn0.woolworths.media/content/wowproductimages/medium/095768.jpg,2020-09-20 19:49:44,,0,,True
8bfd8f40-66bb-4f1e-9054-dc61a891db1b,Woolworths Supermarket,Baby,Only Organic Carrot & Apple Rice Cakes 20g,101462,$2.50,$12.50 / 100G,https://www.woolworths.com.au/shop/productdetails/101462/only-organic-carrot-apple-rice-cakes,https://cdn0.woolworths.media/content/wowproductimages/medium/101462.jpg,2020-09-20 19:49:44,,0,,True
22e6791d-deb5-46c3-a299-caa6b95fa63a,Woolworths Supermarket,Baby,Ty Beanie Boo 360c Assorted each,102107,$9.00,,https://www.woolworths.com.au/shop/productdetails/102107/ty-beanie-boo-360c-assorted,https://cdn0.woolworths.media/content/wowproductimages/medium/102107.jpg,2020-09-20 19:49:44,,0,Designs may vary,True
c32a194d-68d7-40f6-9a9f-5d4b1d46dd63,Woolworths Supermarket,Baby,Huggies Little Swimmers Large 10 pack,106656,$15.00,$1.50 / 1EA,https://www.woolworths.com.au/shop/productdetails/106656/huggies-little-swimmers-large,https://cdn0.woolworths.media/content/wowproductimages/medium/106656.jpg,2020-09-20 19:49:44,,0,,True
d02adb00-d823-44c6-897c-14e3c2f433f2,Woolworths Supermarket,Baby,Huggies Little Swimmers Medium 11 pack,106658,$15.00,$1.36 / 1EA,https://www.woolworths.com.au/shop/productdetails/106658/huggies-little-swimmers-medium,https://cdn0.woolworths.media/content/wowproductimages/medium/106658.jpg,2020-09-20 19:49:44,,0,,True
9401e6f3-c1dd-4b7e-bf33-bc48efb23ad1,Woolworths Supermarket,Baby,Huggies Little Swimmers Small 12 pack,106661,$15.00,$1.25 / 1EA,https://www.woolworths.com.au/shop/productdetails/106661/huggies-little-swimmers-small,https://cdn0.woolworths.media/content/wowproductimages/medium/106661.jpg,2020-09-20 19:49:44,,0,,True
8ac16dc1-5a3b-4922-be07-0cd16a9c0b93,Woolworths Supermarket,Baby,Whole Kids Organic Mini Abc Apple & Chia Biscuits Multipack 30g x4 pack,109589,$5.50,$4.58 / 100G,https://www.woolworths.com.au/shop/productdetails/109589/whole-kids-organic-mini-abc-apple-chia-biscuits-multipack,https://cdn0.woolworths.media/content/wowproductimages/medium/109589.jpg,2020-09-20 19:49:44,,0,,True
cb7e90f2-4ca4-4f4a-b593-304d17a5ab0d,Woolworths Supermarket,Baby,Johnson's Shampoo 500ml,114110,$9.50,$1.90 / 100ML,https://www.woolworths.com.au/shop/productdetails/114110/johnson-s-shampoo,https://cdn0.woolworths.media/content/wowproductimages/medium/114110.jpg,2020-09-20 19:49:44,,0,,True
e683e661-8394-4361-8f7e-667e8804e174,Woolworths Supermarket,Baby,Whole Kids Organic Mini Bites Oat & Banana 20g x4 pack,116527,$5.50,$6.88 / 100G,https://www.woolworths.com.au/shop/productdetails/116527/whole-kids-organic-mini-bites-oat-banana,https://cdn0.woolworths.media/content/wowproductimages/medium/116527.jpg,2020-09-20 19:49:44,,0,,True
8a2494cb-1931-4ff5-b4e7-95ea5631d7e2,Woolworths Supermarket,Baby,Only Organic Strawberry Biscotti 100g,116984,$4.40,$4.40 / 100G,https://www.woolworths.com.au/shop/productdetails/116984/only-organic-strawberry-biscotti,https://cdn0.woolworths.media/content/wowproductimages/medium/116984.jpg,2020-09-20 19:49:44,,0,,True
299c1b97-b615-4454-b7b5-119e720e0dfe,Woolworths Supermarket,Baby,Johnson's Baby Oil With Aloe Vera & Vitamin E 500ml,118616,$9.50,$1.90 / 100ML,https://www.woolworths.com.au/shop/productdetails/118616/johnson-s-baby-oil-with-aloe-vera-vitamin-e,https://cdn0.woolworths.media/content/wowproductimages/medium/118616.jpg,2020-09-20 19:49:44,,0,,True
aaf29f17-c2b6-4d50-a9fa-f084e5947bf0,Woolworths Supermarket,Baby,Johnson's Baby Powder Pure Cornstarch With Aloe & Vitamin E 255g,188593,$4.10,$1.61 / 100G,https://www.woolworths.com.au/shop/productdetails/188593/johnson-s-baby-powder-pure-cornstarch-with-aloe-vitamin-e,https://cdn0.woolworths.media/content/wowproductimages/medium/188593.jpg,2020-09-20 19:49:44,,0,,True
08a39408-5c05-4b78-9c0f-a7f29a1f01d6,Woolworths Supermarket,Baby,Huggies Ultra Dry Nappies Junior 16kg+ Girl 30pk bulk,200703,$16.00,$0.53 / 1EA,https://www.woolworths.com.au/shop/productdetails/200703/huggies-ultra-dry-nappies-junior-16kg-girl,https://cdn0.woolworths.media/content/wowproductimages/medium/200703.jpg,2020-09-20 19:49:44,,0,,True
c9ede2de-ab51-47b1-8248-d02adc1547ee,Woolworths Supermarket,Baby,Huggies Ultra Dry Nappies Junior 16kg+ Boy 30pk bulk,200705,$16.00,$0.53 / 1EA,https://www.woolworths.com.au/shop/productdetails/200705/huggies-ultra-dry-nappies-junior-16kg-boy,https://cdn0.woolworths.media/content/wowproductimages/medium/200705.jpg,2020-09-20 19:49:44,,0,,True
850be26a-f6d2-48e0-8022-66ae8fe215f3,Woolworths Supermarket,Baby,Bellamy's Organic Milk Rusks 100g,206395,$4.15,$4.15 / 100G,https://www.woolworths.com.au/shop/productdetails/206395/bellamy-s-organic-milk-rusks,https://cdn0.woolworths.media/content/wowproductimages/medium/206395.jpg,2020-09-20 19:49:44,,0,,True
6e69d43f-39e8-4f21-83e0-a0ac887fbafd,Woolworths Supermarket,Baby,Curash Wipes Travel Pack 5x20 pack,212107,$11.00,$11.00 / 100EA,https://www.woolworths.com.au/shop/productdetails/212107/curash-wipes-travel-pack,https://cdn0.woolworths.media/content/wowproductimages/medium/212107.jpg,2020-09-20 19:49:44,,0,,True
55854962-2d79-4626-9bae-a715663156ea,Woolworths Supermarket,Baby,Curash Baby Wipes Fragrance Free 80 pack,239760,$5.00,$6.25 / 100EA,https://www.woolworths.com.au/shop/productdetails/239760/curash-baby-wipes-fragrance-free,https://cdn0.woolworths.media/content/wowproductimages/medium/239760.jpg,2020-09-20 19:49:44,,0,,True
bb59cab1-41d0-4347-9ef0-fab837e8f8f3,Woolworths Supermarket,Baby,Huggies Drynites Girls Convenience 4-7 Years 10 pack,247647,$12.00,$1.20 / 1EA,https://www.woolworths.com.au/shop/productdetails/247647/huggies-drynites-girls-convenience-4-7-years,https://cdn0.woolworths.media/content/wowproductimages/medium/247647.jpg,2020-09-20 19:49:44,,0,,True
646c0fff-452b-4e87-988a-ca6f32dd593c,Woolworths Supermarket,Baby,Huggies Drynites Boys Convenience 4-7 Years 10 pack,247650,$12.00,$1.20 / 1EA,https://www.woolworths.com.au/shop/productdetails/247650/huggies-drynites-boys-convenience-4-7-years,https://cdn0.woolworths.media/content/wowproductimages/medium/247650.jpg,2020-09-20 19:49:44,,0,,True
fabe66fd-65ef-4d91-94c0-899eb0dcb178,Woolworths Supermarket,Baby,Huggies Drynites Pyjama Pants 8-15yrs Girl 9 pack,247652,$12.00,$1.33 / 1EA,https://www.woolworths.com.au/shop/productdetails/247652/huggies-drynites-pyjama-pants-8-15yrs-girl,https://cdn0.woolworths.media/content/wowproductimages/medium/247652.jpg,2020-09-20 19:49:44,,0,,True
950f6936-dcea-4946-9407-d4c8b9e1ba53,Woolworths Supermarket,Baby,Huggies Drynites Pyjama Pants 8-15yrs Boy 9 pack,247653,$12.00,$1.33 / 1EA,https://www.woolworths.com.au/shop/productdetails/247653/huggies-drynites-pyjama-pants-8-15yrs-boy,https://cdn0.woolworths.media/content/wowproductimages/medium/247653.jpg,2020-09-20 19:49:44,,0,,True
85704fca-c03e-4da2-9029-9ea4c75259da,Woolworths Supermarket,Baby,Bellamy's Organic Toddler Baby Formula Stage 3 900g,250239,$28.00,$3.11 / 100G,https://www.woolworths.com.au/shop/productdetails/250239/bellamy-s-organic-toddler-baby-formula-stage-3,https://cdn0.woolworths.media/content/wowproductimages/medium/250239.jpg,2020-09-20 19:49:44,,0,,True
d0d877a4-a157-47c7-b263-525290b27c02,Woolworths Supermarket,Baby,Bellamy's Organic Infant Baby Formula Stage 1 From Birth To 6 Mo 900g,250240,$30.00,$3.33 / 100G,https://www.woolworths.com.au/shop/productdetails/250240/bellamy-s-organic-infant-baby-formula-stage-1-from-birth-to-6-mo,https://cdn0.woolworths.media/content/wowproductimages/medium/250240.jpg,2020-09-20 19:49:44,,0,,True
8641a42e-fd97-4b9e-a318-ab676a76a60b,Woolworths Supermarket,Baby,Little Wishes Feeding Bottles 250ml 3 pack,250663,$6.00,$2.00 / 1EA,https://www.woolworths.com.au/shop/productdetails/250663/little-wishes-feeding-bottles,https://cdn0.woolworths.media/content/wowproductimages/medium/250663.jpg,2020-09-20 19:49:44,,0,,True
94e37388-1e70-4b06-a688-118ca1c84166,Woolworths Supermarket,Baby,Bellamy's Organic Baby Porridge 5 Months 125g,260241,$4.00,$3.20 / 100G,https://www.woolworths.com.au/shop/productdetails/260241/bellamy-s-organic-baby-porridge-5-months,https://cdn0.woolworths.media/content/wowproductimages/medium/260241.jpg,2020-09-20 19:49:44,,0,,True
26e38d32-45bf-4c62-93a4-b8ba80e8b7a7,Woolworths Supermarket,Baby,Ecostore Baby Soap 80g,269451,$2.50,$3.13 / 100G,https://www.woolworths.com.au/shop/productdetails/269451/ecostore-baby-soap,https://cdn0.woolworths.media/content/wowproductimages/medium/269451.jpg,2020-09-20 19:49:44,,0,,True
206327ed-8454-4d17-9ba3-f5c247d77e6e,Woolworths Supermarket,Baby,Ecostore Baby Shampoo 200ml,269452,$8.00,$4.00 / 100ML,https://www.woolworths.com.au/shop/productdetails/269452/ecostore-baby-shampoo,https://cdn0.woolworths.media/content/wowproductimages/medium/269452.jpg,2020-09-20 19:49:44,,0,,True
75bac192-4231-4961-8617-eaff641ab649,Woolworths Supermarket,Baby,"Rafferty's Garden Food 4 Months+ Sweet Potato, Carrot & Apple 120g",291187,$1.65,$1.38 / 100G,https://www.woolworths.com.au/shop/productdetails/291187/rafferty-s-garden-food-4-months-sweet-potato-carrot-apple,https://cdn0.woolworths.media/content/wowproductimages/medium/291187.jpg,2020-09-20 19:49:44,,0,Was $2.00 16/06/2016,True
90f94845-ce3e-4368-812b-2bdf73d23dbc,Woolworths Supermarket,Baby,"Rafferty's Garden Food 4 Months+ Apple, Pear & Cinnamon 120g",291279,$1.65,$1.38 / 100G,https://www.woolworths.com.au/shop/productdetails/291279/rafferty-s-garden-food-4-months-apple-pear-cinnamon,https://cdn0.woolworths.media/content/wowproductimages/medium/291279.jpg,2020-09-20 19:49:44,,0,Was $2.00 16/06/2016,True
395d5d89-7c75-4748-bb03-77788f3415f0,Woolworths Supermarket,Baby,Only Organic 4 Months+ Banana & Apple 120g,322268,$2.00,$1.67 / 100G,https://www.woolworths.com.au/shop/productdetails/322268/only-organic-4-months-banana-apple,https://cdn0.woolworths.media/content/wowproductimages/medium/322268.jpg,2020-09-20 19:49:44,,0,4 for $6.00 $1.25/100G,True
4307f829-c090-4411-884a-b39d599028f4,Woolworths Supermarket,Baby,Bellamy's Organic Apple Snacks Apple 20g,331707,$3.50,$17.50 / 100G,https://www.woolworths.com.au/shop/productdetails/331707/bellamy-s-organic-apple-snacks-apple,https://cdn0.woolworths.media/content/wowproductimages/medium/331707.jpg,2020-09-20 19:49:44,,0,,True
c9084b01-f48b-4641-b0b5-427a987930f4,Woolworths Supermarket,Baby,Gaia Natural Baby Wipes 80 pack,333119,$5.00,$6.25 / 100EA,https://www.woolworths.com.au/shop/productdetails/333119/gaia-natural-baby-wipes,https://cdn0.woolworths.media/content/wowproductimages/medium/333119.jpg,2020-09-20 19:49:44,,0,,True
0eca9aaa-89ad-4d64-9f1f-31810c3fddb6,Woolworths Supermarket,Baby,Only Organic 6 Months+ Apple Banana & Mango 120g,333288,$2.00,$1.67 / 100G,https://www.woolworths.com.au/shop/productdetails/333288/only-organic-6-months-apple-banana-mango,https://cdn0.woolworths.media/content/wowproductimages/medium/333288.jpg,2020-09-20 19:49:44,,0,4 for $6.00 $1.25/100G,True
78419aad-48e6-418c-8db4-32de2016be33,Woolworths Supermarket,Baby,Only Organic 8 Months+ Banana Raspberry & Vanilla 120g,333290,$2.00,$1.67 / 100G,https://www.woolworths.com.au/shop/productdetails/333290/only-organic-8-months-banana-raspberry-vanilla,https://cdn0.woolworths.media/content/wowproductimages/medium/333290.jpg,2020-09-20 19:49:44,,0,4 for $6.00 $1.25/100G,True
2e712d44-47a5-44db-aca0-590a8b01cdc4,Woolworths Supermarket,Baby,Babylove Sleepy Nights Overnight Pants 25-57kg 8 pack,334825,$10.00,$1.25 / 1EA,https://www.woolworths.com.au/shop/productdetails/334825/babylove-sleepy-nights-overnight-pants-25-57kg,https://cdn0.woolworths.media/content/wowproductimages/medium/334825.jpg,2020-09-20 19:49:44,,0,,True
53546c2f-2f78-4216-a8f8-c992bd5b28ed,Woolworths Supermarket,Baby,Rafferty's Garden Snack Banana Fruit Bars 8 pack,335206,$3.50,$2.73 / 100G,https://www.woolworths.com.au/shop/productdetails/335206/rafferty-s-garden-snack-banana-fruit-bars,https://cdn0.woolworths.media/content/wowproductimages/medium/335206.jpg,2020-09-20 19:49:44,,0,Was $3.99 16/06/2016,True
ca64a88e-f841-406a-ae0e-2deebaea52cc,Woolworths Supermarket,Baby,Aveeno Baby Wash & Shampoo 236ml,339038,$10.00,$4.24 / 100ML,https://www.woolworths.com.au/shop/productdetails/339038/aveeno-baby-wash-shampoo,https://cdn0.woolworths.media/content/wowproductimages/medium/339038.jpg,2020-09-20 19:49:44,,0,,True
5ba9770a-09d7-4ec9-9fbb-b1be994e858f,Woolworths Supermarket,Baby,Aveeno Baby Daily Moisturising Lotion 227ml,339043,$10.00,$4.41 / 100G,https://www.woolworths.com.au/shop/productdetails/339043/aveeno-baby-daily-moisturising-lotion,https://cdn0.woolworths.media/content/wowproductimages/medium/339043.jpg,2020-09-20 19:49:44,,0,,True
856c433e-a608-499a-8780-56180e7ed2c6,Woolworths Supermarket,Baby,Aveeno Baby Soothing Relief Moisture Cream 140g,339045,$10.00,$7.14 / 100G,https://www.woolworths.com.au/shop/productdetails/339045/aveeno-baby-soothing-relief-moisture-cream,https://cdn0.woolworths.media/content/wowproductimages/medium/339045.jpg,2020-09-20 19:49:44,,0,,True
82cc22b8-9cfd-4361-b129-49f072ab0874,Woolworths Supermarket,Baby,Rafferty's Garden Food 10 Months Shepherds Pie 170g,345395,$2.45,$1.44 / 100G,https://www.woolworths.com.au/shop/productdetails/345395/rafferty-s-garden-food-10-months-shepherds-pie,https://cdn0.woolworths.media/content/wowproductimages/medium/345395.jpg,2020-09-20 19:49:44,,0,,True
7c92e0e7-fad9-4323-bb8c-650fdc59f4d2,Woolworths Supermarket,Baby,Heinz Cutlery Feeding Spoons 2pk,350171,$5.50,$2.75 / 1EA,https://www.woolworths.com.au/shop/productdetails/350171/heinz-cutlery-feeding-spoons,https://cdn0.woolworths.media/content/wowproductimages/medium/350171.jpg,2020-09-20 19:49:44,,0,,True
0f487a54-86a1-474d-bdaf-772ef03cda43,Woolworths Supermarket,Baby,Little Wishes Bottle Wide Neck Bpa Free 2 pack,353063,$6.00,$3.00 / 1EA,https://www.woolworths.com.au/shop/productdetails/353063/little-wishes-bottle-wide-neck-bpa-free,https://cdn0.woolworths.media/content/wowproductimages/medium/353063.jpg,2020-09-20 19:49:44,,0,,True
8773800f-8370-4143-96a2-35af58489648,Woolworths Supermarket,Baby,Farex Baby Food 9 Months Muesli With Apple 150g,362496,$3.00,$2.00 / 100G,https://www.woolworths.com.au/shop/productdetails/362496/farex-baby-food-9-months-muesli-with-apple,https://cdn0.woolworths.media/content/wowproductimages/medium/362496.jpg,2020-09-20 19:49:44,,0,,True
c1d08340-512b-4e1c-84be-2dc0f2df8014,Woolworths Supermarket,Baby,Heinz Simply Food 6 Months Vanilla Custard 120g,362689,$1.50,$1.25 / 100G,https://www.woolworths.com.au/shop/productdetails/362689/heinz-simply-food-6-months-vanilla-custard,https://cdn0.woolworths.media/content/wowproductimages/medium/362689.jpg,2020-09-20 19:49:44,,0,,True
afa8df82-fe20-4c1e-b451-3bcdd43a626e,Woolworths Supermarket,Baby,Heinz Simply Food 4 Months Pear Banana & Apple 120g,362709,$1.50,$1.25 / 100G,https://www.woolworths.com.au/shop/productdetails/362709/heinz-simply-food-4-months-pear-banana-apple,https://cdn0.woolworths.media/content/wowproductimages/medium/362709.jpg,2020-09-20 19:49:44,,0,,True
be753a97-6a75-4a4e-bf2b-0a3ad5506343,Woolworths Supermarket,Baby,Huggies Baby Wipes Cucumber & Aloe 80 pack,368693,$4.00,$5.00 / 100EA,https://www.woolworths.com.au/shop/productdetails/368693/huggies-baby-wipes-cucumber-aloe,https://cdn0.woolworths.media/content/wowproductimages/medium/368693.jpg,2020-09-20 19:49:44,,0,Was $5.00 04/09/2017,True
1c1229e8-dd60-435d-aaa3-49388c3b07ef,Woolworths Supermarket,Baby,Only Organic 6 Months+ Vanilla Bean Custard 120g,372442,$2.00,$1.67 / 100G,https://www.woolworths.com.au/shop/productdetails/372442/only-organic-6-months-vanilla-bean-custard,https://cdn0.woolworths.media/content/wowproductimages/medium/372442.jpg,2020-09-20 19:49:44,,0,4 for $6.00 $1.25/100G,True
22dc1fe0-4230-4e6a-acce-554be8011916,Woolworths Supermarket,Baby,Nestle Nan Optipro 1 Starter 0-6 Months Baby Formula Powder 800g,379609,$22.50,$2.81 / 100G,https://www.woolworths.com.au/shop/productdetails/379609/nestle-nan-optipro-1-starter-0-6-months-baby-formula-powder,https://cdn0.woolworths.media/content/wowproductimages/medium/379609.jpg,2020-09-20 19:49:44,,0,,True
7ada2ca0-e4e0-4431-9880-ead367426abe,Woolworths Supermarket,Baby,Nestle Nan Optipro 2 Follow-on 6-12 Months Baby Formula Powder 800g,379610,$22.50,$2.81 / 100G,https://www.woolworths.com.au/shop/productdetails/379610/nestle-nan-optipro-2-follow-on-6-12-months-baby-formula-powder,https://cdn0.woolworths.media/content/wowproductimages/medium/379610.jpg,2020-09-20 19:49:44,,0,,True
af8c508f-617f-4ccf-8030-2d51c8143828,Woolworths Supermarket,Baby,Babylove Nappy Pants Jumbo Walker 12-17kg 50 pack,380521,$27.00,$0.54 / 1EA,https://www.woolworths.com.au/shop/productdetails/380521/babylove-nappy-pants-jumbo-walker-12-17kg,https://cdn0.woolworths.media/content/wowproductimages/medium/380521.jpg,2020-09-20 19:49:44,,0,,True
9ba63ced-cbd8-4bd7-82c0-ed7fe5f53a26,Woolworths Supermarket,Baby,Phillips Avent Animal Soother 6-18 Months 2 pack,384045,$12.00,$6.00 / 1EA,https://www.woolworths.com.au/shop/productdetails/384045/phillips-avent-animal-soother-6-18-months,https://cdn0.woolworths.media/content/wowproductimages/medium/384045.jpg,2020-09-20 19:49:44,,0,,True
f482e217-fecc-4dd6-9e41-a1dc8d17d5da,Woolworths Supermarket,Baby,Heinz Pouch Pumpkin Sweetcorn Chicken & Rice 120g,407079,$1.50,$1.25 / 100G,https://www.woolworths.com.au/shop/productdetails/407079/heinz-pouch-pumpkin-sweetcorn-chicken-rice,https://cdn0.woolworths.media/content/wowproductimages/medium/407079.jpg,2020-09-20 19:49:44,,0,,True
e838611b-31a0-473d-a9bf-04c61a8db1aa,Woolworths Supermarket,Baby,Heinz Dairy Snack Pouch Chocolate Custard 120g,407228,$1.50,$1.25 / 100G,https://www.woolworths.com.au/shop/productdetails/407228/heinz-dairy-snack-pouch-chocolate-custard,https://cdn0.woolworths.media/content/wowproductimages/medium/407228.jpg,2020-09-20 19:49:44,,0,Was $1.79 02/06/2016,True
eb3acf9c-8f4b-4939-a83f-0eeacf22a804,Woolworths Supermarket,Baby,Heinz Dairy Snack Pouch Vanilla Custard 120g,407231,$1.50,$1.25 / 100G,https://www.woolworths.com.au/shop/productdetails/407231/heinz-dairy-snack-pouch-vanilla-custard,https://cdn0.woolworths.media/content/wowproductimages/medium/407231.jpg,2020-09-20 19:49:44,,0,Was $1.79 02/06/2016,True
1d93999e-2833-46a1-8a1c-75fe7e2cc094,Woolworths Supermarket,Baby,Infants' Friend Oral Liquid 100ml,414064,$13.00,$13.00 / 100ML,https://www.woolworths.com.au/shop/productdetails/414064/infants-friend-oral-liquid,https://cdn0.woolworths.media/content/wowproductimages/medium/414064.jpg,2020-09-20 19:49:44,,0,,True
5ce0d9cf-f1c4-4ad0-95eb-e8b7b3fb5924,Woolworths Supermarket,Baby,Little Bellies Organic Round-a-bouts Pumpkin 12g,414361,,,https://www.woolworths.com.au/shop/productdetails/414361/little-bellies-organic-round-a-bouts-pumpkin,https://cdn0.woolworths.media/content/wowproductimages/medium/414361.jpg,2020-09-20 19:49:44,,0,Was $2.00 9/04/2018,False
3132427a-e815-4da0-b45d-12ce5fa12219,Woolworths Supermarket,Baby,Nestle Nan Supreme 1 Starter 0-6 Months Baby Formula Powder 800g,414745,$30.00,$3.75 / 100G,https://www.woolworths.com.au/shop/productdetails/414745/nestle-nan-supreme-1-starter-0-6-months-baby-formula-powder,https://cdn0.woolworths.media/content/wowproductimages/medium/414745.jpg,2020-09-20 19:49:44,,0,,True
e1eaab08-b6de-4bf3-9ca5-643618f46b17,Woolworths Supermarket,Baby,Nestle Nan Supreme 2 Follow-on 6-12 Months Baby Formula Powder 800g,414748,$30.00,$3.75 / 100G,https://www.woolworths.com.au/shop/productdetails/414748/nestle-nan-supreme-2-follow-on-6-12-months-baby-formula-powder,https://cdn0.woolworths.media/content/wowproductimages/medium/414748.jpg,2020-09-20 19:49:44,,0,,True
4ec61f7c-24f0-43e6-a867-a9230624f998,Woolworths Supermarket,Baby,Nestle Nan Supreme 3 Toddler 12+ Months Milk Formula Powder 800g,414760,$22.00,$2.75 / 100G,https://www.woolworths.com.au/shop/productdetails/414760/nestle-nan-supreme-3-toddler-12-months-milk-formula-powder,https://cdn0.woolworths.media/content/wowproductimages/medium/414760.jpg,2020-09-20 19:49:44,,0,,True
4f4b29a0-86a5-40fc-bf82-4907813825bf,Woolworths Supermarket,Baby,Nestle Nan Comfort 3 Toddler 12+ Months Milk Formula Powder 800g,414762,$14.00,$1.75 / 100G,https://www.woolworths.com.au/shop/productdetails/414762/nestle-nan-comfort-3-toddler-12-months-milk-formula-powder,https://cdn0.woolworths.media/content/wowproductimages/medium/414762.jpg,2020-09-20 19:49:44,,0,Was $17.00 04/08/16,True
ed3378b3-5f5b-4911-a1a2-579500637e24,Woolworths Supermarket,Baby,Rite Aid Breast Discs Hydrogel 12 pack,415406,$7.50,$0.63 / 1EA,https://www.woolworths.com.au/shop/productdetails/415406/rite-aid-breast-discs-hydrogel,https://cdn0.woolworths.media/content/wowproductimages/medium/415406.jpg,2020-09-20 19:49:44,,0,,True
aff70160-66c8-4102-bc0b-d9c247f96a2e,Woolworths Supermarket,Baby,Aveeno Baby Dermexa Moisturising Cream 206g,429223,$17.00,$8.25 / 100G,https://www.woolworths.com.au/shop/productdetails/429223/aveeno-baby-dermexa-moisturising-cream,https://cdn0.woolworths.media/content/wowproductimages/medium/429223.jpg,2020-09-20 19:49:44,,0,,True
3e2b0731-705a-4354-9a37-8406b9943dfd,Woolworths Supermarket,Baby,Babylove Nappy Pants Wriggler 38 pack,497574,$13.00,$0.38 / 1EA,https://www.woolworths.com.au/shop/productdetails/497574/babylove-nappy-pants-wriggler,https://cdn0.woolworths.media/content/wowproductimages/medium/497574.jpg,2020-09-20 19:49:44,,0,,True
8cec251d-a5fd-4dca-a5ba-7e8b01215730,Woolworths Supermarket,Baby,Rafferty's Garden Fruit Snack Bar 12 Months+ Apple & Raspberry 128g,498472,$3.50,$2.73 / 100G,https://www.woolworths.com.au/shop/productdetails/498472/rafferty-s-garden-fruit-snack-bar-12-months-apple-raspberry,https://cdn0.woolworths.media/content/wowproductimages/medium/498472.jpg,2020-09-20 19:49:44,,0,Was $3.99 16/06/2016,True
8e1e6bfd-d631-4773-8070-6d54b7aa1683,Woolworths Supermarket,Baby,Thankyou. Thick Baby Wipes 80 pack,499135,$4.20,$5.25 / 100EA,https://www.woolworths.com.au/shop/productdetails/499135/thankyou-thick-baby-wipes,https://cdn0.woolworths.media/content/wowproductimages/medium/499135.jpg,2020-09-20 19:49:44,,0,,True
293c811a-18b6-4c94-b5ee-72afc3191de3,Woolworths Supermarket,Baby,Babylove Sleepy Nights 2-4 Years Overnight Pants 12 pack,499177,$10.00,$0.83 / 1EA,https://www.woolworths.com.au/shop/productdetails/499177/babylove-sleepy-nights-2-4-years-overnight-pants,https://cdn0.woolworths.media/content/wowproductimages/medium/499177.jpg,2020-09-20 19:49:44,,0,,True
4ea1693a-f908-4de3-a2f2-56692888d05a,Woolworths Supermarket,Baby,Munchkin Grass Fed Milk Based Toddler Drink Stage 3 730g,508299,$25.00,$3.42 / 100G,https://www.woolworths.com.au/shop/productdetails/508299/munchkin-grass-fed-milk-based-toddler-drink-stage-3,https://cdn0.woolworths.media/content/wowproductimages/medium/508299.jpg,2020-09-20 19:49:44,,0,,True
300ac374-0e75-42b1-a909-7e3bd0a47498,Woolworths Supermarket,Baby,Munchkin Stage 1 Infant Formula 730g,508307,$30.00,$4.11 / 100G,https://www.woolworths.com.au/shop/productdetails/508307/munchkin-stage-1-infant-formula,https://cdn0.woolworths.media/content/wowproductimages/medium/508307.jpg,2020-09-20 19:49:44,,0,,True
a7359b56-ccb1-4cdc-8225-3a9aadd98708,Woolworths Supermarket,Baby,Munchkin Stage 2 Follow On Formula 730g,508308,$30.00,$4.11 / 100G,https://www.woolworths.com.au/shop/productdetails/508308/munchkin-stage-2-follow-on-formula,https://cdn0.woolworths.media/content/wowproductimages/medium/508308.jpg,2020-09-20 19:49:44,,0,,True
62af5117-80f8-42c4-a29b-f69fd0448cfc,Woolworths Supermarket,Baby,Little One's Convenience Pants Toddler 10-15kg 25 pack,535526,$9.00,$0.36 / 1EA,https://www.woolworths.com.au/shop/productdetails/535526/little-one-s-convenience-pants-toddler-10-15kg,https://cdn0.woolworths.media/content/wowproductimages/medium/535526.jpg,2020-09-20 19:49:44,Average product rating out of 5: 3.8. Product score is based on 851 ratings,851,Was $10.00 11/06/2018,True
dbe57955-fb7f-49c2-9fb4-1e3f4c0138ea,Woolworths Supermarket,Baby,Little One's Convenience Pants Walker 13-18kg 23 pack,535528,$9.00,$0.39 / 1EA,https://www.woolworths.com.au/shop/productdetails/535528/little-one-s-convenience-pants-walker-13-18kg,https://cdn0.woolworths.media/content/wowproductimages/medium/535528.jpg,2020-09-20 19:49:44,Average product rating out of 5: 3.8. Product score is based on 826 ratings,826,Was $10.00 11/06/2018,True
071bb497-b6a2-46e2-9922-a3de5450456d,Woolworths Supermarket,Baby,Little One's Convenience Pants Junior 15-25kg 21 pack,544755,$9.00,$0.43 / 1EA,https://www.woolworths.com.au/shop/productdetails/544755/little-one-s-convenience-pants-junior-15-25kg,https://cdn0.woolworths.media/content/wowproductimages/medium/544755.jpg,2020-09-20 19:49:44,Average product rating out of 5: 3.9. Product score is based on 760 ratings,760,Was $10.00 11/06/2018,True
c5137efb-131c-4217-a4bb-9796be54185d,Woolworths Supermarket,Baby,Huggies Nappy Pants Toddler Girl 29pk,568619,$17.00,$0.59 / 1EA,https://www.woolworths.com.au/shop/productdetails/568619/huggies-nappy-pants-toddler-girl,https://cdn0.woolworths.media/content/wowproductimages/medium/568619.jpg,2020-09-20 19:49:44,,0,,True
7ac1e353-0e8e-4c04-b3ff-d6c85a249e2d,Woolworths Supermarket,Baby,Huggies Nappy Pants Junior Boy 24pk,568656,$17.00,$0.71 / 1EA,https://www.woolworths.com.au/shop/productdetails/568656/huggies-nappy-pants-junior-boy,https://cdn0.woolworths.media/content/wowproductimages/medium/568656.jpg,2020-09-20 19:49:44,,0,,True
9407583a-decd-4100-8114-7e9c9a8b3db0,Woolworths Supermarket,Baby,Huggies Nappy Pants Junior Girl 24pk,568657,$17.00,$0.71 / 1EA,https://www.woolworths.com.au/shop/productdetails/568657/huggies-nappy-pants-junior-girl,https://cdn0.woolworths.media/content/wowproductimages/medium/568657.jpg,2020-09-20 19:49:44,,0,,True
45e230d9-3c6f-4aaf-beac-c27335e6986f,Woolworths Supermarket,Baby,Huggies Nappy Pants Walker Boy 26pk,568730,$17.00,$0.65 / 1EA,https://www.woolworths.com.au/shop/productdetails/568730/huggies-nappy-pants-walker-boy,https://cdn0.woolworths.media/content/wowproductimages/medium/568730.jpg,2020-09-20 19:49:44,,0,,True
2b223b3e-5b81-4262-b8d6-f8a0640135a2,Woolworths Supermarket,Baby,Huggies Nappy Pants Walker Girl 26pk,568731,$17.00,$0.65 / 1EA,https://www.woolworths.com.au/shop/productdetails/568731/huggies-nappy-pants-walker-girl,https://cdn0.woolworths.media/content/wowproductimages/medium/568731.jpg,2020-09-20 19:49:44,,0,,True
f84fbf3e-a043-440d-a11e-19fc146ff898,Woolworths Supermarket,Baby,Huggies Newborn Nappies 54 pack,569376,$16.00,$0.30 / 1EA,https://www.woolworths.com.au/shop/productdetails/569376/huggies-newborn-nappies,https://cdn0.woolworths.media/content/wowproductimages/medium/569376.jpg,2020-09-20 19:49:44,,0,,True
46c6989e-726d-4590-a8a7-edbc6ebe790e,Woolworths Supermarket,Baby,Nestle Nan Supreme 4 Toddler 12+ Months Milk Formula Powder 800g,575615,$22.00,$2.75 / 100G,https://www.woolworths.com.au/shop/productdetails/575615/nestle-nan-supreme-4-toddler-12-months-milk-formula-powder,https://cdn0.woolworths.media/content/wowproductimages/medium/575615.jpg,2020-09-20 19:49:44,,0,,True
8dcb88e5-3978-40e8-8d9c-121bf70ec33d,Woolworths Supermarket,Baby,Bonds 100 Crew Socks Size 6-12m & 1-2y each,603301,$8.00,,https://www.woolworths.com.au/shop/productdetails/603301/bonds-100-crew-socks-size-6-12m-1-2y,https://cdn0.woolworths.media/content/wowproductimages/medium/603301.jpg,2020-09-20 19:49:44,,0,Designs may vary,True
2de7b45b-3b6f-43a0-87aa-f5f03ba8474d,Woolworths Supermarket,Baby,Bonds Stretchies Bib One Size each,603306,$14.00,$14.00 / 1EA,https://www.woolworths.com.au/shop/productdetails/603306/bonds-stretchies-bib-one-size,https://cdn0.woolworths.media/content/wowproductimages/medium/603306.jpg,2020-09-20 19:49:44,,0,Designs may vary,True
3368a8a3-d5b5-4fd6-a017-c1ca2a9f78af,Woolworths Supermarket,Baby,Bonds Zip Romper Girls Size 000 To 2 each,603308,$20.00,,https://www.woolworths.com.au/shop/productdetails/603308/bonds-zip-romper-girls-size-000-to-2,https://cdn0.woolworths.media/content/wowproductimages/medium/603308.jpg,2020-09-20 19:49:44,,0,Designs may vary,True
31b6d664-f424-403f-bd14-a6dc653b9074,Woolworths Supermarket,Baby,Tommee Tippee Closer To Nature Night-time Soothers 18 To 36 Months 2 pack,612568,$11.00,$11.00 / 1EA,https://www.woolworths.com.au/shop/productdetails/612568/tommee-tippee-closer-to-nature-night-time-soothers-18-to-36-months,https://cdn0.woolworths.media/content/wowproductimages/medium/612568.jpg,2020-09-20 19:49:44,,0,,True
996d44d6-3654-473d-baa1-7199d61759ba,Woolworths Supermarket,Baby,Tommee Tippee Decorated Cherry Latex Soothers 0 To 6 Months 2 pack,612576,$5.00,$5.00 / 1EA,https://www.woolworths.com.au/shop/productdetails/612576/tommee-tippee-decorated-cherry-latex-soothers-0-to-6-months,https://cdn0.woolworths.media/content/wowproductimages/medium/612576.jpg,2020-09-20 19:49:44,,0,Was $6.00 26/11/2018,True
2ab63943-b05c-450e-bc2f-9bed59816975,Woolworths Supermarket,Baby,Tommee Tippee Decorated Cherry Latex Soothers 6 To 18 Months 2 pack,612631,$5.00,$5.00 / 1EA,https://www.woolworths.com.au/shop/productdetails/612631/tommee-tippee-decorated-cherry-latex-soothers-6-to-18-months,https://cdn0.woolworths.media/content/wowproductimages/medium/612631.jpg,2020-09-20 19:49:44,,0,Was $6.00 26/11/2018,True
5602bf86-9e4d-433b-a3d4-8ea54327cba8,Woolworths Supermarket,Baby,Tommee Tippee Soft Rim Orthodontic Latex Soother 6 To 18 Months 2 pack,612632,$5.00,$5.00 / 1EA,https://www.woolworths.com.au/shop/productdetails/612632/tommee-tippee-soft-rim-orthodontic-latex-soother-6-to-18-months,https://cdn0.woolworths.media/content/wowproductimages/medium/612632.jpg,2020-09-20 19:49:44,,0,Was $6.00 26/11/2018,True
41ee55a9-0dec-4463-b991-69b814241f01,Woolworths Supermarket,Baby,Thankyou. Jumbo Nappies Walker 13-18kg 64ea,629972,$24.00,$0.38 / 1EA,https://www.woolworths.com.au/shop/productdetails/629972/thankyou-jumbo-nappies-walker-13-18kg,https://cdn0.woolworths.media/content/wowproductimages/medium/629972.jpg,2020-09-20 19:49:44,,0,,True
4ad98832-83df-4986-a59a-1ed193bbd2ec,Woolworths Supermarket,Baby,Huggies Wipes With Coconut 3x80pk,632910,$11.50,$4.79 / 100EA,https://www.woolworths.com.au/shop/productdetails/632910/huggies-wipes-with-coconut,https://cdn0.woolworths.media/content/wowproductimages/medium/632910.jpg,2020-09-20 19:49:44,,0,,True
f939abc1-de26-4a32-9cb4-0f83e09c7d32,Woolworths Supermarket,Baby,Rafferty's Garden My First Apple 4+months 120g,633987,$1.65,$1.38 / 100G,https://www.woolworths.com.au/shop/productdetails/633987/rafferty-s-garden-my-first-apple-4-months,https://cdn0.woolworths.media/content/wowproductimages/medium/633987.jpg,2020-09-20 19:49:44,,0,Was $2.00 16/06/2016,True
b689e7c6-bf29-423d-86e7-05b9c0333ffe,Woolworths Supermarket,Baby,Rafferty's Garden My First Pear 4+months 120g,633988,$1.65,$1.38 / 100G,https://www.woolworths.com.au/shop/productdetails/633988/rafferty-s-garden-my-first-pear-4-months,https://cdn0.woolworths.media/content/wowproductimages/medium/633988.jpg,2020-09-20 19:49:44,,0,Was $2.00 16/06/2016,True
69b363c5-888f-4b6d-81be-525fac002f5b,Woolworths Supermarket,Baby,Aveeno Baby Calming Comfort Bath 236ml,643656,$10.00,$4.24 / 100ML,https://www.woolworths.com.au/shop/productdetails/643656/aveeno-baby-calming-comfort-bath,https://cdn0.woolworths.media/content/wowproductimages/medium/643656.jpg,2020-09-20 19:49:44,,0,,True
a30e5705-57c1-495f-be30-1ac646c68cd8,Woolworths Supermarket,Baby,Milton Antibacterial Surface Wipes 30 pack,644994,$4.00,$13.33 / 100EA,https://www.woolworths.com.au/shop/productdetails/644994/milton-antibacterial-surface-wipes,https://cdn0.woolworths.media/content/wowproductimages/medium/644994.jpg,2020-09-20 19:49:44,,0,,True
cdf69c5b-0397-4fda-a3fa-1b98597191f4,Woolworths Supermarket,Baby,A2 Platinum Premium Junior Milk Drink Stage 4 From 3 Years+ 900g,649428,$33.60,$3.73 / 100G,https://www.woolworths.com.au/shop/productdetails/649428/a2-platinum-premium-junior-milk-drink-stage-4-from-3-years-,https://cdn0.woolworths.media/content/wowproductimages/medium/649428.jpg,2020-09-20 19:49:44,,0,,True
c7d296d8-9746-4be0-b61f-d328153194b2,Woolworths Supermarket,Baby,S-26 Gold Alula Newborn 0 -6 Months 900g,654782,$23.00,$2.56 / 100G,https://www.woolworths.com.au/shop/productdetails/654782/s-26-gold-alula-newborn-0-6-months,https://cdn0.woolworths.media/content/wowproductimages/medium/654782.jpg,2020-09-20 19:49:44,,0,,True
dbfa4893-af31-4600-b745-73e78d6fe861,Woolworths Supermarket,Baby,S-26 Gold Alula Progress 6- 12 Months 900g,654783,$23.00,$2.56 / 100G,https://www.woolworths.com.au/shop/productdetails/654783/s-26-gold-alula-progress-6-12-months,https://cdn0.woolworths.media/content/wowproductimages/medium/654783.jpg,2020-09-20 19:49:44,,0,,True
bf132902-f475-4b3d-aaf2-c0a45d60c2ba,Woolworths Supermarket,Baby,S-26 Gold Alula Junior 2 Years + 900g,654784,$20.00,$2.22 / 100G,https://www.woolworths.com.au/shop/productdetails/654784/s-26-gold-alula-junior-2-years-,https://cdn0.woolworths.media/content/wowproductimages/medium/654784.jpg,2020-09-20 19:49:44,,0,,True
67884721-445b-4bd1-bfae-f93ac569ef7c,Woolworths Supermarket,Baby,S-26 Original Alula Newborn 0 - 6 Months 900g,654785,$17.00,$1.89 / 100G,https://www.woolworths.com.au/shop/productdetails/654785/s-26-original-alula-newborn-0-6-months,https://cdn0.woolworths.media/content/wowproductimages/medium/654785.jpg,2020-09-20 19:49:44,,0,Was $19.25 19/03/2018,True
2e282945-b23e-463e-9e92-1602ecec1556,Woolworths Supermarket,Baby,S-26 Gold Alula Delicateeze 0 - 12 Months 850g,654787,$21.00,$2.47 / 100G,https://www.woolworths.com.au/shop/productdetails/654787/s-26-gold-alula-delicateeze-0-12-months,https://cdn0.woolworths.media/content/wowproductimages/medium/654787.jpg,2020-09-20 19:49:44,,0,,True
c5fbab69-e13a-46dd-944e-42bb6c8999a8,Woolworths Supermarket,Baby,S-26 Gold Alula Li 900g,654788,$21.00,$2.33 / 100G,https://www.woolworths.com.au/shop/productdetails/654788/s-26-gold-alula-li,https://cdn0.woolworths.media/content/wowproductimages/medium/654788.jpg,2020-09-20 19:49:44,,0,,True
bca55e8c-6bb9-4ada-96a8-ac0b18b9b051,Woolworths Supermarket,Baby,Infacare Aspen Newborn 0 - 12 Months 900g,654789,$13.00,$1.44 / 100G,https://www.woolworths.com.au/shop/productdetails/654789/infacare-aspen-newborn-0-12-months,https://cdn0.woolworths.media/content/wowproductimages/medium/654789.jpg,2020-09-20 19:49:44,,0,Was $15.00 05/03/2018,True
12d34aad-1d2d-4405-ba55-0b66bbf404e1,Woolworths Supermarket,Baby,S-26 Gold Alula Toddler 1 Year + 900g,654791,$20.00,$2.22 / 100G,https://www.woolworths.com.au/shop/productdetails/654791/s-26-gold-alula-toddler-1-year-,https://cdn0.woolworths.media/content/wowproductimages/medium/654791.jpg,2020-09-20 19:49:44,,0,,True
542d671f-7f5a-472d-b158-8cb442892c53,Woolworths Supermarket,Baby,S-26 Original Alula Progress 6 - 12 Months 900g,654818,$17.00,$1.89 / 100G,https://www.woolworths.com.au/shop/productdetails/654818/s-26-original-alula-progress-6-12-months,https://cdn0.woolworths.media/content/wowproductimages/medium/654818.jpg,2020-09-20 19:49:44,,0,Was $19.25 19/03/2018,True
52c9f1ec-b59b-49a1-adcf-b066f411f276,Woolworths Supermarket,Baby,S-26 Gold Alula Anti Reflux 0-12months 900g,655077,$21.00,$2.33 / 100G,https://www.woolworths.com.au/shop/productdetails/655077/s-26-gold-alula-anti-reflux-0-12months,https://cdn0.woolworths.media/content/wowproductimages/medium/655077.jpg,2020-09-20 19:49:44,,0,,True
75c1229c-aad4-4435-bc3f-9d659265ee70,Woolworths Supermarket,Baby,Johnson's Baby Lotion 500ml,658324,$9.50,$1.90 / 100ML,https://www.woolworths.com.au/shop/productdetails/658324/johnson-s-baby-lotion,https://cdn0.woolworths.media/content/wowproductimages/medium/658324.jpg,2020-09-20 19:49:44,,0,,True
d8041b4f-4cc4-4a60-baba-ba5139fee37e,Woolworths Supermarket,Baby,Woolworths Apple Pear & Cinnamon 120g,669673,$1.00,$0.83 / 100G,https://www.woolworths.com.au/shop/productdetails/669673/woolworths-apple-pear-cinnamon,https://cdn0.woolworths.media/content/wowproductimages/medium/669673.jpg,2020-09-20 19:49:44,Average product rating out of 5: 4.3. Product score is based on 285 ratings,285,,True
865024b1-4dad-4fa5-ada2-e312765f7260,Woolworths Supermarket,Baby,Woolworths Smiling Tums 6 Months+ Sweet Potato Carrot & Parsnip 120g,669674,$1.00,$0.83 / 100G,https://www.woolworths.com.au/shop/productdetails/669674/woolworths-smiling-tums-6-months-sweet-potato-carrot-parsnip,https://cdn0.woolworths.media/content/wowproductimages/medium/669674.jpg,2020-09-20 19:49:44,Average product rating out of 5: 3.7. Product score is based on 323 ratings,323,,True
3a000e28-b5f7-4288-b503-cd33be7b9438,Woolworths Supermarket,Baby,Huggies Infant Nappies 48 pack,673363,$16.00,$0.33 / 1EA,https://www.woolworths.com.au/shop/productdetails/673363/huggies-infant-nappies,https://cdn0.woolworths.media/content/wowproductimages/medium/673363.jpg,2020-09-20 19:49:44,,0,,True
b3839e92-4120-4f30-874b-df62928d7fe0,Woolworths Supermarket,Baby,Huggies Jumbo Infant Nappies Nappies 96 pack,673364,$30.00,$0.31 / 1EA,https://www.woolworths.com.au/shop/productdetails/673364/huggies-jumbo-infant-nappies-nappies,https://cdn0.woolworths.media/content/wowproductimages/medium/673364.jpg,2020-09-20 19:49:44,,0,Was $33.00 25/01/2018,True
85ded31f-782c-4533-913e-9d1a3d8890d2,Woolworths Supermarket,Baby,Naty Nappies Bulk Size 3 50 pack,675218,$22.00,$0.44 / 1EA,https://www.woolworths.com.au/shop/productdetails/675218/naty-nappies-bulk-size-3,https://cdn0.woolworths.media/content/wowproductimages/medium/675218.jpg,2020-09-20 19:49:44,,0,,True
23df1314-099f-43c7-8031-33032372d437,Woolworths Supermarket,Baby,Naty Nappies Bulk Size 4 44 pack,676127,$22.00,$0.50 / 1EA,https://www.woolworths.com.au/shop/productdetails/676127/naty-nappies-bulk-size-4,https://cdn0.woolworths.media/content/wowproductimages/medium/676127.jpg,2020-09-20 19:49:44,,0,,True
6a69fd93-e351-40c6-b26d-f0c05d90a5e8,Woolworths Supermarket,Baby,Naty Nappies Bulk Size 5 40 pack,676128,$22.00,$0.55 / 1EA,https://www.woolworths.com.au/shop/productdetails/676128/naty-nappies-bulk-size-5,https://cdn0.woolworths.media/content/wowproductimages/medium/676128.jpg,2020-09-20 19:49:44,,0,,True
9c0b22cc-a702-43cc-b410-e711f4dd3d91,Woolworths Supermarket,Baby,Aptamil Gold+ Infant Formula Multipack Sachet 21.9g x5 pack,680871,$4.00,$3.65 / 100G,https://www.woolworths.com.au/shop/productdetails/680871/aptamil-gold-infant-formula-multipack-sachet,https://cdn0.woolworths.media/content/wowproductimages/medium/680871.jpg,2020-09-20 19:49:44,,0,Was $6.00 03/02/2020,True
e3a4554b-f92d-4621-8999-e64e83af22d6,Woolworths Supermarket,Baby,Aptamil Gold+ Follow-on Formula Multipack Sachet 30.8g x4 pack,680881,$4.00,$3.25 / 100G,https://www.woolworths.com.au/shop/productdetails/680881/aptamil-gold-follow-on-formula-multipack-sachet,https://cdn0.woolworths.media/content/wowproductimages/medium/680881.jpg,2020-09-20 19:49:44,,0,Was $6.00 03/02/2020,True
07dbf29d-bfcb-4c9e-8f34-18c473f2b6c6,Woolworths Supermarket,Baby,Karicare+ Stage 1 Infant Formula Sachet 5x21.9g,681304,$3.00,$2.74 / 100G,https://www.woolworths.com.au/shop/productdetails/681304/karicare-stage-1-infant-formula-sachet,https://cdn0.woolworths.media/content/wowproductimages/medium/681304.jpg,2020-09-20 19:49:44,,0,Was $5.00 03/02/2020,True
6f6d3014-0e0c-4f44-850b-2af9c7a635db,Woolworths Supermarket,Baby,Tommee Tippee Closer To Nature Moda Feeding Bottles 260ml 2 pack,686709,$19.00,$9.50 / 1EA,https://www.woolworths.com.au/shop/productdetails/686709/tommee-tippee-closer-to-nature-moda-feeding-bottles-260ml,https://cdn0.woolworths.media/content/wowproductimages/medium/686709.jpg,2020-09-20 19:49:44,,0,,True
279a4fa8-5dd5-423f-abfe-5e478cf09bbf,Woolworths Supermarket,Baby,Tommee Tippee Closer To Nature Moda Soothers 6 To 18 Months 2 pack,686729,$11.00,$5.50 / 1EA,https://www.woolworths.com.au/shop/productdetails/686729/tommee-tippee-closer-to-nature-moda-soothers-6-to-18-months,https://cdn0.woolworths.media/content/wowproductimages/medium/686729.jpg,2020-09-20 19:49:44,,0,,True
3e27a261-bfbf-4255-828e-269f02c2c349,Woolworths Supermarket,Baby,Bonds Baby Stretchy Legging Girl Size 000 To 2 each,693929,$12.00,$12.00 / 1EA,https://www.woolworths.com.au/shop/productdetails/693929/bonds-baby-stretchy-legging-girl-size-000-to-2,https://cdn0.woolworths.media/content/wowproductimages/medium/693929.jpg,2020-09-20 19:49:44,,0,Designs may vary,True
8cd66ac3-6672-4ef7-b6fe-4a2098b480d1,Woolworths Supermarket,Baby,Bonds Baby Stretchy Legging Boy Size 000 To 2 each,694020,$12.00,$12.00 / 1EA,https://www.woolworths.com.au/shop/productdetails/694020/bonds-baby-stretchy-legging-boy-size-000-to-2,https://cdn0.woolworths.media/content/wowproductimages/medium/694020.jpg,2020-09-20 19:49:44,,0,Designs may vary,True
a3aa3c77-860f-4d10-b329-0f6efbcb6965,Woolworths Supermarket,Baby,Woolworths Smiling Tums 6 Months+ Chicken & Vegetables 120g,694220,$1.00,$0.83 / 100G,https://www.woolworths.com.au/shop/productdetails/694220/woolworths-smiling-tums-6-months-chicken-vegetables,https://cdn0.woolworths.media/content/wowproductimages/medium/694220.jpg,2020-09-20 19:49:44,Average product rating out of 5: 3.9. Product score is based on 289 ratings,289,,True
406f08bc-421a-414e-965d-c0e085bdfd5c,Woolworths Supermarket,Baby,Curash Medicated Nappy Rash Spray 50ml,696174,$10.00,$20.00 / 100ML,https://www.woolworths.com.au/shop/productdetails/696174/curash-medicated-nappy-rash-spray,https://cdn0.woolworths.media/content/wowproductimages/medium/696174.jpg,2020-09-20 19:49:44,,0,,True
c30c801d-5a99-4a97-bb53-df66c08bba3b,Woolworths Supermarket,Baby,Little Bodies Eczema Relief Cream 56g,697786,$13.00,$23.21 / 100G,https://www.woolworths.com.au/shop/productdetails/697786/little-bodies-eczema-relief-cream,https://cdn0.woolworths.media/content/wowproductimages/medium/697786.jpg,2020-09-20 19:49:44,,0,,True
002ff72c-f490-4d63-a0ae-e49a957138e9,Woolworths Supermarket,Baby,Little Bodies Eczema Relief Wash & Shampoo 210ml,697787,$11.00,$5.24 / 100ML,https://www.woolworths.com.au/shop/productdetails/697787/little-bodies-eczema-relief-wash-shampoo,https://cdn0.woolworths.media/content/wowproductimages/medium/697787.jpg,2020-09-20 19:49:44,,0,,True
96224de6-1e3e-46c2-a621-c4c009cfdc7c,Woolworths Supermarket,Baby,Little Bodies Eczema Relief Lotion 175ml,697801,$13.00,$7.43 / 100ML,https://www.woolworths.com.au/shop/productdetails/697801/little-bodies-eczema-relief-lotion,https://cdn0.woolworths.media/content/wowproductimages/medium/697801.jpg,2020-09-20 19:49:44,,0,,True
d9ecf17b-4be8-44b9-87ab-f61ace3597f2,Woolworths Supermarket,Baby,Waterwipes Fragrance Free Sensitive Skin Baby Wipes 180 pack,698624,$19.50,$10.83 / 100EA,https://www.woolworths.com.au/shop/productdetails/698624/waterwipes-fragrance-free-sensitive-skin-baby-wipes,https://cdn0.woolworths.media/content/wowproductimages/medium/698624.jpg,2020-09-20 19:49:44,,0,,True
7775e8d8-71bf-43e3-af0a-44a295b1eb8d,Woolworths Supermarket,Baby,Gaia Baby Wipes 240 pack,699138,$14.70,$6.13 / 100EA,https://www.woolworths.com.au/shop/productdetails/699138/gaia-baby-wipes,https://cdn0.woolworths.media/content/wowproductimages/medium/699138.jpg,2020-09-20 19:49:44,,0,,True
c67823cc-96f4-4f49-bb90-76aa90ac5953,Woolworths Supermarket,Baby,Only Organic Wild Rice Risotto Spring Lamb Wild Rice Risotto Spring Lamb 120g,710423,$2.00,$1.67 / 100G,https://www.woolworths.com.au/shop/productdetails/710423/only-organic-wild-rice-risotto-spring-lamb-wild-rice-risotto-spring-lamb,https://cdn0.woolworths.media/content/wowproductimages/medium/710423.jpg,2020-09-20 19:49:44,,0,4 for $6.00 $1.25/100G,True
b8fec189-6371-45fc-adc8-550fe86311b7,Woolworths Supermarket,Baby,Only Organic 8 Months+ Carrot Red Lentils & Cheddar 120g,710425,$2.00,$1.67 / 100G,https://www.woolworths.com.au/shop/productdetails/710425/only-organic-8-months-carrot-red-lentils-cheddar,https://cdn0.woolworths.media/content/wowproductimages/medium/710425.jpg,2020-09-20 19:49:44,,0,4 for $6.00 $1.25/100G,True
19daf35d-554f-46ab-ba19-43e872c154e9,Woolworths Supermarket,Baby,Babylove Nappy Pants Jumbo Toddler 9-14kg 56 pack,711371,$27.00,$0.48 / 1EA,https://www.woolworths.com.au/shop/productdetails/711371/babylove-nappy-pants-jumbo-toddler-9-14kg,https://cdn0.woolworths.media/content/wowproductimages/medium/711371.jpg,2020-09-20 19:49:44,,0,,True
99f72623-ddc8-419c-b5d7-8a2b563b4440,Woolworths Supermarket,Baby,Babylove Nappy Pants Jumbo Junior 15-25kg 42 pack,711380,$27.00,$0.64 / 1EA,https://www.woolworths.com.au/shop/productdetails/711380/babylove-nappy-pants-jumbo-junior-15-25kg,https://cdn0.woolworths.media/content/wowproductimages/medium/711380.jpg,2020-09-20 19:49:44,,0,,True
9ea75c75-a52d-4308-82c4-8a80b8dae545,Woolworths Supermarket,Baby,Babylove Sleepy Nights Overnight Pants 18-35kg 9 pack,715632,$10.00,$1.11 / 1EA,https://www.woolworths.com.au/shop/productdetails/715632/babylove-sleepy-nights-overnight-pants-18-35kg,https://cdn0.woolworths.media/content/wowproductimages/medium/715632.jpg,2020-09-20 19:49:44,,0,,True
d8e5e348-5e18-408f-b910-198871a5e662,Woolworths Supermarket,Baby,Phillips Avent Translucent Soother 6-18 Months 2 pack,716273,$12.50,$6.25 / 1EA,https://www.woolworths.com.au/shop/productdetails/716273/phillips-avent-translucent-soother-6-18-months,https://cdn0.woolworths.media/content/wowproductimages/medium/716273.jpg,2020-09-20 19:49:44,,0,Designs may vary,True
e28307fa-7540-443c-8553-f797c1b43197,Woolworths Supermarket,Baby,Ecostore Baby Bubble Bath 500ml,721040,$14.00,$2.80 / 100ML,https://www.woolworths.com.au/shop/productdetails/721040/ecostore-baby-bubble-bath,https://cdn0.woolworths.media/content/wowproductimages/medium/721040.jpg,2020-09-20 19:49:44,,0,,True
0e9b8f9b-a3aa-4837-ba60-2a3da2aa3473,Woolworths Supermarket,Baby,Farex Breakfast On The Go 6 Months Creamy Baby Porridge W/ Apple 120g,721255,$1.50,$1.25 / 100G,https://www.woolworths.com.au/shop/productdetails/721255/farex-breakfast-on-the-go-6-months-creamy-baby-porridge-w-apple,https://cdn0.woolworths.media/content/wowproductimages/medium/721255.jpg,2020-09-20 19:49:44,,0,,True
eed8c3d0-f081-4205-9722-e4b389f5ba7a,Woolworths Supermarket,Baby,Huggies Ultra Dry Nappies Walker 13-18kg Boy 64 pack,724633,$30.00,$0.47 / 1EA,https://www.woolworths.com.au/shop/productdetails/724633/huggies-ultra-dry-nappies-walker-13-18kg-boy,https://cdn0.woolworths.media/content/wowproductimages/medium/724633.jpg,2020-09-20 19:49:44,,0,Was $33.00 25/01/2018,True
98ba9479-579e-402a-8221-c6d361cb94e3,Woolworths Supermarket,Baby,Huggies Ultra Dry Nappies Walker 13-18kg Girl 64pk jumbo,724643,$30.00,$0.47 / 1EA,https://www.woolworths.com.au/shop/productdetails/724643/huggies-ultra-dry-nappies-walker-13-18kg-girl,https://cdn0.woolworths.media/content/wowproductimages/medium/724643.jpg,2020-09-20 19:49:44,,0,Was $33.00 25/01/2018,True
1fa56cb4-c82a-4765-b1ca-9b758793eeb1,Woolworths Supermarket,Baby,Huggies Ultra Dry Nappies Crawler 6-11kg Girl 90pk jumbo,724652,$30.00,$0.33 / 1EA,https://www.woolworths.com.au/shop/productdetails/724652/huggies-ultra-dry-nappies-crawler-6-11kg-girl,https://cdn0.woolworths.media/content/wowproductimages/medium/724652.jpg,2020-09-20 19:49:44,,0,Was $33.00 25/01/2018,True
edcd3346-2cba-4b51-ae14-e5e2f4038c78,Woolworths Supermarket,Baby,Huggies Ultra Dry Nappies Crawler 6-11kg Boy 90pk jumbo,724670,$30.00,$0.33 / 1EA,https://www.woolworths.com.au/shop/productdetails/724670/huggies-ultra-dry-nappies-crawler-6-11kg-boy,https://cdn0.woolworths.media/content/wowproductimages/medium/724670.jpg,2020-09-20 19:49:44,,0,Was $33.00 25/01/2018,True
f2862f0a-6b7b-47a6-b088-440faba33bae,Woolworths Supermarket,Baby,Little Wishes Spin & Sip Cups 6 Months+ each,725083,$5.00,$5.00 / 1EA,https://www.woolworths.com.au/shop/productdetails/725083/little-wishes-spin-sip-cups-6-months-,https://cdn0.woolworths.media/content/wowproductimages/medium/725083.jpg,2020-09-20 19:49:44,,0,,True
905821c2-a9c8-4a80-9ce7-0a0d76804701,Woolworths Supermarket,Baby,Sudocrem Nappy Cream 400g,729413,$25.50,$6.38 / 100G,https://www.woolworths.com.au/shop/productdetails/729413/sudocrem-nappy-cream,https://cdn0.woolworths.media/content/wowproductimages/medium/729413.jpg,2020-09-20 19:49:44,,0,,True
587b32dc-62ef-402e-af18-6bb843e66c39,Woolworths Supermarket,Baby,Essentials Talcum Powder 500g,738628,$2.50,$0.50 / 100G,https://www.woolworths.com.au/shop/productdetails/738628/essentials-talcum-powder,https://cdn0.woolworths.media/content/wowproductimages/medium/738628.jpg,2020-09-20 19:49:44,,0,,True
0cc328b1-3ebb-4376-877a-a7fab4850db7,Woolworths Supermarket,Baby,Tommee Tippee Closer To Nature Feeding Bottles 340ml 2 pack,740037,$20.00,$10.00 / 1EA,https://www.woolworths.com.au/shop/productdetails/740037/tommee-tippee-closer-to-nature-feeding-bottles-340ml,https://cdn0.woolworths.media/content/wowproductimages/medium/740037.jpg,2020-09-20 19:49:44,,0,,True
948faa5f-c5db-46ef-883b-f27ac0150d1c,Woolworths Supermarket,Baby,Babylove Nappy Pants Walker 12-17kg 25 pack,740039,$13.00,$0.52 / 1EA,https://www.woolworths.com.au/shop/productdetails/740039/babylove-nappy-pants-walker-12-17kg,https://cdn0.woolworths.media/content/wowproductimages/medium/740039.jpg,2020-09-20 19:49:44,,0,,True
8e410292-71ba-423f-b7a4-2023cfd2a756,Woolworths Supermarket,Baby,Babylove Nappy Pants Junior 15-25kg 22 pack,740040,$13.00,$0.59 / 1EA,https://www.woolworths.com.au/shop/productdetails/740040/babylove-nappy-pants-junior-15-25kg,https://cdn0.woolworths.media/content/wowproductimages/medium/740040.jpg,2020-09-20 19:49:44,,0,,True
2f69bf2b-07e3-4600-b8da-459c3460afa1,Woolworths Supermarket,Baby,Babylove Nappy Pants Toddler 9-14kg 28 pack,740127,$13.00,$0.46 / 1EA,https://www.woolworths.com.au/shop/productdetails/740127/babylove-nappy-pants-toddler-9-14kg,https://cdn0.woolworths.media/content/wowproductimages/medium/740127.jpg,2020-09-20 19:49:44,,0,,True
7c545e23-1e35-4e74-ae5a-a80a53c0787a,Woolworths Supermarket,Baby,Tommee Tippee Closer To Nature Medium Flow Teats 2 pack,740819,$7.70,$3.85 / 1EA,https://www.woolworths.com.au/shop/productdetails/740819/tommee-tippee-closer-to-nature-medium-flow-teats,https://cdn0.woolworths.media/content/wowproductimages/medium/740819.jpg,2020-09-20 19:49:44,,0,,True
ff6632c9-ef74-40a5-beed-c61fae042556,Woolworths Supermarket,Baby,Tommee Tippee Closer To Nature Fast Flow Teats 2 pack,740820,$7.70,$3.85 / 1EA,https://www.woolworths.com.au/shop/productdetails/740820/tommee-tippee-closer-to-nature-fast-flow-teats,https://cdn0.woolworths.media/content/wowproductimages/medium/740820.jpg,2020-09-20 19:49:44,,0,,True
f3f885ba-1dce-4a4a-a5ba-ed62a7a65900,Woolworths Supermarket,Baby,Rafferty's Garden Food 6 Months Pure Vanilla Custard 120g,742732,$1.65,$1.38 / 100G,https://www.woolworths.com.au/shop/productdetails/742732/rafferty-s-garden-food-6-months-pure-vanilla-custard,https://cdn0.woolworths.media/content/wowproductimages/medium/742732.jpg,2020-09-20 19:49:44,,0,Was $2.00 16/06/2016,True
12643818-e1b4-4863-bcda-c2a72a5db4ce,Woolworths Supermarket,Baby,Karicare Infant Formula Stage 1 From Birth 900g,743610,$18.00,$2.00 / 100G,https://www.woolworths.com.au/shop/productdetails/743610/karicare-infant-formula-stage-1-from-birth,https://cdn0.woolworths.media/content/wowproductimages/medium/743610.jpg,2020-09-20 19:49:44,,0,Was $20.00 07/09/2020,True
0b4947ce-db0f-442d-bf03-8be2227b5584,Woolworths Supermarket,Baby,Karicare Toddler Formula Stage 3 12 Months+ 900g,743687,$15.00,$1.67 / 100G,https://www.woolworths.com.au/shop/productdetails/743687/karicare-toddler-formula-stage-3-12-months-,https://cdn0.woolworths.media/content/wowproductimages/medium/743687.jpg,2020-09-20 19:49:44,,0,,True
696828db-060c-4068-bd78-ff99732f56d5,Woolworths Supermarket,Baby,Karicare Follow-on Formula Stage 2 6-12 Months 900g,743732,$18.00,$2.00 / 100G,https://www.woolworths.com.au/shop/productdetails/743732/karicare-follow-on-formula-stage-2-6-12-months,https://cdn0.woolworths.media/content/wowproductimages/medium/743732.jpg,2020-09-20 19:49:44,,0,Was $20.00 07/09/2020,True
dc9cc644-c64c-49cd-853a-1dd78d80eec4,Woolworths Supermarket,Baby,Karicare Toddler Formula Stage 4 From 2 Years 900g,743762,$15.00,$1.67 / 100G,https://www.woolworths.com.au/shop/productdetails/743762/karicare-toddler-formula-stage-4-from-2-years,https://cdn0.woolworths.media/content/wowproductimages/medium/743762.jpg,2020-09-20 19:49:44,,0,,True
36d6693e-2a58-458f-9070-230f8d4c59cc,Woolworths Supermarket,Baby,Waterwipes Fragrance Free Sensitive Skin Baby Wipes 60 pack,746640,$6.00,$10.00 / 100EA,https://www.woolworths.com.au/shop/productdetails/746640/waterwipes-fragrance-free-sensitive-skin-baby-wipes,https://cdn0.woolworths.media/content/wowproductimages/medium/746640.jpg,2020-09-20 19:49:44,,0,,True
a0d6eb56-352d-42be-8dfc-9bbf40e51260,Woolworths Supermarket,Baby,Tommee Tippee Discovera Active Tipper 350ml,747196,$11.00,$11.00 / 1EA,https://www.woolworths.com.au/shop/productdetails/747196/tommee-tippee-discovera-active-tipper,https://cdn0.woolworths.media/content/wowproductimages/medium/747196.jpg,2020-09-20 19:49:44,,0,,True
4272f3f0-5b66-4785-93d2-0325160f54e6,Woolworths Supermarket,Baby,Aptamil Gold+ De-lact Lactose Free Formula 0-12mnths 900g,757965,$25.00,$2.78 / 100G,https://www.woolworths.com.au/shop/productdetails/757965/aptamil-gold-de-lact-lactose-free-formula-0-12mnths,https://cdn0.woolworths.media/content/wowproductimages/medium/757965.jpg,2020-09-20 19:49:44,,0,,True
d337d747-3b87-4e16-a071-8011956a2243,Woolworths Supermarket,Baby,Farex On The Go 4 Months+ Pear & Apricot Rice 120g,763954,$1.50,$1.25 / 100G,https://www.woolworths.com.au/shop/productdetails/763954/farex-on-the-go-4-months-pear-apricot-rice,https://cdn0.woolworths.media/content/wowproductimages/medium/763954.jpg,2020-09-20 19:49:44,,0,,True
0e96f2e2-78d3-4876-84aa-536e14782bd2,Woolworths Supermarket,Baby,Nestle Nan Comfort 1 Starter 0-6 Months Baby Formula Powder 800g,765118,$17.00,$2.13 / 100G,https://www.woolworths.com.au/shop/productdetails/765118/nestle-nan-comfort-1-starter-0-6-months-baby-formula-powder,https://cdn0.woolworths.media/content/wowproductimages/medium/765118.jpg,2020-09-20 19:49:44,,0,Was $19.99 04/08/16,True
38f40583-7232-4b25-ae39-707fe2bfa26a,Woolworths Supermarket,Baby,Earthwise Baby Shampoo With Goats Milk 275ml,766316,$8.00,$2.91 / 100ML,https://www.woolworths.com.au/shop/productdetails/766316/earthwise-baby-shampoo-with-goats-milk,https://cdn0.woolworths.media/content/wowproductimages/medium/766316.jpg,2020-09-20 19:49:44,,0,,True
c3205fa3-7f4e-4a87-b30a-3c0ba5cd83cc,Woolworths Supermarket,Baby,Earthwise Bubble Bath 275ml,766324,$8.00,$2.91 / 100ML,https://www.woolworths.com.au/shop/productdetails/766324/earthwise-bubble-bath,https://cdn0.woolworths.media/content/wowproductimages/medium/766324.jpg,2020-09-20 19:49:44,,0,,True
95ddf2e9-1b95-4a11-b719-a391e7296fab,Woolworths Supermarket,Baby,Earthwise Baby Body Wash Goats Milk 275ml,766335,$8.00,$2.91 / 100ML,https://www.woolworths.com.au/shop/productdetails/766335/earthwise-baby-body-wash-goats-milk,https://cdn0.woolworths.media/content/wowproductimages/medium/766335.jpg,2020-09-20 19:49:44,,0,,True
ce818d20-252c-4c7d-beef-6df6c8f7b928,Woolworths Supermarket,Baby,Little Bellies Organic Sultanas 6 pack,766376,$2.00,$2.38 / 100G,https://www.woolworths.com.au/shop/productdetails/766376/little-bellies-organic-sultanas,https://cdn0.woolworths.media/content/wowproductimages/medium/766376.jpg,2020-09-20 19:49:44,,0,,True
8788818a-bad2-483b-a5c0-9d1e38af0c57,Woolworths Supermarket,Baby,Curash Baby Wipes Simply Water 80 pack,784649,$5.50,$6.88 / 100EA,https://www.woolworths.com.au/shop/productdetails/784649/curash-baby-wipes-simply-water,https://cdn0.woolworths.media/content/wowproductimages/medium/784649.jpg,2020-09-20 19:49:44,,0,,True
6364b881-5233-47d5-ad53-f6dd3fd0abc4,Woolworths Supermarket,Baby,Huggies Drynites Pyjama Pants 2-4yrs Boy 11 pack,789641,$12.00,$1.09 / 1EA,https://www.woolworths.com.au/shop/productdetails/789641/huggies-drynites-pyjama-pants-2-4yrs-boy,https://cdn0.woolworths.media/content/wowproductimages/medium/789641.jpg,2020-09-20 19:49:44,,0,,True
346b30ca-3c61-4c80-9de1-e4031063818b,Woolworths Supermarket,Baby,Huggies Drynites Pyjama Pants 2-4yrs Girl 11 pack,789646,$12.00,$1.09 / 1EA,https://www.woolworths.com.au/shop/productdetails/789646/huggies-drynites-pyjama-pants-2-4yrs-girl,https://cdn0.woolworths.media/content/wowproductimages/medium/789646.jpg,2020-09-20 19:49:44,,0,,True
d12f4c6d-209c-45cf-8c59-c9f6d17874e9,Woolworths Supermarket,Baby,"Heinz 8 Months+ Apple, Blueberry & Strawberry 120g",790513,$1.50,$1.25 / 100G,https://www.woolworths.com.au/shop/productdetails/790513/heinz-8-months-apple-blueberry-strawberry,https://cdn0.woolworths.media/content/wowproductimages/medium/790513.jpg,2020-09-20 19:49:44,,0,,True
edb555a8-d49c-4335-b7ae-2e168dd2c763,Woolworths Supermarket,Baby,"Heinz 6 Months+ Chicken, Sweetcorn And Mango 120g",790523,$1.50,$1.25 / 100G,https://www.woolworths.com.au/shop/productdetails/790523/heinz-6-months-chicken-sweetcorn-and-mango,https://cdn0.woolworths.media/content/wowproductimages/medium/790523.jpg,2020-09-20 19:49:44,,0,,True
73a729bb-4dd1-472d-8396-ba7dc768c536,Woolworths Supermarket,Baby,Bellamy's Organic Baby Rice With Prebiotic 4+ Months 125g,791640,$4.20,$3.36 / 100G,https://www.woolworths.com.au/shop/productdetails/791640/bellamy-s-organic-baby-rice-with-prebiotic-4-months,https://cdn0.woolworths.media/content/wowproductimages/medium/791640.jpg,2020-09-20 19:49:44,,0,,True
1f864993-32ff-4991-83c3-5de26d371667,Woolworths Supermarket,Baby,Bellamy's Organic Banana Custard With Flaxseed 6 Months 120g,796173,$2.30,$1.92 / 100G,https://www.woolworths.com.au/shop/productdetails/796173/bellamy-s-organic-banana-custard-with-flaxseed-6-months,https://cdn0.woolworths.media/content/wowproductimages/medium/796173.jpg,2020-09-20 19:49:44,,0,,True
958f7d2c-148d-4e17-bef9-5ee92fbd5042,Woolworths Supermarket,Baby,Bellamy's Organic Vanilla & Pear Custard With Chia Seeds 8 Months 120g,796215,$2.30,$1.92 / 100G,https://www.woolworths.com.au/shop/productdetails/796215/bellamy-s-organic-vanilla-pear-custard-with-chia-seeds-8-months,https://cdn0.woolworths.media/content/wowproductimages/medium/796215.jpg,2020-09-20 19:49:44,,0,,True
1ab78224-c4a6-4d2d-9338-b41a443529c8,Woolworths Supermarket,Baby,Bellamy's Organic Banana & Apple Porridge 4 Months 120g,796421,$2.00,$1.67 / 100G,https://www.woolworths.com.au/shop/productdetails/796421/bellamy-s-organic-banana-apple-porridge-4-months,https://cdn0.woolworths.media/content/wowproductimages/medium/796421.jpg,2020-09-20 19:49:44,,0,,True
36731eec-4011-4507-b794-c250a2aaa87c,Woolworths Supermarket,Baby,Bellamy's Organic Apple & Fig Oatmeal 4 Months 120g,798475,$2.00,$1.67 / 100G,https://www.woolworths.com.au/shop/productdetails/798475/bellamy-s-organic-apple-fig-oatmeal-4-months,https://cdn0.woolworths.media/content/wowproductimages/medium/798475.jpg,2020-09-20 19:49:44,,0,,True
7cbbfd16-d7a7-445b-bafa-c7cff8a5b552,Woolworths Supermarket,Baby,Aptamil Colic & Constipation Infant Formula 900g,807364,$28.00,$3.11 / 100G,https://www.woolworths.com.au/shop/productdetails/807364/aptamil-colic-constipation-infant-formula,https://cdn0.woolworths.media/content/wowproductimages/medium/807364.jpg,2020-09-20 19:49:44,,0,,True
013c90c1-a6d5-4504-868d-7fcda81cdbd2,Woolworths Supermarket,Baby,Huggies Ultimate Nappies Size 3 72 pack,807663,$30.00,$0.42 / 1EA,https://www.woolworths.com.au/shop/productdetails/807663/huggies-ultimate-nappies-size-3,https://cdn0.woolworths.media/content/wowproductimages/medium/807663.jpg,2020-09-20 19:49:44,,0,Was $33.00 25/01/2018,True
e1ed400b-4a3b-4a46-88c8-8c81ad5c2533,Woolworths Supermarket,Baby,Huggies Ultra Dry Nappy Pants Size 5 Boys 52 pack,807672,$25.00,$0.48 / 1EA,https://www.woolworths.com.au/shop/productdetails/807672/huggies-ultra-dry-nappy-pants-size-5-boys,https://cdn0.woolworths.media/content/wowproductimages/medium/807672.jpg,2020-09-20 19:49:44,,0,Was $27.00 28/01/2019,True
58bf8742-e254-4be8-91eb-fd9dab479712,Woolworths Supermarket,Baby,Huggies Ultra Dry Nappy Pants Size 6 Girls 46 pack,807674,$25.00,$0.54 / 1EA,https://www.woolworths.com.au/shop/productdetails/807674/huggies-ultra-dry-nappy-pants-size-6-girls,https://cdn0.woolworths.media/content/wowproductimages/medium/807674.jpg,2020-09-20 19:49:44,,0,Was $27.00 28/01/2019,True
79933504-d585-4014-892d-e1e50f620f3e,Woolworths Supermarket,Baby,Huggies Ultra Dry Nappy Pants Size 4 Boys 58 pack,807680,$25.00,$0.43 / 1EA,https://www.woolworths.com.au/shop/productdetails/807680/huggies-ultra-dry-nappy-pants-size-4-boys,https://cdn0.woolworths.media/content/wowproductimages/medium/807680.jpg,2020-09-20 19:49:44,,0,Was $27.00 28/01/2019,True
23355634-88e2-4ef0-9cc6-26c238b1f70f,Woolworths Supermarket,Baby,Huggies Ultra Dry Nappy Pants Size 4 Girls 58 pack,807681,$25.00,$0.43 / 1EA,https://www.woolworths.com.au/shop/productdetails/807681/huggies-ultra-dry-nappy-pants-size-4-girls,https://cdn0.woolworths.media/content/wowproductimages/medium/807681.jpg,2020-09-20 19:49:44,,0,Was $27.00 28/01/2019,True
7befad5d-8ca6-42ad-8bce-17515fd2d90f,Woolworths Supermarket,Baby,Huggies Ultra Dry Nappy Pants Size 5 Girls 52 pack,807683,$25.00,$0.48 / 1EA,https://www.woolworths.com.au/shop/productdetails/807683/huggies-ultra-dry-nappy-pants-size-5-girls,https://cdn0.woolworths.media/content/wowproductimages/medium/807683.jpg,2020-09-20 19:49:44,,0,Was $27.00 28/01/2019,True
beb22897-85be-4ff1-97bc-3540d08aae79,Woolworths Supermarket,Baby,Huggies Ultra Dry Nappy Pants Size 6 Boys 46 pack,807684,$25.00,$0.54 / 1EA,https://www.woolworths.com.au/shop/productdetails/807684/huggies-ultra-dry-nappy-pants-size-6-boys,https://cdn0.woolworths.media/content/wowproductimages/medium/807684.jpg,2020-09-20 19:49:44,,0,Was $27.00 28/01/2019,True
e6cfdf34-3b5e-4d4a-ac11-d5d68c339919,Woolworths Supermarket,Baby,Huggies Ultimate Nappies Size 4 58 pack,807685,$30.00,$0.52 / 1EA,https://www.woolworths.com.au/shop/productdetails/807685/huggies-ultimate-nappies-size-4,https://cdn0.woolworths.media/content/wowproductimages/medium/807685.jpg,2020-09-20 19:49:44,,0,Was $33.00 25/01/2018,True
be88ea08-4a70-423a-9d05-72764b9c1533,Woolworths Supermarket,Baby,Childs Farm Baby Moisturiser Mildly Fragranced 250ml,811730,$10.00,$4.00 / 100ML,https://www.woolworths.com.au/shop/productdetails/811730/childs-farm-baby-moisturiser-mildly-fragranced,https://cdn0.woolworths.media/content/wowproductimages/medium/811730.jpg,2020-09-20 19:49:44,,0,,True
e1d2115c-b1b5-48b2-822d-7f8dd31a7d0c,Woolworths Supermarket,Baby,Childs Farm 3 In 1 Swim Strawberry & Organic Mint 250ml,811732,$10.00,$4.00 / 100ML,https://www.woolworths.com.au/shop/productdetails/811732/childs-farm-3-in-1-swim-strawberry-organic-mint,https://cdn0.woolworths.media/content/wowproductimages/medium/811732.jpg,2020-09-20 19:49:44,,0,,True
0e9ab7e3-7d6a-45ae-aaab-31379d0b796e,Woolworths Supermarket,Baby,Wow 360 Drinking Cup 266ml each,825905,$13.00,,https://www.woolworths.com.au/shop/productdetails/825905/wow-360-drinking-cup-266ml,https://cdn0.woolworths.media/content/wowproductimages/medium/825905.jpg,2020-09-20 19:49:44,,0,,True
b4634cf6-3501-4e64-9bde-b1290abe2294,Woolworths Supermarket,Baby,Gaia Natural Baby Hair & Body Wash 500ml,829345,$13.00,$2.60 / 100ML,https://www.woolworths.com.au/shop/productdetails/829345/gaia-natural-baby-hair-body-wash,https://cdn0.woolworths.media/content/wowproductimages/medium/829345.jpg,2020-09-20 19:49:44,,0,,True
ff8f0319-b078-4421-82c2-71b23b843ca9,Woolworths Supermarket,Baby,Bonds Baby Vest Size 000 To 2 3 pack,830740,$15.00,,https://www.woolworths.com.au/shop/productdetails/830740/bonds-baby-vest-size-000-to-2,https://cdn0.woolworths.media/content/wowproductimages/medium/830740.jpg,2020-09-20 19:49:44,,0,,True
273258dc-e364-4a2f-a779-3c25d90a1b49,Woolworths Supermarket,Baby,Bellamy's Organic Milk & Vanilla Baby Rice 125g,839018,$4.00,$3.20 / 100G,https://www.woolworths.com.au/shop/productdetails/839018/bellamy-s-organic-milk-vanilla-baby-rice,https://cdn0.woolworths.media/content/wowproductimages/medium/839018.jpg,2020-09-20 19:49:44,,0,,True
e6200a18-17e2-4175-a11a-d604425b617a,Woolworths Supermarket,Baby,Little One's Ultra Dry Nappies Crawler 6-11kg Boys & Girls 56 pack,839938,$10.00,$0.18 / 1EA,https://www.woolworths.com.au/shop/productdetails/839938/little-one-s-ultra-dry-nappies-crawler-6-11kg-boys-girls,https://cdn0.woolworths.media/content/wowproductimages/medium/839938.jpg,2020-09-20 19:49:44,Average product rating out of 5: 4.2. Product score is based on 738 ratings,738,Was $11.00 26/02/2018,True
f7eace95-2cdd-463d-b352-ba3aa8783e88,Woolworths Supermarket,Baby,Underworks Terry Socks Sizes 000 And 00 2 pack,849455,$6.00,$3.00 / 1EA,https://www.woolworths.com.au/shop/productdetails/849455/underworks-terry-socks-sizes-000-and-00,https://cdn0.woolworths.media/content/wowproductimages/medium/849455.jpg,2020-09-20 19:49:44,,0,,True
ad88f708-b381-4568-90b6-4840058715ba,Woolworths Supermarket,Baby,S-26 Alula Original Toddler Stage 3 900g,859308,$14.00,$1.56 / 100G,https://www.woolworths.com.au/shop/productdetails/859308/s-26-alula-original-toddler-stage-3,https://cdn0.woolworths.media/content/wowproductimages/medium/859308.jpg,2020-09-20 19:49:44,,0,,True
c9094691-724e-40a9-a4d7-d090b086d096,Woolworths Supermarket,Baby,Tommee Tippee Closer To Nature Feeding Bottles 260ml,859722,$10.00,$10.00 / 1EA,https://www.woolworths.com.au/shop/productdetails/859722/tommee-tippee-closer-to-nature-feeding-bottles,https://cdn0.woolworths.media/content/wowproductimages/medium/859722.jpg,2020-09-20 19:49:44,,0,,True
cf7f6449-40a7-4d88-b79a-36452a14f1d5,Woolworths Supermarket,Baby,Cetaphil Daily Lotion With Shea Butter 400ml,860866,$12.00,$3.00 / 100ML,https://www.woolworths.com.au/shop/productdetails/860866/cetaphil-daily-lotion-with-shea-butter,https://cdn0.woolworths.media/content/wowproductimages/medium/860866.jpg,2020-09-20 19:49:44,,0,,True
c98c45bf-48ec-47ba-9462-890307800684,Woolworths Supermarket,Baby,Thomas & Friends Metal Engine Assorted each,864805,$5.00,,https://www.woolworths.com.au/shop/productdetails/864805/thomas-friends-metal-engine-assorted,https://cdn0.woolworths.media/content/wowproductimages/medium/864805.jpg,2020-09-20 19:49:44,,0,,True
080cd267-b79a-40f7-893a-0ec9c61bdd4d,Woolworths Supermarket,Baby,Milton Antibacterial Concentrated Solution 500ml,864852,$7.50,$1.50 / 100ML,https://www.woolworths.com.au/shop/productdetails/864852/milton-antibacterial-concentrated-solution,https://cdn0.woolworths.media/content/wowproductimages/medium/864852.jpg,2020-09-20 19:49:44,,0,,True
c30b07e2-75c4-4f80-9af3-8c8d88aeac82,Woolworths Supermarket,Baby,Babylove Cosifit Nappies Infant 3-8kg 90 pack,879177,$27.00,$0.30 / 1EA,https://www.woolworths.com.au/shop/productdetails/879177/babylove-cosifit-nappies-infant-3-8kg,https://cdn0.woolworths.media/content/wowproductimages/medium/879177.jpg,2020-09-20 19:49:44,,0,,True
409162fd-cb40-4997-8060-e44f8f7b72f8,Woolworths Supermarket,Baby,Phillips Avent Soother Clip each,881371,$7.00,$7.00 / 1EA,https://www.woolworths.com.au/shop/productdetails/881371/phillips-avent-soother-clip,https://cdn0.woolworths.media/content/wowproductimages/medium/881371.jpg,2020-09-20 19:49:44,,0,,True
8904bc92-d25b-4999-83bd-4703cd7cd1c6,Woolworths Supermarket,Baby,Naty Baby Wipes Unscented 56 pack,894372,$5.00,$8.93 / 100EA,https://www.woolworths.com.au/shop/productdetails/894372/naty-baby-wipes-unscented,https://cdn0.woolworths.media/content/wowproductimages/medium/894372.jpg,2020-09-20 19:49:44,,0,,True
796ff18b-2cae-4fa8-b3a8-841a5d27bae6,Woolworths Supermarket,Baby,Naty Baby Wipes Unscented Triple Pack 3x56 pack,894373,$13.00,$7.74 / 100EA,https://www.woolworths.com.au/shop/productdetails/894373/naty-baby-wipes-unscented-triple-pack,https://cdn0.woolworths.media/content/wowproductimages/medium/894373.jpg,2020-09-20 19:49:44,,0,,True
43803b5a-4549-4afc-8083-529db4f787f6,Woolworths Supermarket,Baby,Heinz 8 Months+ Mango & Vanilla Custard 120g,923904,$1.50,$1.25 / 100G,https://www.woolworths.com.au/shop/productdetails/923904/heinz-8-months-mango-vanilla-custard,https://cdn0.woolworths.media/content/wowproductimages/medium/923904.jpg,2020-09-20 19:49:44,,0,,True
f4afd52e-7c0d-473e-9047-29fc6b2c88e9,Woolworths Supermarket,Baby,"Heinz 8 Months+ Apple, Strawberry & Passionfruit 120g",923907,$1.50,$1.25 / 100G,https://www.woolworths.com.au/shop/productdetails/923907/heinz-8-months-apple-strawberry-passionfruit,https://cdn0.woolworths.media/content/wowproductimages/medium/923907.jpg,2020-09-20 19:49:44,,0,,True
db72cda9-5673-4985-8fa3-bce0cf77c4b3,Woolworths Supermarket,Baby,Little One's Baby Wipes Scented 80 pack,961133,$2.00,$2.50 / 100EA,https://www.woolworths.com.au/shop/productdetails/961133/little-one-s-baby-wipes-scented,https://cdn0.woolworths.media/content/wowproductimages/medium/961133.jpg,2020-09-20 19:49:44,Average product rating out of 5: 4.4. Product score is based on 544 ratings,544,,True
78027107-886d-405d-afac-ce77b830bf21,Woolworths Supermarket,Baby,Whole Kids Organic Soft Cereal Biscuits - Oatmeal 120g,057509,$4.00,$3.33 / 100G,https://www.woolworths.com.au/shop/productdetails/57509/whole-kids-organic-soft-cereal-biscuits-oatmeal,https://cdn0.woolworths.media/content/wowproductimages/medium/057509.jpg,2020-09-20 19:49:44,,0,,True
5e3b6cbd-c7b2-413b-a3e4-52152e2edf55,Woolworths Supermarket,Baby,Little One's Ultra Dry Nappies Toddle 10-15kg Boys & Girls 50 pack,086176,$10.00,$0.20 / 1EA,https://www.woolworths.com.au/shop/productdetails/86176/little-one-s-ultra-dry-nappies-toddle-10-15kg-boys-girls,https://cdn0.woolworths.media/content/wowproductimages/medium/086176.jpg,2020-09-20 19:49:44,Average product rating out of 5: 4.1. Product score is based on 57 ratings,57,,True
74a97be2-0cfd-4b4e-bb88-6a73dfaefa01,Woolworths Supermarket,Baby,Huggies Nappy Pants Toddler Boy 29 pack,568616,$17.00,$0.59 / 1EA,https://www.woolworths.com.au/shop/productdetails/568616/huggies-nappy-pants-toddler-boy,https://cdn0.woolworths.media/content/wowproductimages/medium/568616.jpg,2020-09-20 19:49:44,,0,,True
ccd07057-1bbb-4c6c-973c-8cf18c10bafc,Woolworths Supermarket,Baby,Karicare+ Stage 2 Follow On Formula Sachets 4x30.4g,681305,$3.00,$2.47 / 100G,https://www.woolworths.com.au/shop/productdetails/681305/karicare-stage-2-follow-on-formula-sachets,https://cdn0.woolworths.media/content/wowproductimages/medium/681305.jpg,2020-09-20 19:49:44,,0,Was $5.00 03/02/2020,True
a9e5eea1-e933-4d5f-8052-23be90e78294,Woolworths Supermarket,Baby,Little One's Ultra Dry Nappies Walker 13-18kg Boys & Girls 44 pack,839940,$10.00,$0.23 / 1EA,https://www.woolworths.com.au/shop/productdetails/839940/little-one-s-ultra-dry-nappies-walker-13-18kg-boys-girls,https://cdn0.woolworths.media/content/wowproductimages/medium/839940.jpg,2020-09-20 19:49:44,Average product rating out of 5: 4.6. Product score is based on 366 ratings,366,Was $11.00 26/02/2018,True
048598f2-ca03-4a27-8fe3-6ac1bd5af7d9,Woolworths Supermarket,Baby,Aptamil Profutura Follow-on Formula Stage 2 900g,007210,$38.50,$4.28 / 100G,https://www.woolworths.com.au/shop/productdetails/7210/aptamil-profutura-follow-on-formula-stage-2,https://cdn0.woolworths.media/content/wowproductimages/medium/007210.jpg,2020-09-20 19:49:44,,0,,True
ba26dd80-2e01-408b-86a6-95c221cd4778,Woolworths Supermarket,Baby,Huggies Ultimate Nourish & Care Baby Wipes 64 pack,092057,$6.00,$9.38 / 100EA,https://www.woolworths.com.au/shop/productdetails/92057/huggies-ultimate-nourish-care-baby-wipes,https://cdn0.woolworths.media/content/wowproductimages/medium/092057.jpg,2020-09-20 19:49:44,,0,,True
9a979b8a-3e0c-4492-b629-f6471ddaee89,Woolworths Supermarket,Baby,A2 Platinum Infant Formula Stage 1 0-6 Months 900g,839241,$38.00,$4.22 / 100G,https://www.woolworths.com.au/shop/productdetails/839241/a2-platinum-infant-formula-stage-1-0-6-months,https://cdn0.woolworths.media/content/wowproductimages/medium/839241.jpg,2020-09-20 19:49:44,,0,,True
fe35ece0-ccdf-40aa-86c3-cfc50fb53e8c,Woolworths Supermarket,Baby,Bellamy's Organic Follow-on Formula Stage 2 From 6 Months 900g,250241,$30.00,$3.33 / 100G,https://www.woolworths.com.au/shop/productdetails/250241/bellamy-s-organic-follow-on-formula-stage-2-from-6-months,https://cdn0.woolworths.media/content/wowproductimages/medium/250241.jpg,2020-09-20 19:49:44,,0,,True
46ac1018-f196-41a9-bcfe-de1c4883345d,Woolworths Supermarket,Baby,Tommee Tippee No Knock! Drinking Cup 18+ Months Purple each,082859,$12.00,$12.00 / 1EA,https://www.woolworths.com.au/shop/productdetails/82859/tommee-tippee-no-knock-drinking-cup-18-months-purple,https://cdn0.woolworths.media/content/wowproductimages/medium/082859.jpg,2020-09-20 19:49:44,,0,,True
b6f982bd-bfc3-4f79-9170-d122ae8313a4,Woolworths Supermarket,Baby,Whole Kids Organic Melt Away Sticks Corn 10g,116470,$2.00,$20.00 / 100G,https://www.woolworths.com.au/shop/productdetails/116470/whole-kids-organic-melt-away-sticks-corn,https://cdn0.woolworths.media/content/wowproductimages/medium/116470.jpg,2020-09-20 19:49:44,,0,,True
285a12a6-d44d-4438-8ff3-2e449d7026c6,Woolworths Supermarket,Baby,Little One's Ultra Dry Nappies Crawler 6-11kg Boys & Girls 56 pack,086175,$10.00,$0.18 / 1EA,https://www.woolworths.com.au/shop/productdetails/86175/little-one-s-ultra-dry-nappies-crawler-6-11kg-boys-girls,https://cdn0.woolworths.media/content/wowproductimages/medium/086175.jpg,2020-09-20 19:49:44,Average product rating out of 5: 4.4. Product score is based on 75 ratings,75,,True
81c087ca-6332-4bce-913f-78a291538667,Woolworths Supermarket,Baby,The First Years Toy Story Toddler Bowl each,038348,$1.50,$1.50 / 1EA,https://www.woolworths.com.au/shop/productdetails/38348/the-first-years-toy-story-toddler-bowl,https://cdn0.woolworths.media/content/wowproductimages/medium/038348.jpg,2020-09-20 19:49:44,,0,,True
b8f1832b-4c64-4f67-9d20-8ecb1a982cae,Woolworths Supermarket,Baby,The Gro Egg Digital Room Thermometer each,695280,$12.50,,https://www.woolworths.com.au/shop/productdetails/695280/the-gro-egg-digital-room-thermometer,https://cdn0.woolworths.media/content/wowproductimages/medium/695280.jpg,2020-09-20 19:49:44,,0,,True
8fdcab78-1d3b-426b-b0d4-3a421db9f62b,Woolworths Supermarket,Baby,Tommee Tippee No Knock Cup each,031974,$4.80,$4.80 / 1EA,https://www.woolworths.com.au/shop/productdetails/31974/tommee-tippee-no-knock-cup,https://cdn0.woolworths.media/content/wowproductimages/medium/031974.jpg,2020-09-20 19:49:44,,0,,True
