id,supermarket,category,product_name,product_id,price,cup_price,product_url,img_url,viewed_date,ratings,rating_count,product_specials,available_in_stock
807f2fa8-d4d4-4ef3-b354-e8598673a437,Woolworths Supermarket,Bakery,Woolworths All Butter Croissants 4 pack,033593,$2.50,$0.63 / 1EA,https://www.woolworths.com.au/shop/productdetails/33593/woolworths-all-butter-croissants,https://cdn0.woolworths.media/content/wowproductimages/medium/033593.jpg,2020-09-21 19:17:24,Average product rating out of 5: 4.5. Product score is based on 662 ratings,662,Was $4 29/08/2016,True
eb7cd38e-d741-45e7-a1d6-0e9b450222db,Woolworths Supermarket,Bakery,Woolworths Lamington Fingers 18 pack,957610,$2.50,$0.71 / 100G,https://www.woolworths.com.au/shop/productdetails/957610/woolworths-lamington-fingers,https://cdn0.woolworths.media/content/wowproductimages/medium/957610.jpg,2020-09-21 19:17:24,Average product rating out of 5: 4.5. Product score is based on 430 ratings,430,,True
7fac3aa3-0100-4e30-a122-ed3eda0e5b78,Woolworths Supermarket,Bakery,Golden Crumpets Round 6 pack,049622,$3.70,$0.62 / 1EA,https://www.woolworths.com.au/shop/productdetails/49622/golden-crumpets-round,https://cdn0.woolworths.media/content/wowproductimages/medium/049622.jpg,2020-09-21 19:17:24,,0,,True
93eb466e-7d37-462e-a941-fe029d089c19,Woolworths Supermarket,Bakery,Woolworths Cinnamon Scroll 2 pack,103022,$2.50,$1.25 / 1EA,https://www.woolworths.com.au/shop/productdetails/103022/woolworths-cinnamon-scroll,https://cdn0.woolworths.media/content/wowproductimages/medium/103022.jpg,2020-09-21 19:17:24,,0,,True
c0d5e32e-270f-4cd2-b374-9c84ad06074d,Woolworths Supermarket,Bakery,Woolworths Dreamy Chocolate Chip Cookies 5 pack,421465,$2.50,$0.50 / 1EA,https://www.woolworths.com.au/shop/productdetails/421465/woolworths-dreamy-chocolate-chip-cookies,https://cdn0.woolworths.media/content/wowproductimages/medium/421465.jpg,2020-09-21 19:17:24,,0,Was $3.00 24/10/16,True
43f3bf49-c3c2-4e64-ad62-77ad24fbd3ee,Woolworths Supermarket,Bakery,Woolworths Fresh Donuts Cinnamon 12 pack,038214,$2.50,$0.21 / 1EA,https://www.woolworths.com.au/shop/productdetails/38214/woolworths-fresh-donuts-cinnamon,https://cdn0.woolworths.media/content/wowproductimages/medium/038214.jpg,2020-09-21 19:17:24,Average product rating out of 5: 4.2. Product score is based on 591 ratings,591,,True
aa229689-51e6-468a-9dcc-691f91eb2295,Woolworths Supermarket,Bakery,Woolworths Pikelets 8 pack,365378,$2.00,$0.25 / 1EA,https://www.woolworths.com.au/shop/productdetails/365378/woolworths-pikelets,https://cdn0.woolworths.media/content/wowproductimages/medium/365378.jpg,2020-09-21 19:17:24,Average product rating out of 5: 4.5. Product score is based on 404 ratings,404,,True
b174df92-e15c-40e2-9288-a949930f7653,Woolworths Supermarket,Bakery,Woolworths Iced Donuts 6 pack,007928,$3.00,$0.50 / 1EA,https://www.woolworths.com.au/shop/productdetails/7928/woolworths-iced-donuts,https://cdn0.woolworths.media/content/wowproductimages/medium/007928.jpg,2020-09-21 19:17:24,,0,Was $3.20 01/03/2015,True
d75fac67-bf48-43b3-8495-1c42a48086f1,Woolworths Supermarket,Bakery,Woolworths Bread White Extra Soft Loaf 800g,233160,$3.00,$0.38 / 100G,https://www.woolworths.com.au/shop/productdetails/233160/woolworths-bread-white-extra-soft-loaf,https://cdn0.woolworths.media/content/wowproductimages/medium/233160.jpg,2020-09-21 19:17:24,,0,,True
30db675c-e3ff-41d2-bbd5-308b45109879,Woolworths Supermarket,Bakery,Woolworths Bread Rolls Bacon & Cheese 6 pack,298121,$4.50,$0.75 / 1EA,https://www.woolworths.com.au/shop/productdetails/298121/woolworths-bread-rolls-bacon-cheese,https://cdn0.woolworths.media/content/wowproductimages/medium/298121.jpg,2020-09-21 19:17:24,,0,,True
163cbd51-8948-4674-bdd2-a1d979e890b9,Woolworths Supermarket,Bakery,Woolworths Select Mini Blueberry Muffins 8pk 320g,883002,$3.50,$1.09 / 100G,https://www.woolworths.com.au/shop/productdetails/883002/woolworths-select-mini-blueberry-muffins-8pk,https://cdn0.woolworths.media/content/wowproductimages/medium/883002.jpg,2020-09-21 19:17:24,Average product rating out of 5: 4.0. Product score is based on 572 ratings,572,,True
40d18b9d-5cb7-42f8-aeda-66fa4db2cf00,Woolworths Supermarket,Bakery,Woolworths Cookie Cranberry & White Chocolate 5 pack,421464,$2.50,$0.50 / 1EA,https://www.woolworths.com.au/shop/productdetails/421464/woolworths-cookie-cranberry-white-chocolate,https://cdn0.woolworths.media/content/wowproductimages/medium/421464.jpg,2020-09-21 19:17:24,,0,Was $3.00 24/10/16,True
bdab4c2b-97fe-41e2-bd5b-af7f7697f343,Woolworths Supermarket,Bakery,Woolworths Bun Finger Iced With Rainbow Sprinkles 4 pack,308398,$3.00,$0.75 / 1EA,https://www.woolworths.com.au/shop/productdetails/308398/woolworths-bun-finger-iced-with-rainbow-sprinkles,https://cdn0.woolworths.media/content/wowproductimages/medium/308398.jpg,2020-09-21 19:17:24,,0,Was $4.00 27/04/2020,True
879cca44-7314-4e54-aafe-5548e18210fd,Woolworths Supermarket,Bakery,Woolworths Stonebaked Turkish Rolls 4 pack,085969,$2.50,$0.63 / 100G,https://www.woolworths.com.au/shop/productdetails/85969/woolworths-stonebaked-turkish-rolls,https://cdn0.woolworths.media/content/wowproductimages/medium/085969.jpg,2020-09-21 19:17:24,Average product rating out of 5: 4.9. Product score is based on 69 ratings,69,,True
071e5266-6b57-45ef-a0ef-416cc4b775af,Woolworths Supermarket,Bakery,Woolworths Mini Pizza Scroll 6 pack,101008,$4.00,$0.67 / 1EA,https://www.woolworths.com.au/shop/productdetails/101008/woolworths-mini-pizza-scroll,https://cdn0.woolworths.media/content/wowproductimages/medium/101008.jpg,2020-09-21 19:17:24,,0,,True
84d6bc55-5628-4482-8e34-b13e74f27c81,Woolworths Supermarket,Bakery,Woolworths Bread Rolls Extra Soft Lunch 6 pack,130502,$2.00,$0.33 / 1EA,https://www.woolworths.com.au/shop/productdetails/130502/woolworths-bread-rolls-extra-soft-lunch,https://cdn0.woolworths.media/content/wowproductimages/medium/130502.jpg,2020-09-21 19:17:24,Average product rating out of 5: 4.6. Product score is based on 218 ratings,218,,True
9cb488bb-c962-4ca7-9530-55ae945f7cb8,Woolworths Supermarket,Bakery,Woolworths Creamy Vanilla Slice 2 pack,706501,$4.80,$1.78 / 100G,https://www.woolworths.com.au/shop/productdetails/706501/woolworths-creamy-vanilla-slice,https://cdn0.woolworths.media/content/wowproductimages/medium/706501.jpg,2020-09-21 19:17:24,Average product rating out of 5: 3.8. Product score is based on 402 ratings,402,,True
f1bb665e-c4bc-4c60-bec9-f90d60ad8eb0,Woolworths Supermarket,Bakery,Woolworths Cookies Jam Drop 14 pack,185739,$3.00,$0.21 / 1EA,https://www.woolworths.com.au/shop/productdetails/185739/woolworths-cookies-jam-drop,https://cdn0.woolworths.media/content/wowproductimages/medium/185739.jpg,2020-09-21 19:17:24,,0,,True
5fb5c9b4-18e5-4663-946f-2f3eca4524ae,Woolworths Supermarket,Bakery,Woolworths Mini Mighty Cheese Pinwheel 8 pack,512256,$4.00,$0.50 / 1EA,https://www.woolworths.com.au/shop/productdetails/512256/woolworths-mini-mighty-cheese-pinwheel,https://cdn0.woolworths.media/content/wowproductimages/medium/512256.jpg,2020-09-21 19:17:24,,0,,True
224591a5-a857-47c5-8efb-eab81085aadc,Woolworths Supermarket,Bakery,Tip Top English Muffins Original 6 pack,046795,$2.50,$0.42 / 1EA,https://www.woolworths.com.au/shop/productdetails/46795/tip-top-english-muffins-original,https://cdn0.woolworths.media/content/wowproductimages/medium/046795.jpg,2020-09-21 19:17:24,,0,,True
76547d17-701c-4f81-81e8-bee097048efc,Woolworths Supermarket,Bakery,Woolworths Custard & Pink Lady Apple Scroll 2 pack,102723,$2.50,,https://www.woolworths.com.au/shop/productdetails/102723/woolworths-custard-pink-lady-apple-scroll,https://cdn0.woolworths.media/content/wowproductimages/medium/102723.jpg,2020-09-21 19:17:24,,0,,True
3c0a5ab7-49a0-4029-8524-395e8aef48be,Woolworths Supermarket,Bakery,Woolworths Banana Bread Slices 30% Less Sugar 5 pack,079733,$5.00,$1.00 / 100G,https://www.woolworths.com.au/shop/productdetails/79733/woolworths-banana-bread-slices-30-less-sugar,https://cdn0.woolworths.media/content/wowproductimages/medium/079733.jpg,2020-09-21 19:17:24,Average product rating out of 5: 4.3. Product score is based on 21 ratings,21,Was $6.25 12/06/2017,True
838e07ac-2564-4082-b14a-d2e044a148dd,Woolworths Supermarket,Bakery,Woolworths Select Mini Double Choc Muffins 8pk 320g,883116,$3.50,$1.09 / 100G,https://www.woolworths.com.au/shop/productdetails/883116/woolworths-select-mini-double-choc-muffins-8pk,https://cdn0.woolworths.media/content/wowproductimages/medium/883116.jpg,2020-09-21 19:17:24,Average product rating out of 5: 4.1. Product score is based on 332 ratings,332,,True
ed828980-8377-4130-86b4-fdf1638731f3,Woolworths Supermarket,Bakery,Woolworths Hawaiian Jumbo Roll 2 pack,251478,$2.50,$1.25 / 1EA,https://www.woolworths.com.au/shop/productdetails/251478/woolworths-hawaiian-jumbo-roll,https://cdn0.woolworths.media/content/wowproductimages/medium/251478.jpg,2020-09-21 19:17:24,,0,,True
57889fde-9745-496c-85b9-4ca48ff7b60c,Woolworths Supermarket,Bakery,Woolworths Mini Choc Sponge Rolls 6 pack,086569,$2.50,$1.00 / 100G,https://www.woolworths.com.au/shop/productdetails/86569/woolworths-mini-choc-sponge-rolls,https://cdn0.woolworths.media/content/wowproductimages/medium/086569.jpg,2020-09-21 19:17:24,,0,,True
e1153a41-1833-4b23-aab1-dc5b10a4327e,Woolworths Supermarket,Bakery,Woolworths White Wrap 8 pack,634918,$2.00,$0.56 / 100G,https://www.woolworths.com.au/shop/productdetails/634918/woolworths-white-wrap,https://cdn0.woolworths.media/content/wowproductimages/medium/634918.jpg,2020-09-21 19:17:24,Average product rating out of 5: 4.5. Product score is based on 420 ratings,420,,True
da48a209-54af-4109-a73d-2aa571999a6e,Woolworths Supermarket,Bakery,Woolworths Caramel Slices 4 pack,073199,$4.00,$2.00 / 100G,https://www.woolworths.com.au/shop/productdetails/73199/woolworths-caramel-slices,https://cdn0.woolworths.media/content/wowproductimages/medium/073199.jpg,2020-09-21 19:17:24,Average product rating out of 5: 4.0. Product score is based on 132 ratings,132,,True
bfb1347f-e361-40c7-affc-b0f679756d5e,Woolworths Supermarket,Bakery,Woolworths Spinach & Feta Scroll 2 pack,102386,$2.50,,https://www.woolworths.com.au/shop/productdetails/102386/woolworths-spinach-feta-scroll,https://cdn0.woolworths.media/content/wowproductimages/medium/102386.jpg,2020-09-21 19:17:24,,0,,True
79dad827-07e2-4511-84e7-0ea28c2dc786,Woolworths Supermarket,Bakery,Woolworths Cookies Choc Chip 24 pack,250627,$5.00,$0.21 / 1EA,https://www.woolworths.com.au/shop/productdetails/250627/woolworths-cookies-choc-chip,https://cdn0.woolworths.media/content/wowproductimages/medium/250627.jpg,2020-09-21 19:17:24,,0,,True
24dc1c32-a31f-4fca-bb65-4d6927091905,Woolworths Supermarket,Bakery,Woolworths Bread Rolls Soft Hamburger 6 pack,033878,$2.00,$0.33 / 1EA,https://www.woolworths.com.au/shop/productdetails/33878/woolworths-bread-rolls-soft-hamburger,https://cdn0.woolworths.media/content/wowproductimages/medium/033878.jpg,2020-09-21 19:17:24,Average product rating out of 5: 4.5. Product score is based on 225 ratings,225,,True
765db3ce-3b8e-48cb-bf50-bace7a9b63d2,Woolworths Supermarket,Bakery,Woolworths Mini Banana Muffin 8 pack,607875,$3.50,$1.09 / 100G,https://www.woolworths.com.au/shop/productdetails/607875/woolworths-mini-banana-muffin,https://cdn0.woolworths.media/content/wowproductimages/medium/607875.jpg,2020-09-21 19:17:24,Average product rating out of 5: 4.2. Product score is based on 987 ratings,987,,True
13b450ad-dcfb-4474-9d37-c84809215b89,Woolworths Supermarket,Bakery,Woolworths Anzac Biscuit Family 24 pack,145667,$5.00,$0.21 / 1EA,https://www.woolworths.com.au/shop/productdetails/145667/woolworths-anzac-biscuit-family,https://cdn0.woolworths.media/content/wowproductimages/medium/145667.jpg,2020-09-21 19:17:24,Average product rating out of 5: 4.4. Product score is based on 642 ratings,642,,True
ed369353-3651-48b3-aba2-a007c3661ac9,Woolworths Supermarket,Bakery,Woolworths Mini Croissant 8 pack,333359,$4.00,$0.50 / 1EA,https://www.woolworths.com.au/shop/productdetails/333359/woolworths-mini-croissant,https://cdn0.woolworths.media/content/wowproductimages/medium/333359.jpg,2020-09-21 19:17:24,,0,Was $4.98 12/04/2016,True
b10b3e1c-96af-4fbb-8907-e2d7faa05d31,Woolworths Supermarket,Bakery,Woolworths Mini Choc Chip Muffin 8 pack,883004,$3.50,$1.09 / 100G,https://www.woolworths.com.au/shop/productdetails/883004/woolworths-mini-choc-chip-muffin,https://cdn0.woolworths.media/content/wowproductimages/medium/883004.jpg,2020-09-21 19:17:24,Average product rating out of 5: 4.1. Product score is based on 939 ratings,939,,True
c29d9833-0340-47cd-8b83-9b2eb2e36d3b,Woolworths Supermarket,Bakery,Tip Top The One Sandwich Bread White 700g,713816,$3.40,$0.49 / 100G,https://www.woolworths.com.au/shop/productdetails/713816/tip-top-the-one-sandwich-bread-white,https://cdn0.woolworths.media/content/wowproductimages/medium/713816.jpg,2020-09-21 19:17:24,,0,,True
8379fc13-6b32-4650-88c0-c8fd1212609e,Woolworths Supermarket,Bakery,Woolworths Bread White Extra Soft Loaf 680g,055656,$2.00,$0.29 / 100G,https://www.woolworths.com.au/shop/productdetails/55656/woolworths-bread-white-extra-soft-loaf,https://cdn0.woolworths.media/content/wowproductimages/medium/055656.jpg,2020-09-21 19:17:24,,0,,True
25acacb6-cc37-4684-a2e1-14fc8d44fb93,Woolworths Supermarket,Bakery,Woolworths Cup Cake Mini Iced 9 pack,320381,$4.20,$0.47 / 1EA,https://www.woolworths.com.au/shop/productdetails/320381/woolworths-cup-cake-mini-iced,https://cdn0.woolworths.media/content/wowproductimages/medium/320381.jpg,2020-09-21 19:17:24,Average product rating out of 5: 4.0. Product score is based on 518 ratings,518,,True
b80a47cb-390b-4eae-a7b6-d18be45d6bfd,Woolworths Supermarket,Bakery,Essentials Fruit Toast 560g,408570,$2.00,$0.36 / 100G,https://www.woolworths.com.au/shop/productdetails/408570/essentials-fruit-toast,https://cdn0.woolworths.media/content/wowproductimages/medium/408570.jpg,2020-09-21 19:17:24,,0,,True
af98513a-7ddd-4e66-8995-e939507edcc0,Woolworths Supermarket,Bakery,Menissez Bake At Home White Dinner Rolls 12 pack,573303,$3.50,$0.29 / 1EA,https://www.woolworths.com.au/shop/productdetails/573303/menissez-bake-at-home-white-dinner-rolls,https://cdn0.woolworths.media/content/wowproductimages/medium/573303.jpg,2020-09-21 19:17:24,,0,Was $4.50 16/10/2017,True
15c6123f-dce6-41c1-bbfd-fbfc53becb1c,Woolworths Supermarket,Bakery,Woolworths Mixed Tarts 6 pack,663230,$3.00,$0.50 / 1EA,https://www.woolworths.com.au/shop/productdetails/663230/woolworths-mixed-tarts,https://cdn0.woolworths.media/content/wowproductimages/medium/663230.jpg,2020-09-21 19:17:24,,0,,True
1d19930c-0636-40a0-b20b-9ceead0b9996,Woolworths Supermarket,Bakery,Woolworths Cinnamon Donuts 6 pack,007927,$2.00,$0.33 / 1EA,https://www.woolworths.com.au/shop/productdetails/7927/woolworths-cinnamon-donuts,https://cdn0.woolworths.media/content/wowproductimages/medium/007927.jpg,2020-09-21 19:17:24,,0,Was $2.20 01/03/2015,True
256be4ef-c684-4e1d-b362-4cab9ad133bd,Woolworths Supermarket,Bakery,Tip Top Crumpet Breaks 425g,109484,$3.00,$0.71 / 100G,https://www.woolworths.com.au/shop/productdetails/109484/tip-top-crumpet-breaks,https://cdn0.woolworths.media/content/wowproductimages/medium/109484.jpg,2020-09-21 19:17:24,,0,,True
6bfb0fbf-9ae9-41ce-9e6b-1583e8531027,Woolworths Supermarket,Bakery,Woolworths Bread Four Seed Loaf 800g,244061,$2.00,$0.25 / 100G,https://www.woolworths.com.au/shop/productdetails/244061/woolworths-bread-four-seed-loaf,https://cdn0.woolworths.media/content/wowproductimages/medium/244061.jpg,2020-09-21 19:17:24,,0,,True
69747bce-61b4-4f21-9b56-c719cc62ab46,Woolworths Supermarket,Bakery,Woolworths Apple & Cinnamon Muffins 4 pack,883117,$3.50,$0.83 / 100G,https://www.woolworths.com.au/shop/productdetails/883117/woolworths-apple-cinnamon-muffins,https://cdn0.woolworths.media/content/wowproductimages/medium/883117.jpg,2020-09-21 19:17:24,,0,,True
9d200c1f-0d98-4b69-97c1-3d35e9371641,Woolworths Supermarket,Bakery,Woolworths Madeira Cake 450g,921693,$2.50,$0.56 / 100G,https://www.woolworths.com.au/shop/productdetails/921693/woolworths-madeira-cake,https://cdn0.woolworths.media/content/wowproductimages/medium/921693.jpg,2020-09-21 19:17:24,Average product rating out of 5: 4.4. Product score is based on 1110 ratings,1110,,True
f181ad3a-9d55-4919-bea0-86b91b8a478d,Woolworths Supermarket,Bakery,Woolworths Lamingtons Jam Filled 6 pack,957656,$2.50,$0.71 / 100G,https://www.woolworths.com.au/shop/productdetails/957656/woolworths-lamingtons-jam-filled,https://cdn0.woolworths.media/content/wowproductimages/medium/957656.jpg,2020-09-21 19:17:24,Average product rating out of 5: 4.2. Product score is based on 388 ratings,388,,True
6a8b724d-e3b4-4963-a019-dc11650c3286,Woolworths Supermarket,Bakery,Woolworths Double Choc Muffin Bars 10 pack,086820,$5.00,$1.25 / 100G,https://www.woolworths.com.au/shop/productdetails/86820/woolworths-double-choc-muffin-bars,https://cdn0.woolworths.media/content/wowproductimages/medium/086820.jpg,2020-09-21 19:17:24,,0,,True
14a387a9-629d-492c-ad50-7adb0b91f085,Woolworths Supermarket,Bakery,Mini Chocolate Croissant 8 pack,517746,$4.00,$0.50 / 1EA,https://www.woolworths.com.au/shop/productdetails/517746/mini-chocolate-croissant,https://cdn0.woolworths.media/content/wowproductimages/medium/517746.jpg,2020-09-21 19:17:24,,0,,True
581ecbf6-73e5-46d9-88aa-08d4dd9c5f80,Woolworths Supermarket,Bakery,Woolworths Snow Delights 200g,842165,$2.20,$1.10 / 100G,https://www.woolworths.com.au/shop/productdetails/842165/woolworths-snow-delights,https://cdn0.woolworths.media/content/wowproductimages/medium/842165.jpg,2020-09-21 19:17:24,,0,,True
35bee7ab-7d5b-4c5b-9361-05124650d924,Woolworths Supermarket,Bakery,Woolworths Custard Filled Profiterole 8 pack,009232,$5.00,$0.63 / 1EA,https://www.woolworths.com.au/shop/productdetails/9232/woolworths-custard-filled-profiterole,https://cdn0.woolworths.media/content/wowproductimages/medium/009232.jpg,2020-09-21 19:17:24,,0,,True
b5b04d91-1c9a-4845-8953-14b2fc2c4950,Woolworths Supermarket,Bakery,Woolworths English Muffins 6 pack,224737,$2.10,$0.35 / 1EA,https://www.woolworths.com.au/shop/productdetails/224737/woolworths-english-muffins,https://cdn0.woolworths.media/content/wowproductimages/medium/224737.jpg,2020-09-21 19:17:24,,0,,True
c5e59f0c-07af-4d03-83e6-cb9fdcb30594,Woolworths Supermarket,Bakery,Woolworths Stonebaked Turkish Pide Loaf 400g,085968,$2.50,,https://www.woolworths.com.au/shop/productdetails/85968/woolworths-stonebaked-turkish-pide-loaf,https://cdn0.woolworths.media/content/wowproductimages/medium/085968.jpg,2020-09-21 19:17:24,Average product rating out of 5: 4.0. Product score is based on 1 ratings,1,,True
089c7bd2-fc70-412a-a63a-41755f396e85,Woolworths Supermarket,Bakery,Tip Top Raisin Toast 520g,003805,$4.00,$0.77 / 100G,https://www.woolworths.com.au/shop/productdetails/3805/tip-top-raisin-toast,https://cdn0.woolworths.media/content/wowproductimages/medium/003805.jpg,2020-09-21 19:17:24,,0,,True
39d89d78-0ec4-4625-a71b-60ab73ca3ebe,Woolworths Supermarket,Bakery,Woolworths Carrot Cake 300g,510931,$3.50,$1.17 / 100G,https://www.woolworths.com.au/shop/productdetails/510931/woolworths-carrot-cake,https://cdn0.woolworths.media/content/wowproductimages/medium/510931.jpg,2020-09-21 19:17:24,Average product rating out of 5: 3.9. Product score is based on 1102 ratings,1102,,True
21f97808-c2a7-4380-8fae-4b03d3050fc5,Woolworths Supermarket,Bakery,Mighty Soft Raisin Toast 600G,236288,$2.75,$0.46 / 100G,https://www.woolworths.com.au/shop/productdetails/236288/mighty-soft-raisin-toast,https://cdn0.woolworths.media/content/wowproductimages/medium/236288.jpg,2020-09-21 19:17:24,,0,,True
77f1fbdf-39ae-458f-aad8-b945ecad859c,Woolworths Supermarket,Bakery,Woolworths Select Double Choc Chip Muffin 4pk 420g,883005,$3.50,$0.83 / 100G,https://www.woolworths.com.au/shop/productdetails/883005/woolworths-select-double-choc-chip-muffin-4pk,https://cdn0.woolworths.media/content/wowproductimages/medium/883005.jpg,2020-09-21 19:17:24,Average product rating out of 5: 4.5. Product score is based on 327 ratings,327,,True
a11abca7-fded-4a92-8213-bd65152b3d66,Woolworths Supermarket,Bakery,Woolworths Lemon Madeira Cake 315g,921694,$2.50,$0.79 / 100G,https://www.woolworths.com.au/shop/productdetails/921694/woolworths-lemon-madeira-cake,https://cdn0.woolworths.media/content/wowproductimages/medium/921694.jpg,2020-09-21 19:17:24,Average product rating out of 5: 4.2. Product score is based on 937 ratings,937,,True
efe60dbd-41f5-45f2-b6d6-1a0b04686748,Woolworths Supermarket,Bakery,Large Butter Croissant 10 pack,066921,$9.00,$0.90 / 1EA,https://www.woolworths.com.au/shop/productdetails/66921/large-butter-croissant,https://cdn0.woolworths.media/content/wowproductimages/medium/066921.jpg,2020-09-21 19:17:24,,0,,True
dc4c4f0c-5267-4b40-85bc-d3aa89a2f98b,Woolworths Supermarket,Bakery,Woolworths Mini Jam Sponge Rolls 6 pack,086567,$2.50,$1.00 / 100G,https://www.woolworths.com.au/shop/productdetails/86567/woolworths-mini-jam-sponge-rolls,https://cdn0.woolworths.media/content/wowproductimages/medium/086567.jpg,2020-09-21 19:17:24,,0,,True
724d163f-da5e-4f8f-a5f0-4b8f8e0f4766,Woolworths Supermarket,Bakery,Woolworths Crusty Vienna Loaf 450g,154927,$2.50,$2.50 / 1EA,https://www.woolworths.com.au/shop/productdetails/154927/woolworths-crusty-vienna-loaf,https://cdn0.woolworths.media/content/wowproductimages/medium/154927.jpg,2020-09-21 19:17:24,,0,,True
1d987548-e423-4a4b-9a96-d1def4ebb771,Woolworths Supermarket,Bakery,Woolworths Select Blueberry Muffins 4pk 420g,883001,$3.50,$0.83 / 100G,https://www.woolworths.com.au/shop/productdetails/883001/woolworths-select-blueberry-muffins-4pk,https://cdn0.woolworths.media/content/wowproductimages/medium/883001.jpg,2020-09-21 19:17:24,,0,,True
3749e21f-1979-4cb2-a2de-eaf410b1d6c4,Woolworths Supermarket,Bakery,Golden Crumpets Round Wholemeal 6 pack,031560,$3.70,$0.62 / 1EA,https://www.woolworths.com.au/shop/productdetails/31560/golden-crumpets-round-wholemeal,https://cdn0.woolworths.media/content/wowproductimages/medium/031560.jpg,2020-09-21 19:17:24,,0,,True
800e8b8f-3485-4bb3-b15c-a69ea7d9bb58,Woolworths Supermarket,Bakery,Mr Kipling French Fancies 8 pack,058179,$4.50,$0.56 / 1EA,https://www.woolworths.com.au/shop/productdetails/58179/mr-kipling-french-fancies,https://cdn0.woolworths.media/content/wowproductimages/medium/058179.jpg,2020-09-21 19:17:24,,0,,True
d7f7b2dd-ca56-4a25-a0f4-e57f4c401f88,Woolworths Supermarket,Bakery,Woolworths Iced Finger Bun Extra Soft 4 pack,157108,$3.00,$0.75 / 1EA,https://www.woolworths.com.au/shop/productdetails/157108/woolworths-iced-finger-bun-extra-soft,https://cdn0.woolworths.media/content/wowproductimages/medium/157108.jpg,2020-09-21 19:17:24,,0,Was $4.00 27/04/2020,True
10d6c19d-b92b-4dc4-9c90-3041a937b851,Woolworths Supermarket,Bakery,Woolworths Custard Tart Small 4 pack,537007,$3.50,,https://www.woolworths.com.au/shop/productdetails/537007/woolworths-custard-tart-small,https://cdn0.woolworths.media/content/wowproductimages/medium/537007.jpg,2020-09-21 19:17:24,,0,,True
834fdfc1-e87c-4aa5-9342-13292d3d6894,Woolworths Supermarket,Bakery,Woolworths Loaf Pane Di Casa 520g,746874,$4.00,$4.00 / 1EA,https://www.woolworths.com.au/shop/productdetails/746874/woolworths-loaf-pane-di-casa,https://cdn0.woolworths.media/content/wowproductimages/medium/746874.jpg,2020-09-21 19:17:24,Average product rating out of 5: 4.6. Product score is based on 484 ratings,484,,True
b33a629e-7762-489b-aee0-3fa6b88ff330,Woolworths Supermarket,Bakery,Woolworths Turkish Garlic Loaf 420g,505842,$3.00,$3.00 / 1EA,https://www.woolworths.com.au/shop/productdetails/505842/woolworths-turkish-garlic-loaf,https://cdn0.woolworths.media/content/wowproductimages/medium/505842.jpg,2020-09-21 19:17:24,,0,,True
9494f5d3-2f44-4464-b639-581f7321d36f,Woolworths Supermarket,Bakery,Golden Pancakes 6pk 360g,033140,$5.00,$1.39 / 100G,https://www.woolworths.com.au/shop/productdetails/33140/golden-pancakes,https://cdn0.woolworths.media/content/wowproductimages/medium/033140.jpg,2020-09-21 19:17:24,,0,2 for $6.00 $0.83/100G,True
65d7b46f-2e44-494b-9119-0032d72ee553,Woolworths Supermarket,Bakery,Woolworths Chocolate Eclair With Fresh Cream 2 pack,733769,$3.95,$1.98 / 1EA,https://www.woolworths.com.au/shop/productdetails/733769/woolworths-chocolate-eclair-with-fresh-cream,https://cdn0.woolworths.media/content/wowproductimages/medium/733769.jpg,2020-09-21 19:17:24,,0,,True
f64f3ed3-330a-4dcf-94a3-90c3d21ae36e,Woolworths Supermarket,Bakery,Woolworths Diamond Ciabatta White Roll 4 pack,810003,$3.00,$0.75 / 1EA,https://www.woolworths.com.au/shop/productdetails/810003/woolworths-diamond-ciabatta-white-roll,https://cdn0.woolworths.media/content/wowproductimages/medium/810003.jpg,2020-09-21 19:17:24,,0,,True
a646716b-1ed6-4f8a-b053-4440cac89700,Woolworths Supermarket,Bakery,Woolworths Butter Cro Butter 3 pack,097237,$2.50,$0.83 / 1EA,https://www.woolworths.com.au/shop/productdetails/97237/woolworths-butter-cro-butter,https://cdn0.woolworths.media/content/wowproductimages/medium/097237.jpg,2020-09-21 19:17:24,,0,Was $4 29/08/2016,True
73a66a8f-1422-4036-a17b-a47df2eab806,Woolworths Supermarket,Bakery,Woolworths Extra Soft Bread Rolls Jumbo Hamburger 6 pack,201252,$2.70,$0.45 / 1EA,https://www.woolworths.com.au/shop/productdetails/201252/woolworths-extra-soft-bread-rolls-jumbo-hamburger,https://cdn0.woolworths.media/content/wowproductimages/medium/201252.jpg,2020-09-21 19:17:24,,0,Was $3.50 19/09/2019,True
6cca7899-9c98-4cbd-a490-859fdc470c3d,Woolworths Supermarket,Bakery,Toscano French Croissants 240g x6 pack,684682,$4.50,$0.75 / 1EA,https://www.woolworths.com.au/shop/productdetails/684682/toscano-french-croissants,https://cdn0.woolworths.media/content/wowproductimages/medium/684682.jpg,2020-09-21 19:17:24,,0,,True
a3909405-ddb5-4f29-b415-af4b4d1ef441,Woolworths Supermarket,Bakery,Home Chef Quiche Spinach & Feta 700g,763317,$8.00,$1.14 / 100G,https://www.woolworths.com.au/shop/productdetails/763317/home-chef-quiche-spinach-feta,https://cdn0.woolworths.media/content/wowproductimages/medium/763317.jpg,2020-09-21 19:17:24,,0,,True
964adc5a-906c-4407-8ec9-9110d5489eb9,Woolworths Supermarket,Bakery,Woolworths Ginger Kisses 8 pack,787587,$3.70,$1.85 / 100G,https://www.woolworths.com.au/shop/productdetails/787587/woolworths-ginger-kisses,https://cdn0.woolworths.media/content/wowproductimages/medium/787587.jpg,2020-09-21 19:17:24,,0,,True
b67ab49c-9a84-41d0-9fe1-7277b6ac56b4,Woolworths Supermarket,Bakery,Woolworths New York Style Cheesecake 2 pack,852359,$6.00,$2.73 / 100G,https://www.woolworths.com.au/shop/productdetails/852359/woolworths-new-york-style-cheesecake,https://cdn0.woolworths.media/content/wowproductimages/medium/852359.jpg,2020-09-21 19:17:24,,0,,True
7a3e3461-4ea9-4e1a-8d8d-1612472dece4,Woolworths Supermarket,Bakery,Woolworths Bread Rolls Crusty Jumbo Lunch 6 pack,202563,$2.70,$0.45 / 1EA,https://www.woolworths.com.au/shop/productdetails/202563/woolworths-bread-rolls-crusty-jumbo-lunch,https://cdn0.woolworths.media/content/wowproductimages/medium/202563.jpg,2020-09-21 19:17:24,,0,Was $3.50 19/09/2019,True
7e421257-14f4-47b4-8f2c-9b3a8aba584e,Woolworths Supermarket,Bakery,Woolworths Bread Rolls Hotdog Extra Soft 6 pack,033909,$2.00,$0.33 / 1EA,https://www.woolworths.com.au/shop/productdetails/33909/woolworths-bread-rolls-hotdog-extra-soft,https://cdn0.woolworths.media/content/wowproductimages/medium/033909.jpg,2020-09-21 19:17:24,Average product rating out of 5: 4.5. Product score is based on 340 ratings,340,,True
0e8bdc69-5702-416f-a1bb-e59384be4cd1,Woolworths Supermarket,Bakery,Woolworths Plantitude Vegan Belgian Dark Chocolate Cake 250g,054783,$6.00,$2.40 / 100G,https://www.woolworths.com.au/shop/productdetails/54783/woolworths-plantitude-vegan-belgian-dark-chocolate-cake,https://cdn0.woolworths.media/content/wowproductimages/medium/054783.jpg,2020-09-21 19:17:24,Average product rating out of 5: 4.4. Product score is based on 392 ratings,392,,True
7d879688-37a4-4c4d-a8a5-63348192d2a7,Woolworths Supermarket,Bakery,Woolworths Pavlova 220g,056957,$5.00,$5.00 / 1EA,https://www.woolworths.com.au/shop/productdetails/56957/woolworths-pavlova,https://cdn0.woolworths.media/content/wowproductimages/medium/056957.jpg,2020-09-21 19:17:24,,0,,True
7da4768c-778f-4c7b-80fd-8a075f0b47fa,Woolworths Supermarket,Bakery,Woolworths Choc Mint Slices 4 pack,073200,$4.00,$2.00 / 100G,https://www.woolworths.com.au/shop/productdetails/73200/woolworths-choc-mint-slices,https://cdn0.woolworths.media/content/wowproductimages/medium/073200.jpg,2020-09-21 19:17:24,Average product rating out of 5: 3.7. Product score is based on 58 ratings,58,,True
5412fb9c-fae5-4289-9e84-53cb6bcad2e3,Woolworths Supermarket,Bakery,Woolworths Hedgehog Slices 4 pack,073201,$4.00,$2.00 / 100G,https://www.woolworths.com.au/shop/productdetails/73201/woolworths-hedgehog-slices,https://cdn0.woolworths.media/content/wowproductimages/medium/073201.jpg,2020-09-21 19:17:24,Average product rating out of 5: 3.8. Product score is based on 49 ratings,49,,True
ae378794-f374-47fc-b7e9-f2b47c5b4720,Woolworths Supermarket,Bakery,Woolworths Jam Sponge Roll 400g,086566,$2.50,$0.63 / 100G,https://www.woolworths.com.au/shop/productdetails/86566/woolworths-jam-sponge-roll,https://cdn0.woolworths.media/content/wowproductimages/medium/086566.jpg,2020-09-21 19:17:24,,0,,True
f3450984-c1e3-4305-9058-52307db92eba,Woolworths Supermarket,Bakery,Woolworths Choc Sponge Roll 400g,086568,$2.50,$0.63 / 100G,https://www.woolworths.com.au/shop/productdetails/86568/woolworths-choc-sponge-roll,https://cdn0.woolworths.media/content/wowproductimages/medium/086568.jpg,2020-09-21 19:17:24,,0,,True
c33f42b8-b83b-43cf-a37c-8f5b3d9d3b09,Woolworths Supermarket,Bakery,Bbq Meat Lovers Pizza 2 pack,103819,$2.50,$1.25 / 1EA,https://www.woolworths.com.au/shop/productdetails/103819/bbq-meat-lovers-pizza,https://cdn0.woolworths.media/content/wowproductimages/medium/103819.jpg,2020-09-21 19:17:24,,0,,True
cdd80560-d099-4c0f-aa34-3e5d9998d473,Woolworths Supermarket,Bakery,Woolworths Cookies Triple Choc 24 pack,250608,$5.00,$0.21 / 1EA,https://www.woolworths.com.au/shop/productdetails/250608/woolworths-cookies-triple-choc,https://cdn0.woolworths.media/content/wowproductimages/medium/250608.jpg,2020-09-21 19:17:24,,0,,True
651d5af5-d439-4a0c-be94-9c7b751a4194,Woolworths Supermarket,Bakery,Menissez Bake At Home White Baguettes 2 pack,573300,$2.00,$1.00 / 1EA,https://www.woolworths.com.au/shop/productdetails/573300/menissez-bake-at-home-white-baguettes,https://cdn0.woolworths.media/content/wowproductimages/medium/573300.jpg,2020-09-21 19:17:24,,0,Was $3.00 16/10/2017,True
5ac6dc81-651b-4394-8cab-b19803d3c735,Woolworths Supermarket,Bakery,Woolworths Pecan Danish 450g,740722,$6.50,$1.44 / 100G,https://www.woolworths.com.au/shop/productdetails/740722/woolworths-pecan-danish,https://cdn0.woolworths.media/content/wowproductimages/medium/740722.jpg,2020-09-21 19:17:24,,0,,True
e998896d-c00b-40fc-8fb2-f967aa95de33,Woolworths Supermarket,Bakery,Mighty Soft Fruit Loaf Cafe Style 600g,957684,$6.00,$1.00 / 100G,https://www.woolworths.com.au/shop/productdetails/957684/mighty-soft-fruit-loaf-cafe-style,https://cdn0.woolworths.media/content/wowproductimages/medium/957684.jpg,2020-09-21 19:17:24,,0,,True
9b45ba8a-ac9f-4922-a687-2bf4d760733a,Woolworths Supermarket,Bakery,Mighty Soft Bread Rolls Hamburger Buns 6 pack,013044,$3.00,$0.50 / 1EA,https://www.woolworths.com.au/shop/productdetails/13044/mighty-soft-bread-rolls-hamburger-buns,https://cdn0.woolworths.media/content/wowproductimages/medium/013044.jpg,2020-09-21 19:17:24,,0,,True
39f6756e-1435-40ac-af17-2733a0acd5ff,Woolworths Supermarket,Bakery,Woolworths Raspberry Lamington Bites 9 pack,042208,$3.00,$1.43 / 100G,https://www.woolworths.com.au/shop/productdetails/42208/woolworths-raspberry-lamington-bites,https://cdn0.woolworths.media/content/wowproductimages/medium/042208.jpg,2020-09-21 19:17:24,Average product rating out of 5: 3.9. Product score is based on 247 ratings,247,,True
2c86d8f7-6dfd-4b63-bba0-2363e3006d06,Woolworths Supermarket,Bakery,Large Croissants 4 pack,066973,$4.00,,https://www.woolworths.com.au/shop/productdetails/66973/large-croissants,https://cdn0.woolworths.media/content/wowproductimages/medium/066973.jpg,2020-09-21 19:17:24,,0,,True
908a9986-30a7-4d88-93be-b7a6b5855880,Woolworths Supermarket,Bakery,Woolworths Banana Muffin Bars 10 pack,086821,$5.00,$1.25 / 100G,https://www.woolworths.com.au/shop/productdetails/86821/woolworths-banana-muffin-bars,https://cdn0.woolworths.media/content/wowproductimages/medium/086821.jpg,2020-09-21 19:17:24,,0,,True
ac9106a2-cad0-409d-afbd-189cfc28b6b8,Woolworths Supermarket,Bakery,Toscano Lemon Tartlets 9 pack,088845,$4.00,$3.20 / 100G,https://www.woolworths.com.au/shop/productdetails/88845/toscano-lemon-tartlets,https://cdn0.woolworths.media/content/wowproductimages/medium/088845.jpg,2020-09-21 19:17:24,,0,,True
e666a322-983d-4927-9df5-052557152644,Woolworths Supermarket,Bakery,Wonder Sandwich White Mini Loaf 350g,103726,$2.50,$0.78 / 100G,https://www.woolworths.com.au/shop/productdetails/103726/wonder-sandwich-white-mini-loaf,https://cdn0.woolworths.media/content/wowproductimages/medium/103726.jpg,2020-09-21 19:17:24,,0,,True
814455f7-6874-4925-99a6-0403fa565f33,Woolworths Supermarket,Bakery,Woolworths White Hi Fibre Low Gi Lunch Rolls 6 pack,118608,$3.50,$0.58 / 1EA,https://www.woolworths.com.au/shop/productdetails/118608/woolworths-white-hi-fibre-low-gi-lunch-rolls,https://cdn0.woolworths.media/content/wowproductimages/medium/118608.jpg,2020-09-21 19:17:24,,0,,True
dd4d200a-1804-4b3e-8652-5f4e84cc369b,Woolworths Supermarket,Bakery,Woolworths Sultana Butter Cake 480g,297146,$4.50,$0.94 / 100G,https://www.woolworths.com.au/shop/productdetails/297146/woolworths-sultana-butter-cake,https://cdn0.woolworths.media/content/wowproductimages/medium/297146.jpg,2020-09-21 19:17:24,,0,,True
fec4828a-e10d-4fc2-b00a-bf4b25916e5f,Woolworths Supermarket,Bakery,Woolworths Orange & Poppy Seed Cake 300g,510737,$3.50,$1.17 / 100G,https://www.woolworths.com.au/shop/productdetails/510737/woolworths-orange-poppy-seed-cake,https://cdn0.woolworths.media/content/wowproductimages/medium/510737.jpg,2020-09-21 19:17:24,Average product rating out of 5: 4.1. Product score is based on 475 ratings,475,,True
12421471-2b42-4efe-8a2f-a07e40f718a0,Woolworths Supermarket,Bakery,Menissez Bake At Home White Dinner Rolls 6pk,573301,$2.00,$0.33 / 1EA,https://www.woolworths.com.au/shop/productdetails/573301/menissez-bake-at-home-white-dinner-rolls,https://cdn0.woolworths.media/content/wowproductimages/medium/573301.jpg,2020-09-21 19:17:24,,0,Was $3.00 16/10/2017,True
3cf45287-d89f-4df4-88f0-c513e4610676,Woolworths Supermarket,Bakery,Tip Top Sandwich Thins Wholemeal 6 pack,603317,$3.50,$1.46 / 100G,https://www.woolworths.com.au/shop/productdetails/603317/tip-top-sandwich-thins-wholemeal,https://cdn0.woolworths.media/content/wowproductimages/medium/603317.jpg,2020-09-21 19:17:24,,0,,True
e76e9321-e5d2-41e0-bf0f-af361fa41a82,Woolworths Supermarket,Bakery,Woolworths Choc Chip Muffin 4 pack,883003,$3.50,$0.83 / 100G,https://www.woolworths.com.au/shop/productdetails/883003/woolworths-choc-chip-muffin,https://cdn0.woolworths.media/content/wowproductimages/medium/883003.jpg,2020-09-21 19:17:24,Average product rating out of 5: 4.2. Product score is based on 577 ratings,577,,True
9b13ce2b-16db-4e4c-a13d-530b1d728471,Woolworths Supermarket,Bakery,Gibbs Crumpets Round 6 pack,019554,$1.30,$0.22 / 1EA,https://www.woolworths.com.au/shop/productdetails/19554/gibbs-crumpets-round,https://cdn0.woolworths.media/content/wowproductimages/medium/019554.jpg,2020-09-21 19:17:24,,0,,True
b1909f4a-f8e7-45c8-9259-2e7d5710fa4e,Woolworths Supermarket,Bakery,Woolworths Bread Rolls Crusty Lunch 6 pack,033908,$2.00,$0.33 / 1EA,https://www.woolworths.com.au/shop/productdetails/33908/woolworths-bread-rolls-crusty-lunch,https://cdn0.woolworths.media/content/wowproductimages/medium/033908.jpg,2020-09-21 19:17:24,,0,,True
04733965-2718-4444-a440-3de50cd390dc,Woolworths Supermarket,Bakery,Woolworths Caramel Bar Slice 260g,061194,$3.25,$1.25 / 100G,https://www.woolworths.com.au/shop/productdetails/61194/woolworths-caramel-bar-slice,https://cdn0.woolworths.media/content/wowproductimages/medium/061194.jpg,2020-09-21 19:17:24,Average product rating out of 5: 4.5. Product score is based on 255 ratings,255,,True
0ca13b10-203f-4d55-8f57-ae5db93bb8d3,Woolworths Supermarket,Bakery,Woolworths Vegan Apple Crumble Tarts 4 pack,071506,$5.00,$2.50 / 100G,https://www.woolworths.com.au/shop/productdetails/71506/woolworths-vegan-apple-crumble-tarts,https://cdn0.woolworths.media/content/wowproductimages/medium/071506.jpg,2020-09-21 19:17:24,Average product rating out of 5: 5.0. Product score is based on 1 ratings,1,,True
d281626c-2564-49d3-8483-c78587ad0bb8,Woolworths Supermarket,Bakery,Woolworths Choc Chip Banana Bread Loaf each,073437,$4.00,$4.00 / 1EA,https://www.woolworths.com.au/shop/productdetails/73437/woolworths-choc-chip-banana-bread-loaf,https://cdn0.woolworths.media/content/wowproductimages/medium/073437.jpg,2020-09-21 19:17:24,Average product rating out of 5: 3.8. Product score is based on 162 ratings,162,,True
cb51bbce-5d20-472c-953e-b588d23013f8,Woolworths Supermarket,Bakery,Woolworths Caramel Flavoured Mini Bars 10 pack,086822,$5.00,$1.25 / 100G,https://www.woolworths.com.au/shop/productdetails/86822/woolworths-caramel-flavoured-mini-bars,https://cdn0.woolworths.media/content/wowproductimages/medium/086822.jpg,2020-09-21 19:17:24,,0,,True
d296f7e5-c216-4b0e-a511-ccbbcbbbc577,Woolworths Supermarket,Bakery,Wonder White Bread Vitamins & Minerals Toast 700g,263667,$3.40,$0.49 / 100G,https://www.woolworths.com.au/shop/productdetails/263667/wonder-white-bread-vitamins-minerals-toast,https://cdn0.woolworths.media/content/wowproductimages/medium/263667.jpg,2020-09-21 19:17:24,,0,,True
e1dd546f-f1b9-4587-9746-3ffb576c9e99,Woolworths Supermarket,Bakery,Mission Wraps Original 8 pack,320194,$5.00,$0.88 / 100G,https://www.woolworths.com.au/shop/productdetails/320194/mission-wraps-original,https://cdn0.woolworths.media/content/wowproductimages/medium/320194.jpg,2020-09-21 19:17:24,,0,,True
83f93d7a-aa73-4d55-b236-e9f1d3450b9c,Woolworths Supermarket,Bakery,Menissez Bake At Home Multigrain Dinner Rolls 6 pack,573302,$2.00,$0.33 / 1EA,https://www.woolworths.com.au/shop/productdetails/573302/menissez-bake-at-home-multigrain-dinner-rolls,https://cdn0.woolworths.media/content/wowproductimages/medium/573302.jpg,2020-09-21 19:17:24,,0,Was $3.00 16/10/2017,True
167b13b8-8d35-484b-872c-a8666c15db29,Woolworths Supermarket,Bakery,Woolworths White Soft Hi-fibre Bread 700g,581280,$2.30,$0.33 / 100G,https://www.woolworths.com.au/shop/productdetails/581280/woolworths-white-soft-hi-fibre-bread,https://cdn0.woolworths.media/content/wowproductimages/medium/581280.jpg,2020-09-21 19:17:24,Average product rating out of 5: 3.9. Product score is based on 514 ratings,514,,True
cc3fc5a4-cfbd-4bb1-b395-45f0e716ae47,Woolworths Supermarket,Bakery,Cadbury Caramel Cake Bars 5 pack,633064,$3.75,$0.75 / 1EA,https://www.woolworths.com.au/shop/productdetails/633064/cadbury-caramel-cake-bars,https://cdn0.woolworths.media/content/wowproductimages/medium/633064.jpg,2020-09-21 19:17:24,,0,,True
2b607d17-7cd3-47e1-a1c3-69d5f9f1fc66,Woolworths Supermarket,Bakery,Mission Roti Bread Traditional 280g 4pk,659137,$3.00,$1.07 / 100G,https://www.woolworths.com.au/shop/productdetails/659137/mission-roti-bread-traditional,https://cdn0.woolworths.media/content/wowproductimages/medium/659137.jpg,2020-09-21 19:17:24,,0,,True
e1ba6797-b79f-4f24-bf4f-58bad8f64f78,Woolworths Supermarket,Bakery,Woolworths Lemon Cheesecake 2 pack,706493,$4.00,$2.22 / 100G,https://www.woolworths.com.au/shop/productdetails/706493/woolworths-lemon-cheesecake,https://cdn0.woolworths.media/content/wowproductimages/medium/706493.jpg,2020-09-21 19:17:24,,0,,True
93d23ebc-cf94-4744-9a2e-4090e73e08f0,Woolworths Supermarket,Bakery,Noshu 97% Sugar Free Funtella Cake 180g,861012,$6.00,$3.33 / 100G,https://www.woolworths.com.au/shop/productdetails/861012/noshu-97-sugar-free-funtella-cake,https://cdn0.woolworths.media/content/wowproductimages/medium/861012.jpg,2020-09-21 19:17:24,,0,,True
6bf91762-16b5-46a9-ac38-ee7bc0cc876c,Woolworths Supermarket,Bakery,Home Chef Quiche Lorraine 700g,948485,$8.00,$1.14 / 100G,https://www.woolworths.com.au/shop/productdetails/948485/home-chef-quiche-lorraine,https://cdn0.woolworths.media/content/wowproductimages/medium/948485.jpg,2020-09-21 19:17:24,Average product rating out of 5: 4.2. Product score is based on 786 ratings,786,,True
d1786293-2a23-4b2d-bd6a-c973bf69ace0,Woolworths Supermarket,Bakery,Woolworths Bread Rolls Crusty Jumbo Long 6pk,202570,$2.70,$0.45 / 1EA,https://www.woolworths.com.au/shop/productdetails/202570/woolworths-bread-rolls-crusty-jumbo-long,https://cdn0.woolworths.media/content/wowproductimages/medium/202570.jpg,2020-09-21 19:17:24,,0,Was $3.50 19/09/2019,True
38333937-1ef9-488c-a343-beca02889a15,Woolworths Supermarket,Bakery,Woolworths Bread Wholemeal Loaf 680g,035496,$2.00,$0.29 / 100G,https://www.woolworths.com.au/shop/productdetails/35496/woolworths-bread-wholemeal-loaf,https://cdn0.woolworths.media/content/wowproductimages/medium/035496.jpg,2020-09-21 19:17:24,,0,,True
46994c7d-b9de-4d57-bf4f-72ef9c565913,Woolworths Supermarket,Bakery,Golden Pikelets 8 pack,046645,$4.00,$0.50 / 1EA,https://www.woolworths.com.au/shop/productdetails/46645/golden-pikelets,https://cdn0.woolworths.media/content/wowproductimages/medium/046645.jpg,2020-09-21 19:17:24,,0,2 for $6.00,True
ae5816fb-8c93-47e6-a30d-87dab8645afb,Woolworths Supermarket,Bakery,Woolworths Cookie Caramel Bar Slice 280g,061196,$3.25,$1.16 / 100G,https://www.woolworths.com.au/shop/productdetails/61196/woolworths-cookie-caramel-bar-slice,https://cdn0.woolworths.media/content/wowproductimages/medium/061196.jpg,2020-09-21 19:17:24,Average product rating out of 5: 4.2. Product score is based on 316 ratings,316,,True
