id,supermarket,category,product_name,product_id,price,cup_price,product_url,img_url,viewed_date,ratings,rating_count,product_specials,available_in_stock
f4fcf7f3-af07-4e41-a154-3a272f0931fb,Woolworths Supermarket,"Dairy, Eggs & Fridge",Western Star Original Butter Block 500g,041287,$6.50,$1.30 / 100G,https://www.woolworths.com.au/shop/productdetails/41287/western-star-original-butter-block,https://cdn0.woolworths.media/content/wowproductimages/medium/041287.jpg,2020-09-21 17:27:05,,0,Was $7.00 30/06/2020,True
4b710392-2fbc-4dc7-9b9b-bf41489325ee,Woolworths Supermarket,"Dairy, Eggs & Fridge",Big M Chocolate Milk 2l,003170,$4.30,$2.15 / 1L,https://www.woolworths.com.au/shop/productdetails/3170/big-m-chocolate-milk,https://cdn0.woolworths.media/content/wowproductimages/medium/003170.jpg,2020-09-21 17:27:05,,0,,True
9578f398-f7e3-47b7-ac88-8e2882c6b9d6,Woolworths Supermarket,"Dairy, Eggs & Fridge",Pace Farm 12 Large Free Range Eggs 600g,033092,$5.70,$0.95 / 100G,https://www.woolworths.com.au/shop/productdetails/33092/pace-farm-12-large-free-range-eggs,https://cdn0.woolworths.media/content/wowproductimages/medium/033092.jpg,2020-09-21 17:27:05,,0,,True
30d0eeef-498c-4f0c-bf3b-6dfa318be817,Woolworths Supermarket,"Dairy, Eggs & Fridge",Coon Cheese Slices Tasty Light 250g,007751,$6.00,$24.00 / 1KG,https://www.woolworths.com.au/shop/productdetails/7751/coon-cheese-slices-tasty-light,https://cdn0.woolworths.media/content/wowproductimages/medium/007751.jpg,2020-09-21 17:27:05,,0,,True
2e6d3f83-6c40-4105-a2ad-e10fc360e677,Woolworths Supermarket,"Dairy, Eggs & Fridge",Latina Fresh Beef Ravioli 375g,010634,$6.50,$1.73 / 100G,https://www.woolworths.com.au/shop/productdetails/10634/latina-fresh-beef-ravioli,https://cdn0.woolworths.media/content/wowproductimages/medium/010634.jpg,2020-09-21 17:27:05,,0,,True
94b20ead-f60e-4592-bb91-a9248d4fff14,Woolworths Supermarket,"Dairy, Eggs & Fridge",Vaalia Low Fat French Vanilla Yoghurt 900g,013834,,,https://www.woolworths.com.au/shop/productdetails/13834/vaalia-low-fat-french-vanilla-yoghurt,https://cdn0.woolworths.media/content/wowproductimages/medium/013834.jpg,2020-09-21 17:27:05,,0,,False
130ba7ce-feff-4636-a4b4-d0bbdede0be8,Woolworths Supermarket,"Dairy, Eggs & Fridge",Olive Grove Classic Spread 500g,015439,$3.50,$0.70 / 100G,https://www.woolworths.com.au/shop/productdetails/15439/olive-grove-classic-spread,https://cdn0.woolworths.media/content/wowproductimages/medium/015439.jpg,2020-09-21 17:27:05,,0,Was $3.99 24/10/16,True
4948ed80-651f-4a0b-8410-0b12544ce28e,Woolworths Supermarket,"Dairy, Eggs & Fridge",Chris' Dips Spring Onion 200g,028700,$3.50,$1.75 / 100G,https://www.woolworths.com.au/shop/productdetails/28700/chris-dips-spring-onion,https://cdn0.woolworths.media/content/wowproductimages/medium/028700.jpg,2020-09-21 17:27:05,,0,2 for $6.00 $1.50/100G,True
c0592714-ab6b-481d-92dc-8e06e892c91f,Woolworths Supermarket,"Dairy, Eggs & Fridge",Kraft Parmesan Cheese Cannister 125g,033599,$4.30,$34.40 / 1KG,https://www.woolworths.com.au/shop/productdetails/33599/kraft-parmesan-cheese-cannister,https://cdn0.woolworths.media/content/wowproductimages/medium/033599.jpg,2020-09-21 17:27:05,,0,,True
62d26937-2278-47c3-a984-f0bc974dc11a,Woolworths Supermarket,"Dairy, Eggs & Fridge",Bega Farmers' Tasty Cheese 250g,040709,$6.00,$24.00 / 1KG,https://www.woolworths.com.au/shop/productdetails/40709/bega-farmers-tasty-cheese,https://cdn0.woolworths.media/content/wowproductimages/medium/040709.jpg,2020-09-21 17:27:05,,0,,True
b2c96d5d-59d6-458a-86f5-b87236ead426,Woolworths Supermarket,"Dairy, Eggs & Fridge",Tasmanian Heritage Camembert Cheese 125g,002205,$4.00,$32.00 / 1KG,https://www.woolworths.com.au/shop/productdetails/2205/tasmanian-heritage-camembert-cheese,https://cdn0.woolworths.media/content/wowproductimages/medium/002205.jpg,2020-09-21 17:27:05,,0,,True
69465f4d-1e0b-40c5-89c3-300f72ff786f,Woolworths Supermarket,"Dairy, Eggs & Fridge",Dodoni Greek Fetta Cheese per kg,003122,$29.00,$29.00 / 1KG,https://www.woolworths.com.au/shop/productdetails/3122/dodoni-greek-fetta-cheese,https://cdn0.woolworths.media/content/wowproductimages/medium/003122.jpg,2020-09-21 17:27:05,,0,,True
b413503c-d7d7-483b-a84e-6d254143ec7c,Woolworths Supermarket,"Dairy, Eggs & Fridge",Gold'n Canola Margarine 500g,003878,$2.80,$0.56 / 100G,https://www.woolworths.com.au/shop/productdetails/3878/gold-n-canola-margarine,https://cdn0.woolworths.media/content/wowproductimages/medium/003878.jpg,2020-09-21 17:27:05,,0,,True
864ecb49-6a4b-46bd-bebd-fa787903fa49,Woolworths Supermarket,"Dairy, Eggs & Fridge",Sanitarium So Good Long Life Vanilla Bliss Soy Milk 1l,005535,$2.00,$2.00 / 1L,https://www.woolworths.com.au/shop/productdetails/5535/sanitarium-so-good-long-life-vanilla-bliss-soy-milk,https://cdn0.woolworths.media/content/wowproductimages/medium/005535.jpg,2020-09-21 17:27:05,,0,,True
0fddf374-eb1e-463d-a482-6d4d545558aa,Woolworths Supermarket,"Dairy, Eggs & Fridge",King Island Phoques Cove Camembert Cheese 200g,006576,$12.60,$63.00 / 1KG,https://www.woolworths.com.au/shop/productdetails/6576/king-island-phoques-cove-camembert-cheese,https://cdn0.woolworths.media/content/wowproductimages/medium/006576.jpg,2020-09-21 17:27:05,,0,,True
49138190-f338-4c17-9ed3-9a9fe080ac70,Woolworths Supermarket,"Dairy, Eggs & Fridge",Woolworths Marinated Danish Fetta per kg,008237,$21.00,$21.00 / 1KG,https://www.woolworths.com.au/shop/productdetails/8237/woolworths-marinated-danish-fetta,https://cdn0.woolworths.media/content/wowproductimages/medium/008237.jpg,2020-09-21 17:27:05,,0,,True
7126007c-7c4c-4d38-a6b4-9a48f8dc40fb,Woolworths Supermarket,"Dairy, Eggs & Fridge",Oak Vanilla Malt Milk 600ml,009537,$2.75,$4.58 / 1L,https://www.woolworths.com.au/shop/productdetails/9537/oak-vanilla-malt-milk,https://cdn0.woolworths.media/content/wowproductimages/medium/009537.jpg,2020-09-21 17:27:05,,0,,True
9248f1d9-3042-4c42-8867-fb8591e9b77c,Woolworths Supermarket,"Dairy, Eggs & Fridge",Latina Fresh Italian Tomato & Garlic Pasta Sauce 425g,009592,,,https://www.woolworths.com.au/shop/productdetails/9592/latina-fresh-italian-tomato-garlic-pasta-sauce,https://cdn0.woolworths.media/content/wowproductimages/medium/009592.jpg,2020-09-21 17:27:05,,0,,False
261ff041-80dd-46fa-89ad-1ac88ffdab06,Woolworths Supermarket,"Dairy, Eggs & Fridge",Oak Chocolate Milk 2l,010384,$5.00,$2.50 / 1L,https://www.woolworths.com.au/shop/productdetails/10384/oak-chocolate-milk,https://cdn0.woolworths.media/content/wowproductimages/medium/010384.jpg,2020-09-21 17:27:05,,0,,True
f3613677-2c82-40ec-84c2-fc4e4b420faa,Woolworths Supermarket,"Dairy, Eggs & Fridge",Dare Double Espresso No Added Sugar 500ml,011076,$2.60,$5.20 / 1L,https://www.woolworths.com.au/shop/productdetails/11076/dare-double-espresso-no-added-sugar,https://cdn0.woolworths.media/content/wowproductimages/medium/011076.jpg,2020-09-21 17:27:05,,0,,True
28ec862b-7b8d-4f5f-b20c-4d29f8616380,Woolworths Supermarket,"Dairy, Eggs & Fridge",Darikay Tomato Soup 550g,011947,$6.50,$1.18 / 100G,https://www.woolworths.com.au/shop/productdetails/11947/darikay-tomato-soup,https://cdn0.woolworths.media/content/wowproductimages/medium/011947.jpg,2020-09-21 17:27:05,,0,,True
119f30bc-0f70-43db-afaa-2dfb14579e35,Woolworths Supermarket,"Dairy, Eggs & Fridge",Nutriboost Boosted Milk Drink Chocolate 250ml,012521,$2.40,$9.60 / 1L,https://www.woolworths.com.au/shop/productdetails/12521/nutriboost-boosted-milk-drink-chocolate,https://cdn0.woolworths.media/content/wowproductimages/medium/012521.jpg,2020-09-21 17:27:05,,0,5 for $8.50 $6.80/1L,True
674d89a4-03ce-4828-b490-65533a2e938e,Woolworths Supermarket,"Dairy, Eggs & Fridge",Nutriboost Boosted Milk Drink Vanilla 250ml,012550,$2.40,$9.60 / 1L,https://www.woolworths.com.au/shop/productdetails/12550/nutriboost-boosted-milk-drink-vanilla,https://cdn0.woolworths.media/content/wowproductimages/medium/012550.jpg,2020-09-21 17:27:05,,0,5 for $8.50 $6.80/1L,True
4ac86e10-e938-4923-a91d-b8c0c634a2d1,Woolworths Supermarket,"Dairy, Eggs & Fridge",Nutriboost Boosted Milk Drink Banana 250ml,012584,$2.40,$9.60 / 1L,https://www.woolworths.com.au/shop/productdetails/12584/nutriboost-boosted-milk-drink-banana,https://cdn0.woolworths.media/content/wowproductimages/medium/012584.jpg,2020-09-21 17:27:05,,0,5 for $8.50 $6.80/1L,True
2174b180-d37a-414e-996f-46b93e52a501,Woolworths Supermarket,"Dairy, Eggs & Fridge",Coon Cheese Slices Tasty 750g,187899,$10.00,$13.33 / 1KG,https://www.woolworths.com.au/shop/productdetails/187899/coon-cheese-slices-tasty,https://cdn0.woolworths.media/content/wowproductimages/medium/187899.jpg,2020-09-21 17:27:05,,0,Was $12.00 07/07/2020,True
a03d3814-4869-4d45-bd69-48f86ebe8628,Woolworths Supermarket,"Dairy, Eggs & Fridge",A2 Light Milk 2l,208066,$5.30,$2.65 / 1L,https://www.woolworths.com.au/shop/productdetails/208066/a2-light-milk,https://cdn0.woolworths.media/content/wowproductimages/medium/208066.jpg,2020-09-21 17:27:05,,0,,True
c09e3f82-d80d-413a-a7b1-4f722084172b,Woolworths Supermarket,"Dairy, Eggs & Fridge",A2 Full Cream Milk 2l,208064,$5.30,$2.65 / 1L,https://www.woolworths.com.au/shop/productdetails/208064/a2-full-cream-milk,https://cdn0.woolworths.media/content/wowproductimages/medium/208064.jpg,2020-09-21 17:27:05,,0,,True
c1813dd0-7adf-422a-a217-6f092291df74,Woolworths Supermarket,"Dairy, Eggs & Fridge",Woolworths Baby Spinach Salad Bag 60g,379515,$2.00,$33.33 / 1KG,https://www.woolworths.com.au/shop/productdetails/379515/woolworths-baby-spinach-salad-bag,https://cdn0.woolworths.media/content/wowproductimages/medium/379515.jpg,2020-09-21 17:27:05,Average product rating out of 5: 4.7. Product score is based on 725 ratings,725,,True
7f273339-1af5-4bd6-9888-58e6681d7ba3,Woolworths Supermarket,"Dairy, Eggs & Fridge",Western Star Original Spreadable 500g,069756,$6.00,$1.20 / 100G,https://www.woolworths.com.au/shop/productdetails/69756/western-star-original-spreadable,https://cdn0.woolworths.media/content/wowproductimages/medium/069756.jpg,2020-09-21 17:27:05,,0,,True
c61c1580-9933-4e5a-83e2-87f949665468,Woolworths Supermarket,"Dairy, Eggs & Fridge",Woolworths Single Leaf Baby Spinach 280g,524336,$5.00,$17.86 / 1KG,https://www.woolworths.com.au/shop/productdetails/524336/woolworths-single-leaf-baby-spinach,https://cdn0.woolworths.media/content/wowproductimages/medium/524336.jpg,2020-09-21 17:27:05,Average product rating out of 5: 4.8. Product score is based on 532 ratings,532,,True
ad729771-1c9a-40ea-83bf-faf9bca00701,Woolworths Supermarket,"Dairy, Eggs & Fridge",Just 4 You 12 Extra Large Caged Eggs 700g,893974,$3.50,$0.50 / 100G,https://www.woolworths.com.au/shop/productdetails/893974/just-4-you-12-extra-large-caged-eggs,https://cdn0.woolworths.media/content/wowproductimages/medium/893974.jpg,2020-09-21 17:27:05,,0,,True
c5109bbd-1eba-4516-94c1-db93f879a999,Woolworths Supermarket,"Dairy, Eggs & Fridge",Almond Breeze Unsweetened Almond Milk 1l,761604,$2.50,$2.50 / 1L,https://www.woolworths.com.au/shop/productdetails/761604/almond-breeze-unsweetened-almond-milk,https://cdn0.woolworths.media/content/wowproductimages/medium/761604.jpg,2020-09-21 17:27:05,,0,Was $3.25 13/03/2017,True
29dcb835-29fe-4d61-98ed-a22fb4886e9f,Woolworths Supermarket,"Dairy, Eggs & Fridge",Woolworths Drought Relief Full Cream Milk 2l,807383,$2.39,$1.20 / 1L,https://www.woolworths.com.au/shop/productdetails/807383/woolworths-drought-relief-full-cream-milk,https://cdn0.woolworths.media/content/wowproductimages/medium/807383.jpg,2020-09-21 17:27:05,Average product rating out of 5: 4.7. Product score is based on 385 ratings,385,,True
078a01d8-1047-4cc6-b854-13b27c8a1417,Woolworths Supermarket,"Dairy, Eggs & Fridge",Woolworths Tasty Shredded Cheese 500g,729026,$6.00,$12.00 / 1KG,https://www.woolworths.com.au/shop/productdetails/729026/woolworths-tasty-shredded-cheese,https://cdn0.woolworths.media/content/wowproductimages/medium/729026.jpg,2020-09-21 17:27:05,Average product rating out of 5: 4.6. Product score is based on 500 ratings,500,,True
4442292d-eaf4-40d1-b585-74d3e0bd35ee,Woolworths Supermarket,"Dairy, Eggs & Fridge",Woolworths Thickened Cream 600ml,048720,$3.00,$0.50 / 100ML,https://www.woolworths.com.au/shop/productdetails/48720/woolworths-thickened-cream,https://cdn0.woolworths.media/content/wowproductimages/medium/048720.jpg,2020-09-21 17:27:05,Average product rating out of 5: 4.8. Product score is based on 740 ratings,740,,True
bf571e31-54b8-426f-ab46-ebaf60af6652,Woolworths Supermarket,"Dairy, Eggs & Fridge",Woolworths Uht Full Cream Milk 1l,748595,$1.25,$1.25 / 1L,https://www.woolworths.com.au/shop/productdetails/748595/woolworths-uht-full-cream-milk,https://cdn0.woolworths.media/content/wowproductimages/medium/748595.jpg,2020-09-21 17:27:05,Average product rating out of 5: 4.9. Product score is based on 36 ratings,36,,True
cede07c6-d446-4c44-a46f-979ad77979f0,Woolworths Supermarket,"Dairy, Eggs & Fridge",Hillview Cheese Block 1kg,500187,$8.00,$8.00 / 1KG,https://www.woolworths.com.au/shop/productdetails/500187/hillview-cheese-block,https://cdn0.woolworths.media/content/wowproductimages/medium/500187.jpg,2020-09-21 17:27:05,Average product rating out of 5: 4.5. Product score is based on 66 ratings,66,,True
aae9f9c9-5a39-4923-acc6-a8a4d91e11a4,Woolworths Supermarket,"Dairy, Eggs & Fridge",Woolworths Drought Relief Lite Milk 3l,807386,$3.59,$1.20 / 1L,https://www.woolworths.com.au/shop/productdetails/807386/woolworths-drought-relief-lite-milk,https://cdn0.woolworths.media/content/wowproductimages/medium/807386.jpg,2020-09-21 17:27:05,,0,,True
c6179f71-568d-4276-a648-92979a9ad3cc,Woolworths Supermarket,"Dairy, Eggs & Fridge",Hillview Tasty Shredded Cheese 700g,491820,$6.60,$9.43 / 1KG,https://www.woolworths.com.au/shop/productdetails/491820/hillview-tasty-shredded-cheese,https://cdn0.woolworths.media/content/wowproductimages/medium/491820.jpg,2020-09-21 17:27:05,Average product rating out of 5: 4.5. Product score is based on 48 ratings,48,,True
08568d34-0ae9-478d-a8fa-18e653c40e4c,Woolworths Supermarket,"Dairy, Eggs & Fridge",Woolworths Drought Relief Lite Milk 2l,807385,$2.39,$1.20 / 1L,https://www.woolworths.com.au/shop/productdetails/807385/woolworths-drought-relief-lite-milk,https://cdn0.woolworths.media/content/wowproductimages/medium/807385.jpg,2020-09-21 17:27:05,,0,,True
4140f0d8-d97d-4a10-b54e-68983b57c90c,Woolworths Supermarket,"Dairy, Eggs & Fridge",Woolworths Baby Leaf Spinach 120g,524322,$3.00,$25.00 / 1KG,https://www.woolworths.com.au/shop/productdetails/524322/woolworths-baby-leaf-spinach,https://cdn0.woolworths.media/content/wowproductimages/medium/524322.jpg,2020-09-21 17:27:05,Average product rating out of 5: 4.7. Product score is based on 2842 ratings,2842,,True
23760a9d-c3bd-4674-8930-90d8a81310d0,Woolworths Supermarket,"Dairy, Eggs & Fridge",Woolworths Mozzarella Shredded Cheese 500g,728983,$6.00,$12.00 / 1KG,https://www.woolworths.com.au/shop/productdetails/728983/woolworths-mozzarella-shredded-cheese,https://cdn0.woolworths.media/content/wowproductimages/medium/728983.jpg,2020-09-21 17:27:05,Average product rating out of 5: 4.5. Product score is based on 469 ratings,469,,True
8e076c6a-0657-44b5-becb-a9aba2933b56,Woolworths Supermarket,"Dairy, Eggs & Fridge",Woolworths Drought Relief Full Cream Milk 3l,807384,$3.59,$1.20 / 1L,https://www.woolworths.com.au/shop/productdetails/807384/woolworths-drought-relief-full-cream-milk,https://cdn0.woolworths.media/content/wowproductimages/medium/807384.jpg,2020-09-21 17:27:05,,0,,True
c6a724b8-e334-4b39-b4b7-1b4abc92192c,Woolworths Supermarket,"Dairy, Eggs & Fridge",Flora Proactiv Margarine Buttery 750g,763453,$10.00,$1.33 / 100G,https://www.woolworths.com.au/shop/productdetails/763453/flora-proactiv-margarine-buttery,https://cdn0.woolworths.media/content/wowproductimages/medium/763453.jpg,2020-09-21 17:27:05,,0,,True
8a412389-6e2e-474b-9091-791aa02aa95c,Woolworths Supermarket,"Dairy, Eggs & Fridge",Chris' Dips Avocado 200g,013916,$3.50,$1.75 / 100G,https://www.woolworths.com.au/shop/productdetails/13916/chris-dips-avocado,https://cdn0.woolworths.media/content/wowproductimages/medium/013916.jpg,2020-09-21 17:27:05,,0,2 for $6.00 $1.50/100G,True
a51a8f7d-a39a-40ab-903f-9a37c104c735,Woolworths Supermarket,"Dairy, Eggs & Fridge",Devondale Extra Soft Butter Blend 500g,015791,$4.50,$0.90 / 100G,https://www.woolworths.com.au/shop/productdetails/15791/devondale-extra-soft-butter-blend,https://cdn0.woolworths.media/content/wowproductimages/medium/015791.jpg,2020-09-21 17:27:05,,0,,True
25604e04-97e0-443d-9f99-99803174ea5f,Woolworths Supermarket,"Dairy, Eggs & Fridge",Sanitarium So Good Long Life Lite Soy Milk 1l,016307,$1.90,$1.90 / 1L,https://www.woolworths.com.au/shop/productdetails/16307/sanitarium-so-good-long-life-lite-soy-milk,https://cdn0.woolworths.media/content/wowproductimages/medium/016307.jpg,2020-09-21 17:27:05,,0,,True
99965732-ef39-4269-ae28-b47bcea32a8d,Woolworths Supermarket,"Dairy, Eggs & Fridge",Mersey Valley Cheddar Cheese Smoky Bacon Flavour 235g,016490,$5.50,$23.40 / 1KG,https://www.woolworths.com.au/shop/productdetails/16490/mersey-valley-cheddar-cheese-smoky-bacon-flavour,https://cdn0.woolworths.media/content/wowproductimages/medium/016490.jpg,2020-09-21 17:27:05,,0,,True
9607d370-a0f6-46c4-9225-f2ea2b6af04c,Woolworths Supermarket,"Dairy, Eggs & Fridge",Dairyworks Tasty Block 500g,017280,$6.50,$13.00 / 1KG,https://www.woolworths.com.au/shop/productdetails/17280/dairyworks-tasty-block,https://cdn0.woolworths.media/content/wowproductimages/medium/017280.jpg,2020-09-21 17:27:05,,0,Was $7.00 29/07/2019,True
c4bb21f7-6141-4622-bc2f-e988f8fab758,Woolworths Supermarket,"Dairy, Eggs & Fridge",Dairyworks Tasty Cheese Grated 500g,017497,$6.00,$12.00 / 1KG,https://www.woolworths.com.au/shop/productdetails/17497/dairyworks-tasty-cheese-grated,https://cdn0.woolworths.media/content/wowproductimages/medium/017497.jpg,2020-09-21 17:27:05,,0,,True
b996c1ab-0ffe-48e8-9d76-69418f5ec69c,Woolworths Supermarket,"Dairy, Eggs & Fridge",South Cape Marinated Fetta 350g,019115,$10.00,$28.57 / 1KG,https://www.woolworths.com.au/shop/productdetails/19115/south-cape-marinated-fetta,https://cdn0.woolworths.media/content/wowproductimages/medium/019115.jpg,2020-09-21 17:27:05,,0,Was $12.50 22/03/2018,True
f331c1fe-b6e3-45e6-a0de-1dd72781f996,Woolworths Supermarket,"Dairy, Eggs & Fridge",Perfect Italiano Original Smooth Ricotta 500g,019682,$6.25,$12.50 / 1KG,https://www.woolworths.com.au/shop/productdetails/19682/perfect-italiano-original-smooth-ricotta,https://cdn0.woolworths.media/content/wowproductimages/medium/019682.jpg,2020-09-21 17:27:05,,0,,True
96e0d7b3-e805-44b2-ac08-0babe206943f,Woolworths Supermarket,"Dairy, Eggs & Fridge",Coon Cheese Slices Tasty Light 500g,021190,$7.00,$14.00 / 1KG,https://www.woolworths.com.au/shop/productdetails/21190/coon-cheese-slices-tasty-light,https://cdn0.woolworths.media/content/wowproductimages/medium/021190.jpg,2020-09-21 17:27:05,,0,,True
b81edd7b-0c47-420f-8980-be5ee72eabd2,Woolworths Supermarket,"Dairy, Eggs & Fridge",Grand Italian Pumpkin Gnocchi 500 g,021623,$5.00,$1.00 / 100G,https://www.woolworths.com.au/shop/productdetails/21623/grand-italian-pumpkin-gnocchi,https://cdn0.woolworths.media/content/wowproductimages/medium/021623.jpg,2020-09-21 17:27:05,,0,,True
263f29e3-6a56-4316-879b-6b06c581f62c,Woolworths Supermarket,"Dairy, Eggs & Fridge",Latina Fresh Egg Fettuccine 375g,022081,$5.00,$1.33 / 100G,https://www.woolworths.com.au/shop/productdetails/22081/latina-fresh-egg-fettuccine,https://cdn0.woolworths.media/content/wowproductimages/medium/022081.jpg,2020-09-21 17:27:05,,0,,True
09c7380c-008f-4782-ac50-32f1f5274f14,Woolworths Supermarket,"Dairy, Eggs & Fridge",Sanitarium So Good Chilled Regular Soy Milk 1l,022771,$2.45,$2.45 / 1L,https://www.woolworths.com.au/shop/productdetails/22771/sanitarium-so-good-chilled-regular-soy-milk,https://cdn0.woolworths.media/content/wowproductimages/medium/022771.jpg,2020-09-21 17:27:05,,0,,True
514c21bd-3002-496d-8788-35fc940a05f7,Woolworths Supermarket,"Dairy, Eggs & Fridge",Sanitarium So Good Lite Soy Milk 1l,022778,$2.45,$2.45 / 1L,https://www.woolworths.com.au/shop/productdetails/22778/sanitarium-so-good-lite-soy-milk,https://cdn0.woolworths.media/content/wowproductimages/medium/022778.jpg,2020-09-21 17:27:05,,0,,True
30e9eda5-63d4-4d64-aad3-18e482bf1167,Woolworths Supermarket,"Dairy, Eggs & Fridge",Macro Firm Tofu 450g,023038,$3.50,$7.78 / 1KG,https://www.woolworths.com.au/shop/productdetails/23038/macro-firm-tofu,https://cdn0.woolworths.media/content/wowproductimages/medium/023038.jpg,2020-09-21 17:27:05,Average product rating out of 5: 4.1. Product score is based on 270 ratings,270,,True
b2fd42ed-af16-4558-b0e6-84fe5548cec1,Woolworths Supermarket,"Dairy, Eggs & Fridge",Mainland Vintage Cheddar Block 200g,023778,$5.50,$27.50 / 1KG,https://www.woolworths.com.au/shop/productdetails/23778/mainland-vintage-cheddar-block,https://cdn0.woolworths.media/content/wowproductimages/medium/023778.jpg,2020-09-21 17:27:05,,0,,True
b2c9add2-0a8c-49f1-96aa-fa2c0f3d5938,Woolworths Supermarket,"Dairy, Eggs & Fridge",Liddells Shredded Pizza Blend Cheese Lactose Free 225g,023779,$5.70,$25.33 / 1KG,https://www.woolworths.com.au/shop/productdetails/23779/liddells-shredded-pizza-blend-cheese-lactose-free,https://cdn0.woolworths.media/content/wowproductimages/medium/023779.jpg,2020-09-21 17:27:05,,0,,True
9d16355b-35cd-4cef-acd8-ad6028265aec,Woolworths Supermarket,"Dairy, Eggs & Fridge",Grand Italian Potato Gnocchi 500 g,023782,$5.00,$1.00 / 100G,https://www.woolworths.com.au/shop/productdetails/23782/grand-italian-potato-gnocchi,https://cdn0.woolworths.media/content/wowproductimages/medium/023782.jpg,2020-09-21 17:27:05,,0,,True
3509bad4-3dc6-44ae-80a8-895bdf4a78cf,Woolworths Supermarket,"Dairy, Eggs & Fridge",Maggie Beer Ash Triple Cream Brie 200g,023975,$7.00,$35.00 / 1KG,https://www.woolworths.com.au/shop/productdetails/23975/maggie-beer-ash-triple-cream-brie,https://cdn0.woolworths.media/content/wowproductimages/medium/023975.jpg,2020-09-21 17:27:05,,0,,True
f6584438-2911-49ec-b007-0860049812be,Woolworths Supermarket,"Dairy, Eggs & Fridge",Sanitarium So Good Long Life Regular Soy Milk 1l,024318,$1.90,$1.90 / 1L,https://www.woolworths.com.au/shop/productdetails/24318/sanitarium-so-good-long-life-regular-soy-milk,https://cdn0.woolworths.media/content/wowproductimages/medium/024318.jpg,2020-09-21 17:27:05,,0,,True
77bde9d1-450e-4e1b-8a7c-a1f635d9b049,Woolworths Supermarket,"Dairy, Eggs & Fridge",Snowdonia Black Bomber Cheddar 150g,024329,$8.50,$56.67 / 1KG,https://www.woolworths.com.au/shop/productdetails/24329/snowdonia-black-bomber-cheddar,https://cdn0.woolworths.media/content/wowproductimages/medium/024329.jpg,2020-09-21 17:27:05,,0,,True
ae2dece6-a760-4419-9508-99a482831f6c,Woolworths Supermarket,"Dairy, Eggs & Fridge",Snowdonia Red Storm Red Leicester 150g,024358,$8.50,$56.67 / 1KG,https://www.woolworths.com.au/shop/productdetails/24358/snowdonia-red-storm-red-leicester,https://cdn0.woolworths.media/content/wowproductimages/medium/024358.jpg,2020-09-21 17:27:05,,0,,True
4b49a04e-de89-4114-b8f4-b3e930f4ebfd,Woolworths Supermarket,"Dairy, Eggs & Fridge",Snowdonia Beechwood Smoked Cheddar 150g,024361,$8.50,$56.67 / 1KG,https://www.woolworths.com.au/shop/productdetails/24361/snowdonia-beechwood-smoked-cheddar,https://cdn0.woolworths.media/content/wowproductimages/medium/024361.jpg,2020-09-21 17:27:05,,0,,True
a61cf709-8e66-4b57-9653-160cebd229e7,Woolworths Supermarket,"Dairy, Eggs & Fridge",Woolworths Honey Mustard Pasta Salad 400g,025845,$5.00,$1.25 / 100G,https://www.woolworths.com.au/shop/productdetails/25845/woolworths-honey-mustard-pasta-salad,https://cdn0.woolworths.media/content/wowproductimages/medium/025845.jpg,2020-09-21 17:27:05,Average product rating out of 5: 3.6. Product score is based on 430 ratings,430,,True
5d5404a5-94d3-40ad-a2e9-57802716127d,Woolworths Supermarket,"Dairy, Eggs & Fridge",Woolworths Vegan Sweet Potato And Potato Salad 400g,025851,$5.00,$1.25 / 100G,https://www.woolworths.com.au/shop/productdetails/25851/woolworths-vegan-sweet-potato-and-potato-salad,https://cdn0.woolworths.media/content/wowproductimages/medium/025851.jpg,2020-09-21 17:27:05,Average product rating out of 5: 3.6. Product score is based on 243 ratings,243,,True
b8eae500-713f-45aa-8ccd-032710581ae4,Woolworths Supermarket,"Dairy, Eggs & Fridge",Woolworths Baby Spinach Salad Bag 60g,379515,$2.00,$33.33 / 1KG,https://www.woolworths.com.au/shop/productdetails/379515/woolworths-baby-spinach-salad-bag,https://cdn0.woolworths.media/content/wowproductimages/medium/379515.jpg,2020-09-21 17:27:05,Average product rating out of 5: 4.7. Product score is based on 725 ratings,725,,True
d128360c-2715-4418-b923-fe7e5ac0d704,Woolworths Supermarket,"Dairy, Eggs & Fridge",A2 Light Milk 2l,208066,$5.30,$2.65 / 1L,https://www.woolworths.com.au/shop/productdetails/208066/a2-light-milk,https://cdn0.woolworths.media/content/wowproductimages/medium/208066.jpg,2020-09-21 17:27:05,,0,,True
e13c84b3-4fd1-4986-b6fc-347f83b6f5c8,Woolworths Supermarket,"Dairy, Eggs & Fridge",Dairy Farmers Thick & Creamy Classic Vanilla Yoghurt 150g,777320,$1.00,$0.67 / 100G,https://www.woolworths.com.au/shop/productdetails/777320/dairy-farmers-thick-creamy-classic-vanilla-yoghurt,https://cdn0.woolworths.media/content/wowproductimages/medium/777320.jpg,2020-09-21 17:27:05,,0,,True
b46a2e18-0578-446e-9459-301c3fe9d161,Woolworths Supermarket,"Dairy, Eggs & Fridge",Woolworths Mozzarella Shredded Cheese 500g,728983,$6.00,$12.00 / 1KG,https://www.woolworths.com.au/shop/productdetails/728983/woolworths-mozzarella-shredded-cheese,https://cdn0.woolworths.media/content/wowproductimages/medium/728983.jpg,2020-09-21 17:27:05,Average product rating out of 5: 4.5. Product score is based on 469 ratings,469,,True
6be73f31-f75b-4d16-af91-4c7ee523286b,Woolworths Supermarket,"Dairy, Eggs & Fridge",Macro Firm Tofu 450g,023038,$3.50,$7.78 / 1KG,https://www.woolworths.com.au/shop/productdetails/23038/macro-firm-tofu,https://cdn0.woolworths.media/content/wowproductimages/medium/023038.jpg,2020-09-21 17:27:05,Average product rating out of 5: 4.1. Product score is based on 270 ratings,270,,True
1b0f0d85-6c59-4186-9931-0c98b7cd3e16,Woolworths Supermarket,"Dairy, Eggs & Fridge",Dairy Farmers Thick & Creamy Yellow Box Honey Yoghurt 150g,768112,$1.00,$0.67 / 100G,https://www.woolworths.com.au/shop/productdetails/768112/dairy-farmers-thick-creamy-yellow-box-honey-yoghurt,https://cdn0.woolworths.media/content/wowproductimages/medium/768112.jpg,2020-09-21 17:27:05,,0,,True
03a74fef-4ee7-40e0-b45b-b1ec692da1f8,Woolworths Supermarket,"Dairy, Eggs & Fridge",Western Star Original Spreadable 500g,069756,$6.00,$1.20 / 100G,https://www.woolworths.com.au/shop/productdetails/69756/western-star-original-spreadable,https://cdn0.woolworths.media/content/wowproductimages/medium/069756.jpg,2020-09-21 17:27:05,,0,,True
b0dc80e9-19ca-42e7-b01f-12bd590290af,Woolworths Supermarket,"Dairy, Eggs & Fridge",Tamar Valley Kids Yoghurt Pouch Vanilla 110g,508826,$1.80,$1.64 / 100G,https://www.woolworths.com.au/shop/productdetails/508826/tamar-valley-kids-yoghurt-pouch-vanilla,https://cdn0.woolworths.media/content/wowproductimages/medium/508826.jpg,2020-09-21 17:27:05,,0,,True
bfafc02c-8c40-436b-afdc-49fb724b180e,Woolworths Supermarket,"Dairy, Eggs & Fridge",Pauls Yoghurt Pouch Vanilla Kids Yoghurt 70g,705258,$1.40,$2.00 / 100G,https://www.woolworths.com.au/shop/productdetails/705258/pauls-yoghurt-pouch-vanilla-kids-yoghurt,https://cdn0.woolworths.media/content/wowproductimages/medium/705258.jpg,2020-09-21 17:27:05,,0,,True
53e549cb-29f2-409b-b3d4-2c279a9d0e39,Woolworths Supermarket,"Dairy, Eggs & Fridge",Devondale Salted Butter 250g,075645,$3.20,$1.28 / 100G,https://www.woolworths.com.au/shop/productdetails/75645/devondale-salted-butter,https://cdn0.woolworths.media/content/wowproductimages/medium/075645.jpg,2020-09-21 17:27:05,,0,,True
9872e8a5-e36d-476f-9860-5f77ec5f3972,Woolworths Supermarket,"Dairy, Eggs & Fridge",Tasmanian Heritage Double Brie Cheese 250g,077182,$11.80,$47.20 / 1KG,https://www.woolworths.com.au/shop/productdetails/77182/tasmanian-heritage-double-brie-cheese,https://cdn0.woolworths.media/content/wowproductimages/medium/077182.jpg,2020-09-21 17:27:05,,0,,True
48ffc4c1-08c2-4203-b9e8-a64cc21e8462,Woolworths Supermarket,"Dairy, Eggs & Fridge",Pace Farm 12 Extra Large Free Range Eggs 700g,092953,$5.95,$0.85 / 100G,https://www.woolworths.com.au/shop/productdetails/92953/pace-farm-12-extra-large-free-range-eggs,https://cdn0.woolworths.media/content/wowproductimages/medium/092953.jpg,2020-09-21 17:27:05,,0,,True
4845cf6e-affb-4130-bc74-69dd8385047e,Woolworths Supermarket,"Dairy, Eggs & Fridge",Woolworths Classic Coleslaw 200g,531041,$2.00,$10.00 / 1KG,https://www.woolworths.com.au/shop/productdetails/531041/woolworths-classic-coleslaw,https://cdn0.woolworths.media/content/wowproductimages/medium/531041.jpg,2020-09-21 17:27:05,Average product rating out of 5: 4.2. Product score is based on 371 ratings,371,,True
a14b121a-8246-4b5c-b3e4-a964a26fc2af,Woolworths Supermarket,"Dairy, Eggs & Fridge",Chobani No Fat Raspberry Yoghurt 170g,752079,$1.80,$1.06 / 100G,https://www.woolworths.com.au/shop/productdetails/752079/chobani-no-fat-raspberry-yoghurt,https://cdn0.woolworths.media/content/wowproductimages/medium/752079.jpg,2020-09-21 17:27:05,,0,Was $2.00 26/04/2020,True
17749701-6d48-4ad1-8668-ef9a66a922d4,Woolworths Supermarket,"Dairy, Eggs & Fridge",Meadowlea Original Spread 500g,048016,$3.30,$0.66 / 100G,https://www.woolworths.com.au/shop/productdetails/48016/meadowlea-original-spread,https://cdn0.woolworths.media/content/wowproductimages/medium/048016.jpg,2020-09-21 17:27:05,,0,,True
b92302da-c01d-4ef5-9f6d-7d3edc162414,Woolworths Supermarket,"Dairy, Eggs & Fridge",Dairy Farmers Thick & Creamy Mango & Passionfruit Yoghurt 150g,768054,$1.00,$0.67 / 100G,https://www.woolworths.com.au/shop/productdetails/768054/dairy-farmers-thick-creamy-mango-passionfruit-yoghurt,https://cdn0.woolworths.media/content/wowproductimages/medium/768054.jpg,2020-09-21 17:27:05,,0,,True
ea58d797-9194-4af3-a481-ce1894e7f0e6,Woolworths Supermarket,"Dairy, Eggs & Fridge",Pauls Zymil Light Lactose Free Milk 1l,144000,$3.10,$3.10 / 1L,https://www.woolworths.com.au/shop/productdetails/144000/pauls-zymil-light-lactose-free-milk,https://cdn0.woolworths.media/content/wowproductimages/medium/144000.jpg,2020-09-21 17:27:05,,0,,True
4d9f281c-7ad5-4afe-8173-7240232b1295,Woolworths Supermarket,"Dairy, Eggs & Fridge",Woolworths Beef Lasagne 2kg,194648,$12.50,$6.25 / 1KG,https://www.woolworths.com.au/shop/productdetails/194648/woolworths-beef-lasagne,https://cdn0.woolworths.media/content/wowproductimages/medium/194648.jpg,2020-09-21 17:27:05,Average product rating out of 5: 3.5. Product score is based on 598 ratings,598,Was $15.5 24/09/2018,True
cccfdbd9-2351-4504-be02-f63a5f3af753,Woolworths Supermarket,"Dairy, Eggs & Fridge",Woolworths Vanilla Yoghurt Pouch 70g,891954,$0.75,$1.07 / 100G,https://www.woolworths.com.au/shop/productdetails/891954/woolworths-vanilla-yoghurt-pouch,https://cdn0.woolworths.media/content/wowproductimages/medium/891954.jpg,2020-09-21 17:27:05,Average product rating out of 5: 4.2. Product score is based on 476 ratings,476,,True
f9dff5b1-53dd-4c83-bd1c-4c3e5089ebca,Woolworths Supermarket,"Dairy, Eggs & Fridge",Devondale 3 Cheese Blend Shredded Cheese 600g,807863,$7.50,$12.50 / 1KG,https://www.woolworths.com.au/shop/productdetails/807863/devondale-3-cheese-blend-shredded-cheese,https://cdn0.woolworths.media/content/wowproductimages/medium/807863.jpg,2020-09-21 17:27:05,,0,,True
96edd181-f5f7-4376-88d5-c911d661cad4,Woolworths Supermarket,"Dairy, Eggs & Fridge",Woolworths Vegetable & Ricotta Lasagne 350g,026577,$7.50,$2.14 / 100G,https://www.woolworths.com.au/shop/productdetails/26577/woolworths-vegetable-ricotta-lasagne,https://cdn0.woolworths.media/content/wowproductimages/medium/026577.jpg,2020-09-21 17:27:05,Average product rating out of 5: 3.8. Product score is based on 340 ratings,340,2 for $12.00 $1.71/100G,True
67b39b84-cecb-42da-abb5-ed77b291b2e1,Woolworths Supermarket,"Dairy, Eggs & Fridge",Woolworths Beef & Barley Casserole With Roasted Vegetables 350g,026580,$7.50,$2.14 / 100G,https://www.woolworths.com.au/shop/productdetails/26580/woolworths-beef-barley-casserole-with-roasted-vegetables,https://cdn0.woolworths.media/content/wowproductimages/medium/026580.jpg,2020-09-21 17:27:05,,0,2 for $12.00 $1.71/100G,True
2cdc33dc-b3b4-4307-87e3-af8540ecdb4a,Woolworths Supermarket,"Dairy, Eggs & Fridge",Woolworths Butter Chicken With Wholegrain Rice 350g,026581,$7.50,$2.14 / 100G,https://www.woolworths.com.au/shop/productdetails/26581/woolworths-butter-chicken-with-wholegrain-rice,https://cdn0.woolworths.media/content/wowproductimages/medium/026581.jpg,2020-09-21 17:27:05,,0,2 for $12.00 $1.71/100G,True
c8ea2014-97dd-454c-8103-38195b4d24a8,Woolworths Supermarket,"Dairy, Eggs & Fridge",Woolworths Whole Grain Penne Bolognese With Roasted Vegetables 350g,026796,$7.50,$2.14 / 100G,https://www.woolworths.com.au/shop/productdetails/26796/woolworths-whole-grain-penne-bolognese-with-roasted-vegetables,https://cdn0.woolworths.media/content/wowproductimages/medium/026796.jpg,2020-09-21 17:27:05,,0,2 for $12.00 $1.71/100G,True
d21aedbd-6248-4439-b30e-4ef9c26abbd5,Woolworths Supermarket,"Dairy, Eggs & Fridge",Farmers Union Iced Coffee 600ml,027790,$2.60,$4.33 / 1L,https://www.woolworths.com.au/shop/productdetails/27790/farmers-union-iced-coffee,https://cdn0.woolworths.media/content/wowproductimages/medium/027790.jpg,2020-09-21 17:27:05,,0,,True
65804450-a7ce-432e-b6e2-ab70fdb1e5eb,Woolworths Supermarket,"Dairy, Eggs & Fridge",South Cape Camembert Cheese 200g,028123,$5.99,$29.95 / 1KG,https://www.woolworths.com.au/shop/productdetails/28123/south-cape-camembert-cheese,https://cdn0.woolworths.media/content/wowproductimages/medium/028123.jpg,2020-09-21 17:27:05,,0,,True
891ccc48-2d8d-43d9-b912-17973dfbf85b,Woolworths Supermarket,"Dairy, Eggs & Fridge",Pureharvest Organic Nature's Soy Milk 1l,028196,$2.20,$2.20 / 1L,https://www.woolworths.com.au/shop/productdetails/28196/pureharvest-organic-nature-s-soy-milk,https://cdn0.woolworths.media/content/wowproductimages/medium/028196.jpg,2020-09-21 17:27:05,,0,,True
e5e84b8f-9cf0-4411-8e07-777a319d1998,Woolworths Supermarket,"Dairy, Eggs & Fridge",Chan's Yum Cha Vegan Spring Roll 300g,028226,$6.30,$2.10 / 100G,https://www.woolworths.com.au/shop/productdetails/28226/chan-s-yum-cha-vegan-spring-roll,https://cdn0.woolworths.media/content/wowproductimages/medium/028226.jpg,2020-09-21 17:27:05,,0,,True
c9eaec6d-c737-485b-88af-6514833ef956,Woolworths Supermarket,"Dairy, Eggs & Fridge",Pauls Vanilla Custard 2kg,028697,$7.00,$0.35 / 100G,https://www.woolworths.com.au/shop/productdetails/28697/pauls-vanilla-custard,https://cdn0.woolworths.media/content/wowproductimages/medium/028697.jpg,2020-09-21 17:27:05,,0,Was $7.70 27/07/2020,True
b0b29f37-68cb-420a-a967-6043ea1b44f8,Woolworths Supermarket,"Dairy, Eggs & Fridge",Chris' Dips Spicy Capsicum 200g,028703,$3.50,$1.75 / 100G,https://www.woolworths.com.au/shop/productdetails/28703/chris-dips-spicy-capsicum,https://cdn0.woolworths.media/content/wowproductimages/medium/028703.jpg,2020-09-21 17:27:05,,0,2 for $6.00 $1.50/100G,True
eca378dc-4690-43c7-9772-6e0d02eb85f4,Woolworths Supermarket,"Dairy, Eggs & Fridge",Bega Cheese Stringers Peelable Cheese 8 pack,028991,$5.50,$34.38 / 1KG,https://www.woolworths.com.au/shop/productdetails/28991/bega-cheese-stringers-peelable-cheese,https://cdn0.woolworths.media/content/wowproductimages/medium/028991.jpg,2020-09-21 17:27:05,,0,,True
09e5bf22-6c9d-4f9a-8bb0-b00a7f4eb131,Woolworths Supermarket,"Dairy, Eggs & Fridge",Essentials Table Spread Soft And Spreadable 1kg,029016,$1.60,$0.16 / 100G,https://www.woolworths.com.au/shop/productdetails/29016/essentials-table-spread-soft-and-spreadable,https://cdn0.woolworths.media/content/wowproductimages/medium/029016.jpg,2020-09-21 17:27:05,Average product rating out of 5: 4.0. Product score is based on 188 ratings,188,,True
3ba53715-253e-4a6f-9c38-02fe6ba01f3d,Woolworths Supermarket,"Dairy, Eggs & Fridge",Mil Lel Parmesan Cheese 250g,029050,$7.75,$31.00 / 1KG,https://www.woolworths.com.au/shop/productdetails/29050/mil-lel-parmesan-cheese,https://cdn0.woolworths.media/content/wowproductimages/medium/029050.jpg,2020-09-21 17:27:05,,0,,True
36f2dac2-f579-4d96-9218-35968c7857ad,Woolworths Supermarket,"Dairy, Eggs & Fridge",Melbourne Cheese Company Fetta Garlic & Herbs 250g,029121,$7.00,$28.00 / 1KG,https://www.woolworths.com.au/shop/productdetails/29121/melbourne-cheese-company-fetta-garlic-herbs,https://cdn0.woolworths.media/content/wowproductimages/medium/029121.jpg,2020-09-21 17:27:05,,0,,True
85582217-43eb-45b3-b78f-03e3bb4554a5,Woolworths Supermarket,"Dairy, Eggs & Fridge",Plantitude Vegan Creamy Mushroom Sauce 300g,030604,$4.50,$1.50 / 100G,https://www.woolworths.com.au/shop/productdetails/30604/plantitude-vegan-creamy-mushroom-sauce,https://cdn0.woolworths.media/content/wowproductimages/medium/030604.jpg,2020-09-21 17:27:05,Average product rating out of 5: 2.5. Product score is based on 6 ratings,6,,True
8efd6ce0-9fd4-44cb-9917-deb94ee55ce2,Woolworths Supermarket,"Dairy, Eggs & Fridge",Plantitude Vegan Bolognese Sauce 300g,030625,$4.50,$1.50 / 100G,https://www.woolworths.com.au/shop/productdetails/30625/plantitude-vegan-bolognese-sauce,https://cdn0.woolworths.media/content/wowproductimages/medium/030625.jpg,2020-09-21 17:27:05,Average product rating out of 5: 3.6. Product score is based on 31 ratings,31,,True
1a4d21a6-d21b-41f0-8c84-0fdf5b702c5a,Woolworths Supermarket,"Dairy, Eggs & Fridge",Melbourne Cheese Company Persian Fetta 250g,031165,$7.00,$28.00 / 1KG,https://www.woolworths.com.au/shop/productdetails/31165/melbourne-cheese-company-persian-fetta,https://cdn0.woolworths.media/content/wowproductimages/medium/031165.jpg,2020-09-21 17:27:05,,0,,True
f210520b-e9e5-49d3-a645-d2f9ee0380a8,Woolworths Supermarket,"Dairy, Eggs & Fridge",Farmers Union Greek Style Natural Yoghurt 1kg,031547,$5.20,$0.52 / 100G,https://www.woolworths.com.au/shop/productdetails/31547/farmers-union-greek-style-natural-yoghurt,https://cdn0.woolworths.media/content/wowproductimages/medium/031547.jpg,2020-09-21 17:27:05,,0,,True
210e9c41-4085-489f-8e57-f7909976765c,Woolworths Supermarket,"Dairy, Eggs & Fridge",Western Star Original Spreadable 375g,031727,$5.00,$1.33 / 100G,https://www.woolworths.com.au/shop/productdetails/31727/western-star-original-spreadable,https://cdn0.woolworths.media/content/wowproductimages/medium/031727.jpg,2020-09-21 17:27:05,,0,,True
cd28f2e7-c0cf-4fca-828a-8834a9b4caab,Woolworths Supermarket,"Dairy, Eggs & Fridge",Liddells Full Cream Long Life Milk Lactose Free 1l,032063,$2.25,$2.25 / 1L,https://www.woolworths.com.au/shop/productdetails/32063/liddells-full-cream-long-life-milk-lactose-free,https://cdn0.woolworths.media/content/wowproductimages/medium/032063.jpg,2020-09-21 17:27:05,,0,,True
083b1c21-1be3-4135-8726-5415dd01e8b4,Woolworths Supermarket,"Dairy, Eggs & Fridge",Mainland Tasty Cheese 500g,032198,$9.00,$18.00 / 1KG,https://www.woolworths.com.au/shop/productdetails/32198/mainland-tasty-cheese,https://cdn0.woolworths.media/content/wowproductimages/medium/032198.jpg,2020-09-21 17:27:05,,0,,True
0f4331cf-0797-4edc-b054-b570de2c01e0,Woolworths Supermarket,"Dairy, Eggs & Fridge",Foster Clark's Egg Custard Mix 75g,033373,$2.45,$3.27 / 100G,https://www.woolworths.com.au/shop/productdetails/33373/foster-clark-s-egg-custard-mix,https://cdn0.woolworths.media/content/wowproductimages/medium/033373.jpg,2020-09-21 17:27:05,,0,,True
f6ee834c-6298-4da9-b1d7-d1a737278fc1,Woolworths Supermarket,"Dairy, Eggs & Fridge",Foster Clark's Custard Powder 350g,033379,$2.20,$0.63 / 100G,https://www.woolworths.com.au/shop/productdetails/33379/foster-clark-s-custard-powder,https://cdn0.woolworths.media/content/wowproductimages/medium/033379.jpg,2020-09-21 17:27:05,,0,,True
c7f26b70-4498-49dd-90e5-61d52557944f,Woolworths Supermarket,"Dairy, Eggs & Fridge",Nestle Carnation Creamy Evaporated Milk 375ml,033517,$2.70,$7.20 / 1L,https://www.woolworths.com.au/shop/productdetails/33517/nestle-carnation-creamy-evaporated-milk,https://cdn0.woolworths.media/content/wowproductimages/medium/033517.jpg,2020-09-21 17:27:05,,0,Was $3.00 14/08/2017,True
4e3a5809-a245-4bb5-8223-a82bc12de218,Woolworths Supermarket,"Dairy, Eggs & Fridge",Coon Cheese Slices Tasty 750g,187899,$10.00,$13.33 / 1KG,https://www.woolworths.com.au/shop/productdetails/187899/coon-cheese-slices-tasty,https://cdn0.woolworths.media/content/wowproductimages/medium/187899.jpg,2020-09-21 17:27:05,,0,Was $12.00 07/07/2020,True
2ede75ec-82d5-4d0c-8dc1-407680a37f3d,Woolworths Supermarket,"Dairy, Eggs & Fridge",Flora Proactiv Margarine Buttery 750g,763453,$10.00,$1.33 / 100G,https://www.woolworths.com.au/shop/productdetails/763453/flora-proactiv-margarine-buttery,https://cdn0.woolworths.media/content/wowproductimages/medium/763453.jpg,2020-09-21 17:27:05,,0,,True
5b83a314-0dcb-4c5c-9c61-bbb469cad42c,Woolworths Supermarket,"Dairy, Eggs & Fridge",Woolworths Thickened Cream 600ml,048720,$3.00,$0.50 / 100ML,https://www.woolworths.com.au/shop/productdetails/48720/woolworths-thickened-cream,https://cdn0.woolworths.media/content/wowproductimages/medium/048720.jpg,2020-09-21 17:27:05,Average product rating out of 5: 4.8. Product score is based on 740 ratings,740,,True
cf556ef4-eceb-495b-a218-0859bbc2fe84,Woolworths Supermarket,"Dairy, Eggs & Fridge",Woolworths Baby Spinach Salad Bag 60g,379515,$2.00,$33.33 / 1KG,https://www.woolworths.com.au/shop/productdetails/379515/woolworths-baby-spinach-salad-bag,https://cdn0.woolworths.media/content/wowproductimages/medium/379515.jpg,2020-09-21 17:27:05,Average product rating out of 5: 4.7. Product score is based on 725 ratings,725,,True
a3b7ca20-483b-420c-9382-7258a529e67c,Woolworths Supermarket,"Dairy, Eggs & Fridge",A2 Full Cream Milk 2l,208064,$5.30,$2.65 / 1L,https://www.woolworths.com.au/shop/productdetails/208064/a2-full-cream-milk,https://cdn0.woolworths.media/content/wowproductimages/medium/208064.jpg,2020-09-21 17:27:05,,0,,True
9fc18cee-7fe9-41ac-9557-25013667f9e3,Woolworths Supermarket,"Dairy, Eggs & Fridge",Woolworths Baby Leaf Spinach 120g,524322,$3.00,$25.00 / 1KG,https://www.woolworths.com.au/shop/productdetails/524322/woolworths-baby-leaf-spinach,https://cdn0.woolworths.media/content/wowproductimages/medium/524322.jpg,2020-09-21 17:27:05,Average product rating out of 5: 4.7. Product score is based on 2842 ratings,2842,,True
be888bc7-ea42-411c-8ecb-19150f746f8c,Woolworths Supermarket,"Dairy, Eggs & Fridge",Woolworths Drought Relief Lite Milk 3l,807386,$3.59,$1.20 / 1L,https://www.woolworths.com.au/shop/productdetails/807386/woolworths-drought-relief-lite-milk,https://cdn0.woolworths.media/content/wowproductimages/medium/807386.jpg,2020-09-21 17:27:05,,0,,True
43a824ea-f349-4600-9714-750914e6c8d6,Woolworths Supermarket,"Dairy, Eggs & Fridge",Woolworths Mozzarella Shredded Cheese 500g,728983,$6.00,$12.00 / 1KG,https://www.woolworths.com.au/shop/productdetails/728983/woolworths-mozzarella-shredded-cheese,https://cdn0.woolworths.media/content/wowproductimages/medium/728983.jpg,2020-09-21 17:27:05,Average product rating out of 5: 4.5. Product score is based on 469 ratings,469,,True
c59a6a8f-61f6-49de-b809-bf4cf85c3c69,Woolworths Supermarket,"Dairy, Eggs & Fridge",Woolworths Uht Full Cream Milk 1l,748595,$1.25,$1.25 / 1L,https://www.woolworths.com.au/shop/productdetails/748595/woolworths-uht-full-cream-milk,https://cdn0.woolworths.media/content/wowproductimages/medium/748595.jpg,2020-09-21 17:27:05,Average product rating out of 5: 4.9. Product score is based on 36 ratings,36,,True
36f699d9-2631-4572-9a82-cd42f9e4e9e1,Woolworths Supermarket,"Dairy, Eggs & Fridge",Hillview Tasty Shredded Cheese 700g,491820,$6.60,$9.43 / 1KG,https://www.woolworths.com.au/shop/productdetails/491820/hillview-tasty-shredded-cheese,https://cdn0.woolworths.media/content/wowproductimages/medium/491820.jpg,2020-09-21 17:27:05,Average product rating out of 5: 4.5. Product score is based on 48 ratings,48,,True
618d6a49-301e-4489-a79a-8a1318937dd0,Woolworths Supermarket,"Dairy, Eggs & Fridge",Woolworths Drought Relief Lite Milk 2l,807385,$2.39,$1.20 / 1L,https://www.woolworths.com.au/shop/productdetails/807385/woolworths-drought-relief-lite-milk,https://cdn0.woolworths.media/content/wowproductimages/medium/807385.jpg,2020-09-21 17:27:05,,0,,True
a46b8107-d2db-4e4f-8c9c-191632bc8695,Woolworths Supermarket,"Dairy, Eggs & Fridge",Woolworths Drought Relief Full Cream Milk 2l,807383,$2.39,$1.20 / 1L,https://www.woolworths.com.au/shop/productdetails/807383/woolworths-drought-relief-full-cream-milk,https://cdn0.woolworths.media/content/wowproductimages/medium/807383.jpg,2020-09-21 17:27:05,Average product rating out of 5: 4.7. Product score is based on 385 ratings,385,,True
75ac1e7c-1faf-4818-bc84-701a98f14f4f,Woolworths Supermarket,"Dairy, Eggs & Fridge",Western Star Original Spreadable 500g,069756,$6.00,$1.20 / 100G,https://www.woolworths.com.au/shop/productdetails/69756/western-star-original-spreadable,https://cdn0.woolworths.media/content/wowproductimages/medium/069756.jpg,2020-09-21 17:27:05,,0,,True
c7a0370c-ab83-407d-ad53-56c4fd80067f,Woolworths Supermarket,"Dairy, Eggs & Fridge",Hillview Cheese Block 1kg,500187,$8.00,$8.00 / 1KG,https://www.woolworths.com.au/shop/productdetails/500187/hillview-cheese-block,https://cdn0.woolworths.media/content/wowproductimages/medium/500187.jpg,2020-09-21 17:27:05,Average product rating out of 5: 4.5. Product score is based on 66 ratings,66,,True
7953af5b-f558-4904-b5a9-a403fa8505e4,Woolworths Supermarket,"Dairy, Eggs & Fridge",Woolworths Single Leaf Baby Spinach 280g,524336,$5.00,$17.86 / 1KG,https://www.woolworths.com.au/shop/productdetails/524336/woolworths-single-leaf-baby-spinach,https://cdn0.woolworths.media/content/wowproductimages/medium/524336.jpg,2020-09-21 17:27:05,Average product rating out of 5: 4.8. Product score is based on 532 ratings,532,,True
f6369dbe-125b-4c1b-b6ed-9191c691f60c,Woolworths Supermarket,"Dairy, Eggs & Fridge",Almond Breeze Unsweetened Almond Milk 1l,761604,$2.50,$2.50 / 1L,https://www.woolworths.com.au/shop/productdetails/761604/almond-breeze-unsweetened-almond-milk,https://cdn0.woolworths.media/content/wowproductimages/medium/761604.jpg,2020-09-21 17:27:05,,0,Was $3.25 13/03/2017,True
5b2ff558-7a3b-4fef-9165-9a482e160d61,Woolworths Supermarket,"Dairy, Eggs & Fridge",Woolworths Tasty Shredded Cheese 500g,729026,$6.00,$12.00 / 1KG,https://www.woolworths.com.au/shop/productdetails/729026/woolworths-tasty-shredded-cheese,https://cdn0.woolworths.media/content/wowproductimages/medium/729026.jpg,2020-09-21 17:27:05,Average product rating out of 5: 4.6. Product score is based on 500 ratings,500,,True
aae1d30a-4424-4283-b5cf-3d96f439a128,Woolworths Supermarket,"Dairy, Eggs & Fridge",Woolworths Drought Relief Full Cream Milk 3l,807384,$3.59,$1.20 / 1L,https://www.woolworths.com.au/shop/productdetails/807384/woolworths-drought-relief-full-cream-milk,https://cdn0.woolworths.media/content/wowproductimages/medium/807384.jpg,2020-09-21 17:27:05,,0,,True
26a6f333-9e56-4728-8adb-66928d9b7d69,Woolworths Supermarket,"Dairy, Eggs & Fridge",Just 4 You 12 Extra Large Caged Eggs 700g,893974,$3.50,$0.50 / 100G,https://www.woolworths.com.au/shop/productdetails/893974/just-4-you-12-extra-large-caged-eggs,https://cdn0.woolworths.media/content/wowproductimages/medium/893974.jpg,2020-09-21 17:27:05,,0,,True
d1a170f4-5a03-4548-ab5a-f35d2e764ad3,Woolworths Supermarket,"Dairy, Eggs & Fridge",A2 Light Milk 2l,208066,$5.30,$2.65 / 1L,https://www.woolworths.com.au/shop/productdetails/208066/a2-light-milk,https://cdn0.woolworths.media/content/wowproductimages/medium/208066.jpg,2020-09-21 17:27:05,,0,,True
efebb7db-3605-4f9e-98c9-e9af47cafd83,Woolworths Supermarket,"Dairy, Eggs & Fridge",Devondale 100% Pure Full Cream Long Life Milk 1l,033557,$1.45,$1.45 / 1L,https://www.woolworths.com.au/shop/productdetails/33557/devondale-100-pure-full-cream-long-life-milk,https://cdn0.woolworths.media/content/wowproductimages/medium/033557.jpg,2020-09-21 17:27:05,,0,,True
002837f1-634d-4dc6-94cc-32a93ce832bc,Woolworths Supermarket,"Dairy, Eggs & Fridge",Devondale Skim Long Life Milk 1l,033637,$1.45,$1.45 / 1L,https://www.woolworths.com.au/shop/productdetails/33637/devondale-skim-long-life-milk,https://cdn0.woolworths.media/content/wowproductimages/medium/033637.jpg,2020-09-21 17:27:05,,0,,True
8481352e-b248-43e0-9de3-40d9ea3c6b6e,Woolworths Supermarket,"Dairy, Eggs & Fridge",Nestle Carnation Evaporated Milk Light & Creamy 375ml,033719,$2.70,$7.20 / 1L,https://www.woolworths.com.au/shop/productdetails/33719/nestle-carnation-evaporated-milk-light-creamy,https://cdn0.woolworths.media/content/wowproductimages/medium/033719.jpg,2020-09-21 17:27:05,,0,Was $3.00 14/08/2017,True
db9a766c-9c98-4433-a064-a71d2b75c09c,Woolworths Supermarket,"Dairy, Eggs & Fridge",Castello Cream Cheese Chive & Spring Onion 125g,033775,$5.00,$40.00 / 1KG,https://www.woolworths.com.au/shop/productdetails/33775/castello-cream-cheese-chive-spring-onion,https://cdn0.woolworths.media/content/wowproductimages/medium/033775.jpg,2020-09-21 17:27:05,,0,,True
32f4a0b8-29d8-4daf-8632-bf0d78643e35,Woolworths Supermarket,"Dairy, Eggs & Fridge",Castello Tropical Fruit And Almond Cream Cheese 125g,033782,$5.00,$40.00 / 1KG,https://www.woolworths.com.au/shop/productdetails/33782/castello-tropical-fruit-and-almond-cream-cheese,https://cdn0.woolworths.media/content/wowproductimages/medium/033782.jpg,2020-09-21 17:27:05,,0,,True
8b2c11ea-fc67-4e01-9cc8-70e0d076061d,Woolworths Supermarket,"Dairy, Eggs & Fridge",Coon Cheese Slices Tasty 500g,035157,$7.00,$14.00 / 1KG,https://www.woolworths.com.au/shop/productdetails/35157/coon-cheese-slices-tasty,https://cdn0.woolworths.media/content/wowproductimages/medium/035157.jpg,2020-09-21 17:27:05,,0,,True
e3b9742f-dcb0-4c19-aea2-18f71436ee18,Woolworths Supermarket,"Dairy, Eggs & Fridge",Vitasoy Original Soy Milk 1l,035617,$3.00,$3.00 / 1L,https://www.woolworths.com.au/shop/productdetails/35617/vitasoy-original-soy-milk,https://cdn0.woolworths.media/content/wowproductimages/medium/035617.jpg,2020-09-21 17:27:05,,0,,True
ee75d60f-2b77-4770-9b18-fcebe56519db,Woolworths Supermarket,"Dairy, Eggs & Fridge",Ever Green Fresh Egg Noodles 400g,035984,$2.95,$0.74 / 100G,https://www.woolworths.com.au/shop/productdetails/35984/ever-green-fresh-egg-noodles,https://cdn0.woolworths.media/content/wowproductimages/medium/035984.jpg,2020-09-21 17:27:05,,0,,True
3699ed06-a9e6-495f-bf1c-d06e94d04fd0,Woolworths Supermarket,"Dairy, Eggs & Fridge",Bulla Light Thickened Cream 300ml,037325,$2.50,$0.83 / 100ML,https://www.woolworths.com.au/shop/productdetails/37325/bulla-light-thickened-cream,https://cdn0.woolworths.media/content/wowproductimages/medium/037325.jpg,2020-09-21 17:27:05,,0,,True
9768ea97-32c9-4078-a2cd-5abdf8c34ed5,Woolworths Supermarket,"Dairy, Eggs & Fridge",Australia's Own Like Milk Unsweetened 1l,039482,$4.00,$4.00 / 1L,https://www.woolworths.com.au/shop/productdetails/39482/australia-s-own-like-milk-unsweetened,https://cdn0.woolworths.media/content/wowproductimages/medium/039482.jpg,2020-09-21 17:27:05,,0,,True
1395ff9f-9788-41c8-8b4c-cea969782e97,Woolworths Supermarket,"Dairy, Eggs & Fridge",Dare Espresso Iced Coffee 500ml,040284,$2.60,$5.20 / 1L,https://www.woolworths.com.au/shop/productdetails/40284/dare-espresso-iced-coffee,https://cdn0.woolworths.media/content/wowproductimages/medium/040284.jpg,2020-09-21 17:27:05,,0,,True
62baa04c-b692-4780-a2fe-ed9c34a26308,Woolworths Supermarket,"Dairy, Eggs & Fridge",King Island Cape Wickham Double Brie Cheese 200g,040353,$12.60,$63.00 / 1KG,https://www.woolworths.com.au/shop/productdetails/40353/king-island-cape-wickham-double-brie-cheese,https://cdn0.woolworths.media/content/wowproductimages/medium/040353.jpg,2020-09-21 17:27:05,,0,,True
b48cac57-2b08-4c60-b833-087f46f228b9,Woolworths Supermarket,"Dairy, Eggs & Fridge",South Cape Brie 200g,040365,$5.99,$29.95 / 1KG,https://www.woolworths.com.au/shop/productdetails/40365/south-cape-brie,https://cdn0.woolworths.media/content/wowproductimages/medium/040365.jpg,2020-09-21 17:27:05,,0,,True
eb165c14-3f4c-4ae7-a9cc-ed3b4fe69d67,Woolworths Supermarket,"Dairy, Eggs & Fridge",Bega Tasty Cheese 500g,040471,$8.00,$16.00 / 1KG,https://www.woolworths.com.au/shop/productdetails/40471/bega-tasty-cheese,https://cdn0.woolworths.media/content/wowproductimages/medium/040471.jpg,2020-09-21 17:27:05,,0,Was $8.60 04/11/2019,True
e80c5194-609a-4627-908a-990704b9f50a,Woolworths Supermarket,"Dairy, Eggs & Fridge",Pureharvest Organic Aussie Dream Rice Milk 1l,041225,$2.20,$2.20 / 1L,https://www.woolworths.com.au/shop/productdetails/41225/pureharvest-organic-aussie-dream-rice-milk,https://cdn0.woolworths.media/content/wowproductimages/medium/041225.jpg,2020-09-21 17:27:05,,0,,True
594aa024-b67e-4916-b3a0-618d78099ef3,Woolworths Supermarket,"Dairy, Eggs & Fridge",Nuttelex Polyunsaturated Margarine Spread 500g,041285,$3.50,$0.70 / 100G,https://www.woolworths.com.au/shop/productdetails/41285/nuttelex-polyunsaturated-margarine-spread,https://cdn0.woolworths.media/content/wowproductimages/medium/041285.jpg,2020-09-21 17:27:05,,0,,True
5284583f-d0d8-4d43-9db6-cb0e1f5186ef,Woolworths Supermarket,"Dairy, Eggs & Fridge",Bulla Cottage Cheese Onion & Chives 200g,041404,$2.00,$10.00 / 1KG,https://www.woolworths.com.au/shop/productdetails/41404/bulla-cottage-cheese-onion-chives,https://cdn0.woolworths.media/content/wowproductimages/medium/041404.jpg,2020-09-21 17:27:05,,0,,True
512e91f9-9322-4df4-8f49-f3be0b72791b,Woolworths Supermarket,"Dairy, Eggs & Fridge",Bega Strong & Bitey Vintage Cheese 250g,041516,$6.00,$24.00 / 1KG,https://www.woolworths.com.au/shop/productdetails/41516/bega-strong-bitey-vintage-cheese,https://cdn0.woolworths.media/content/wowproductimages/medium/041516.jpg,2020-09-21 17:27:05,,0,,True
ca7fc3db-706d-4d41-81f8-6c7521d1035a,Woolworths Supermarket,"Dairy, Eggs & Fridge",Latina Fresh Creamy Carbonara Pasta Sauce 425g,042091,$6.00,$1.41 / 100G,https://www.woolworths.com.au/shop/productdetails/42091/latina-fresh-creamy-carbonara-pasta-sauce,https://cdn0.woolworths.media/content/wowproductimages/medium/042091.jpg,2020-09-21 17:27:05,,0,,True
ef6cc573-a59a-426c-a1c1-1a1ac5f2e17b,Woolworths Supermarket,"Dairy, Eggs & Fridge",Latina Fresh Spinach & Ricotta Agnolotti 375g,042092,$6.50,$1.73 / 100G,https://www.woolworths.com.au/shop/productdetails/42092/latina-fresh-spinach-ricotta-agnolotti,https://cdn0.woolworths.media/content/wowproductimages/medium/042092.jpg,2020-09-21 17:27:05,,0,,True
b9a04dad-e0b0-4d66-beed-f7eb63243f08,Woolworths Supermarket,"Dairy, Eggs & Fridge",Perfect Italiano Shredded Parmesan 125g,042161,$3.25,$26.00 / 1KG,https://www.woolworths.com.au/shop/productdetails/42161/perfect-italiano-shredded-parmesan,https://cdn0.woolworths.media/content/wowproductimages/medium/042161.jpg,2020-09-21 17:27:05,,0,,True
644b32b1-2c83-4822-9850-771660f63906,Woolworths Supermarket,"Dairy, Eggs & Fridge",Bulla Light Sour Cream 200ml,042449,$2.70,$1.35 / 100ML,https://www.woolworths.com.au/shop/productdetails/42449/bulla-light-sour-cream,https://cdn0.woolworths.media/content/wowproductimages/medium/042449.jpg,2020-09-21 17:27:05,,0,,True
417caef8-f270-4f82-8cce-383b1e972d67,Woolworths Supermarket,"Dairy, Eggs & Fridge",Bulla Thickened Cream 300ml,042812,$2.50,$0.83 / 100ML,https://www.woolworths.com.au/shop/productdetails/42812/bulla-thickened-cream,https://cdn0.woolworths.media/content/wowproductimages/medium/042812.jpg,2020-09-21 17:27:05,,0,,True
71076a9a-e6e0-42b4-bc64-8643b5876415,Woolworths Supermarket,"Dairy, Eggs & Fridge",Vitasoy Calci Plus Soy Milk 1l,042937,$3.00,$3.00 / 1L,https://www.woolworths.com.au/shop/productdetails/42937/vitasoy-calci-plus-soy-milk,https://cdn0.woolworths.media/content/wowproductimages/medium/042937.jpg,2020-09-21 17:27:05,,0,,True
5a74a00e-3d3f-4fb1-97f3-7ab9f1b5bdf3,Woolworths Supermarket,"Dairy, Eggs & Fridge",Perfect Italiano Shaved Parmesan 125g,360904,$3.25,$26.00 / 1KG,https://www.woolworths.com.au/shop/productdetails/360904/perfect-italiano-shaved-parmesan,https://cdn0.woolworths.media/content/wowproductimages/medium/360904.jpg,2020-09-21 17:27:05,,0,,True
45f1c6a3-4792-497b-a0a3-ffc7422d30a5,Woolworths Supermarket,"Dairy, Eggs & Fridge",Woolworths Thickened Cream 600ml,048720,$3.00,$0.50 / 100ML,https://www.woolworths.com.au/shop/productdetails/48720/woolworths-thickened-cream,https://cdn0.woolworths.media/content/wowproductimages/medium/048720.jpg,2020-09-21 17:27:05,Average product rating out of 5: 4.8. Product score is based on 740 ratings,740,,True
27f3877f-3a08-4dc6-9acf-eb1fcabd9bf7,Woolworths Supermarket,"Dairy, Eggs & Fridge",Hillview Cheese Block 1kg,500187,$8.00,$8.00 / 1KG,https://www.woolworths.com.au/shop/productdetails/500187/hillview-cheese-block,https://cdn0.woolworths.media/content/wowproductimages/medium/500187.jpg,2020-09-21 17:27:05,Average product rating out of 5: 4.5. Product score is based on 66 ratings,66,,True
3cddb94f-4ed5-4051-9f3f-81966e840a6a,Woolworths Supermarket,"Dairy, Eggs & Fridge",Woolworths Drought Relief Full Cream Milk 3l,807384,$3.59,$1.20 / 1L,https://www.woolworths.com.au/shop/productdetails/807384/woolworths-drought-relief-full-cream-milk,https://cdn0.woolworths.media/content/wowproductimages/medium/807384.jpg,2020-09-21 17:27:05,,0,,True
2953fb0f-d039-4c44-bd8a-f8f747e5016b,Woolworths Supermarket,"Dairy, Eggs & Fridge",Woolworths Mozzarella Shredded Cheese 500g,728983,$6.00,$12.00 / 1KG,https://www.woolworths.com.au/shop/productdetails/728983/woolworths-mozzarella-shredded-cheese,https://cdn0.woolworths.media/content/wowproductimages/medium/728983.jpg,2020-09-21 17:27:05,Average product rating out of 5: 4.5. Product score is based on 469 ratings,469,,True
db282a66-54eb-40d7-911d-52ef31679244,Woolworths Supermarket,"Dairy, Eggs & Fridge",Hillview Tasty Shredded Cheese 700g,491820,$6.60,$9.43 / 1KG,https://www.woolworths.com.au/shop/productdetails/491820/hillview-tasty-shredded-cheese,https://cdn0.woolworths.media/content/wowproductimages/medium/491820.jpg,2020-09-21 17:27:05,Average product rating out of 5: 4.5. Product score is based on 48 ratings,48,,True
f5169940-fec5-47c9-9455-b2f11cd0efc1,Woolworths Supermarket,"Dairy, Eggs & Fridge",Woolworths Baby Spinach Salad Bag 60g,379515,$2.00,$33.33 / 1KG,https://www.woolworths.com.au/shop/productdetails/379515/woolworths-baby-spinach-salad-bag,https://cdn0.woolworths.media/content/wowproductimages/medium/379515.jpg,2020-09-21 17:27:05,Average product rating out of 5: 4.7. Product score is based on 725 ratings,725,,True
effb892c-641e-47d3-afd7-cce8c4eb4146,Woolworths Supermarket,"Dairy, Eggs & Fridge",Perfect Italiano Extra Sharp Grated Parmesan 125g,302306,$3.25,$26.00 / 1KG,https://www.woolworths.com.au/shop/productdetails/302306/perfect-italiano-extra-sharp-grated-parmesan,https://cdn0.woolworths.media/content/wowproductimages/medium/302306.jpg,2020-09-21 17:27:05,,0,,True
09e4dfc5-b8c9-44d7-acdf-0c8551f52f83,Woolworths Supermarket,"Dairy, Eggs & Fridge",Woolworths Thickened Cream 300ml,044317,$1.90,$0.63 / 100ML,https://www.woolworths.com.au/shop/productdetails/44317/woolworths-thickened-cream,https://cdn0.woolworths.media/content/wowproductimages/medium/044317.jpg,2020-09-21 17:27:05,Average product rating out of 5: 4.9. Product score is based on 629 ratings,629,,True
171abfb5-9e72-4ef1-9dd0-6e62d85f305f,Woolworths Supermarket,"Dairy, Eggs & Fridge",Woolworths Sour Cream 300ml,105609,$2.10,$0.70 / 100ML,https://www.woolworths.com.au/shop/productdetails/105609/woolworths-sour-cream,https://cdn0.woolworths.media/content/wowproductimages/medium/105609.jpg,2020-09-21 17:27:05,Average product rating out of 5: 4.5. Product score is based on 1353 ratings,1353,,True
4e5a04f8-1a0f-48c5-adb5-0a3c25ebbd6d,Woolworths Supermarket,"Dairy, Eggs & Fridge",Woolworths Tasty Shredded Cheese 500g,729026,$6.00,$12.00 / 1KG,https://www.woolworths.com.au/shop/productdetails/729026/woolworths-tasty-shredded-cheese,https://cdn0.woolworths.media/content/wowproductimages/medium/729026.jpg,2020-09-21 17:27:05,Average product rating out of 5: 4.6. Product score is based on 500 ratings,500,,True
a8ec70a7-a84d-4842-8274-66c5e02cda83,Woolworths Supermarket,"Dairy, Eggs & Fridge",Almond Breeze Unsweetened Almond Milk 1l,761604,$2.50,$2.50 / 1L,https://www.woolworths.com.au/shop/productdetails/761604/almond-breeze-unsweetened-almond-milk,https://cdn0.woolworths.media/content/wowproductimages/medium/761604.jpg,2020-09-21 17:27:05,,0,Was $3.25 13/03/2017,True
f061b179-b657-48c0-8955-c47599204266,Woolworths Supermarket,"Dairy, Eggs & Fridge",Woolworths Single Leaf Baby Spinach 280g,524336,$5.00,$17.86 / 1KG,https://www.woolworths.com.au/shop/productdetails/524336/woolworths-single-leaf-baby-spinach,https://cdn0.woolworths.media/content/wowproductimages/medium/524336.jpg,2020-09-21 17:27:05,Average product rating out of 5: 4.8. Product score is based on 532 ratings,532,,True
daf635af-15a1-44ce-be5d-b02c07dafe0b,Woolworths Supermarket,"Dairy, Eggs & Fridge",Woolworths Drought Relief Lite Milk 2l,807385,$2.39,$1.20 / 1L,https://www.woolworths.com.au/shop/productdetails/807385/woolworths-drought-relief-lite-milk,https://cdn0.woolworths.media/content/wowproductimages/medium/807385.jpg,2020-09-21 17:27:05,,0,,True
bf4117ad-48cf-4801-91c7-14e35ef62b67,Woolworths Supermarket,"Dairy, Eggs & Fridge",Western Star Original Spreadable 500g,069756,$6.00,$1.20 / 100G,https://www.woolworths.com.au/shop/productdetails/69756/western-star-original-spreadable,https://cdn0.woolworths.media/content/wowproductimages/medium/069756.jpg,2020-09-21 17:27:05,,0,,True
bb1a7edc-58e0-44ce-958e-3464fe13322c,Woolworths Supermarket,"Dairy, Eggs & Fridge",Woolworths Drought Relief Lite Milk 3l,807386,$3.59,$1.20 / 1L,https://www.woolworths.com.au/shop/productdetails/807386/woolworths-drought-relief-lite-milk,https://cdn0.woolworths.media/content/wowproductimages/medium/807386.jpg,2020-09-21 17:27:05,,0,,True
57278b4b-ffe1-4b9c-a696-6f2e7c522da7,Woolworths Supermarket,"Dairy, Eggs & Fridge",Woolworths Baby Leaf Spinach 120g,524322,$3.00,$25.00 / 1KG,https://www.woolworths.com.au/shop/productdetails/524322/woolworths-baby-leaf-spinach,https://cdn0.woolworths.media/content/wowproductimages/medium/524322.jpg,2020-09-21 17:27:05,Average product rating out of 5: 4.7. Product score is based on 2842 ratings,2842,,True
ccadaa54-69c9-4532-9845-7a18db83588d,Woolworths Supermarket,"Dairy, Eggs & Fridge",Woolworths Uht Full Cream Milk 1l,748595,$1.25,$1.25 / 1L,https://www.woolworths.com.au/shop/productdetails/748595/woolworths-uht-full-cream-milk,https://cdn0.woolworths.media/content/wowproductimages/medium/748595.jpg,2020-09-21 17:27:05,Average product rating out of 5: 4.9. Product score is based on 36 ratings,36,,True
eec818e2-b469-46e6-8dcc-67d0111d4931,Woolworths Supermarket,"Dairy, Eggs & Fridge",Just 4 You 12 Extra Large Caged Eggs 700g,893974,$3.50,$0.50 / 100G,https://www.woolworths.com.au/shop/productdetails/893974/just-4-you-12-extra-large-caged-eggs,https://cdn0.woolworths.media/content/wowproductimages/medium/893974.jpg,2020-09-21 17:27:05,,0,,True
2580ac29-2ea0-4265-852e-5fd2ca834a48,Woolworths Supermarket,"Dairy, Eggs & Fridge",Woolworths Drought Relief Full Cream Milk 2l,807383,$2.39,$1.20 / 1L,https://www.woolworths.com.au/shop/productdetails/807383/woolworths-drought-relief-full-cream-milk,https://cdn0.woolworths.media/content/wowproductimages/medium/807383.jpg,2020-09-21 17:27:05,Average product rating out of 5: 4.7. Product score is based on 385 ratings,385,,True
06f1c771-5fd7-482b-820b-fc88ae80f9d1,Woolworths Supermarket,"Dairy, Eggs & Fridge",Jalna Fat Free Yoghurt 1kg,043053,$7.50,$0.75 / 100G,https://www.woolworths.com.au/shop/productdetails/43053/jalna-fat-free-yoghurt,https://cdn0.woolworths.media/content/wowproductimages/medium/043053.jpg,2020-09-21 17:27:05,,0,,True
3c08914b-2085-4ece-9e2f-c65ad0b8618b,Woolworths Supermarket,"Dairy, Eggs & Fridge",Pauls Vanilla Custard 1kg,043562,$4.20,$0.42 / 100G,https://www.woolworths.com.au/shop/productdetails/43562/pauls-vanilla-custard,https://cdn0.woolworths.media/content/wowproductimages/medium/043562.jpg,2020-09-21 17:27:05,,0,,True
ad4b3c9d-8b75-4002-bc1d-804aeede7412,Woolworths Supermarket,"Dairy, Eggs & Fridge",Woolworths Thickened Cream 300ml,044317,$1.90,$0.63 / 100ML,https://www.woolworths.com.au/shop/productdetails/44317/woolworths-thickened-cream,https://cdn0.woolworths.media/content/wowproductimages/medium/044317.jpg,2020-09-21 17:27:05,Average product rating out of 5: 4.9. Product score is based on 629 ratings,629,,True
bb2e0413-a607-4575-a7af-6e7fd81f9b4c,Woolworths Supermarket,"Dairy, Eggs & Fridge",Vaalia Low Fat Yoghurt 900g,044499,$5.80,$0.64 / 100G,https://www.woolworths.com.au/shop/productdetails/44499/vaalia-low-fat-yoghurt,https://cdn0.woolworths.media/content/wowproductimages/medium/044499.jpg,2020-09-21 17:27:05,,0,,True
2eb46830-4ead-47ff-b60b-bc948073a0c0,Woolworths Supermarket,"Dairy, Eggs & Fridge",Vaalia Low Fat French Vanilla Yoghurt 4x150g,044934,$4.30,$0.72 / 100G,https://www.woolworths.com.au/shop/productdetails/44934/vaalia-low-fat-french-vanilla-yoghurt,https://cdn0.woolworths.media/content/wowproductimages/medium/044934.jpg,2020-09-21 17:27:05,,0,,True
7359e0a7-e3dd-4c6e-abef-1703a5c79002,Woolworths Supermarket,"Dairy, Eggs & Fridge",Latina Fresh Spinach & Ricotta Agnolotti 625g,044977,$8.00,$1.28 / 100G,https://www.woolworths.com.au/shop/productdetails/44977/latina-fresh-spinach-ricotta-agnolotti,https://cdn0.woolworths.media/content/wowproductimages/medium/044977.jpg,2020-09-21 17:27:05,,0,,True
f35d867a-b74a-4148-8f93-dc2e6d3463be,Woolworths Supermarket,"Dairy, Eggs & Fridge",Cracker Barrel Block Extra Sharp 500g,046024,$10.30,$20.60 / 1KG,https://www.woolworths.com.au/shop/productdetails/46024/cracker-barrel-block-extra-sharp,https://cdn0.woolworths.media/content/wowproductimages/medium/046024.jpg,2020-09-21 17:27:05,,0,,True
c17d49f4-4fbf-4ccb-9d36-b630e8e03b4c,Woolworths Supermarket,"Dairy, Eggs & Fridge",Flora Spread Salt Reduced 500g,046066,$2.99,$0.60 / 100G,https://www.woolworths.com.au/shop/productdetails/46066/flora-spread-salt-reduced,https://cdn0.woolworths.media/content/wowproductimages/medium/046066.jpg,2020-09-21 17:27:05,,0,,True
2eda979f-c5ca-4986-8d27-792cb0a0114a,Woolworths Supermarket,"Dairy, Eggs & Fridge",Meadowlea Salt Reduced Spread Salt Reduced 500g,046069,$3.30,$0.66 / 100G,https://www.woolworths.com.au/shop/productdetails/46069/meadowlea-salt-reduced-spread-salt-reduced,https://cdn0.woolworths.media/content/wowproductimages/medium/046069.jpg,2020-09-21 17:27:05,,0,,True
5135204e-a329-4a36-bc28-04d24aff9425,Woolworths Supermarket,"Dairy, Eggs & Fridge",Woolworths Chicken And Basil Bake 1.1kg,046931,$10.00,$0.91 / 100G,https://www.woolworths.com.au/shop/productdetails/46931/woolworths-chicken-and-basil-bake,https://cdn0.woolworths.media/content/wowproductimages/medium/046931.jpg,2020-09-21 17:27:05,Average product rating out of 5: 3.1. Product score is based on 314 ratings,314,Was $12.00 01/05/2018,True
0d22f156-fe8d-4ee0-94af-653a8d238c06,Woolworths Supermarket,"Dairy, Eggs & Fridge",Bulla Thickened Cream 600ml,047022,$4.70,$0.78 / 100ML,https://www.woolworths.com.au/shop/productdetails/47022/bulla-thickened-cream,https://cdn0.woolworths.media/content/wowproductimages/medium/047022.jpg,2020-09-21 17:27:05,,0,,True
a174a339-fb89-4969-904b-4732eed626f7,Woolworths Supermarket,"Dairy, Eggs & Fridge",Pauls Vanilla Custard 600g,047026,$3.20,$0.53 / 100G,https://www.woolworths.com.au/shop/productdetails/47026/pauls-vanilla-custard,https://cdn0.woolworths.media/content/wowproductimages/medium/047026.jpg,2020-09-21 17:27:05,,0,,True
16a0d185-1335-47cc-8683-c4a6e4300c74,Woolworths Supermarket,"Dairy, Eggs & Fridge",Flora Light Margarine 500g,047649,$2.99,$0.60 / 100G,https://www.woolworths.com.au/shop/productdetails/47649/flora-light-margarine,https://cdn0.woolworths.media/content/wowproductimages/medium/047649.jpg,2020-09-21 17:27:05,,0,,True
ef026dae-d7b5-49c7-8555-2e5753f208a8,Woolworths Supermarket,"Dairy, Eggs & Fridge",Copha Oil Solid Cooking Block 250g,048004,$2.80,$1.12 / 100G,https://www.woolworths.com.au/shop/productdetails/48004/copha-oil-solid-cooking-block,https://cdn0.woolworths.media/content/wowproductimages/medium/048004.jpg,2020-09-21 17:27:05,,0,,True
aeecfb95-8ed7-413f-9687-b275a669846e,Woolworths Supermarket,"Dairy, Eggs & Fridge",Fairy Cooking Margarine 250g,048007,$2.10,$0.84 / 100G,https://www.woolworths.com.au/shop/productdetails/48007/fairy-cooking-margarine,https://cdn0.woolworths.media/content/wowproductimages/medium/048007.jpg,2020-09-21 17:27:05,,0,,True
fe7e78c1-7564-48ac-ac5f-8c5bb0d19bb2,Woolworths Supermarket,"Dairy, Eggs & Fridge",Meadowlea Original Spread 500g,048016,$3.30,$0.66 / 100G,https://www.woolworths.com.au/shop/productdetails/48016/meadowlea-original-spread,https://cdn0.woolworths.media/content/wowproductimages/medium/048016.jpg,2020-09-21 17:27:05,,0,,True
86af275e-daf6-4b79-afad-51cfb30434af,Woolworths Supermarket,"Dairy, Eggs & Fridge",Flora Margarine Spread Original 500g,048019,$2.99,$0.60 / 100G,https://www.woolworths.com.au/shop/productdetails/48019/flora-margarine-spread-original,https://cdn0.woolworths.media/content/wowproductimages/medium/048019.jpg,2020-09-21 17:27:05,,0,,True
bf4b461e-ca9e-4289-974a-6641520be88b,Woolworths Supermarket,"Dairy, Eggs & Fridge",Western Star Original Butter Block 250g,048025,$4.00,$1.60 / 100G,https://www.woolworths.com.au/shop/productdetails/48025/western-star-original-butter-block,https://cdn0.woolworths.media/content/wowproductimages/medium/048025.jpg,2020-09-21 17:27:05,,0,,True
312fe842-99f3-4289-96e7-ba21479e55eb,Woolworths Supermarket,"Dairy, Eggs & Fridge",Philadelphia Cream Cheese Original Block 250g,048062,$4.70,$18.80 / 1KG,https://www.woolworths.com.au/shop/productdetails/48062/philadelphia-cream-cheese-original-block,https://cdn0.woolworths.media/content/wowproductimages/medium/048062.jpg,2020-09-21 17:27:05,,0,,True
2bdd9a5c-5f8a-4409-8a42-d32247a8884b,Woolworths Supermarket,"Dairy, Eggs & Fridge",Cracker Barrel Block Extra Sharp 250g,048070,$6.60,$26.40 / 1KG,https://www.woolworths.com.au/shop/productdetails/48070/cracker-barrel-block-extra-sharp,https://cdn0.woolworths.media/content/wowproductimages/medium/048070.jpg,2020-09-21 17:27:05,,0,,True
50728eee-1694-4416-82b7-382a0015d2fb,Woolworths Supermarket,"Dairy, Eggs & Fridge",Farmers Union Natural European Style Yogurt 1kg,048175,$5.20,$0.52 / 100G,https://www.woolworths.com.au/shop/productdetails/48175/farmers-union-natural-european-style-yogurt,https://cdn0.woolworths.media/content/wowproductimages/medium/048175.jpg,2020-09-21 17:27:05,,0,,True
ad022c24-4f23-47a0-9429-98a2e26a6bc8,Woolworths Supermarket,"Dairy, Eggs & Fridge",Flora Margarine Spread Original 1kg,048293,$4.50,$0.45 / 100G,https://www.woolworths.com.au/shop/productdetails/48293/flora-margarine-spread-original,https://cdn0.woolworths.media/content/wowproductimages/medium/048293.jpg,2020-09-21 17:27:05,,0,Was $5.00 06/03/2017,True
3e69e5bd-d181-4adb-b96d-c77370ce8187,Woolworths Supermarket,"Dairy, Eggs & Fridge",Bega Strong & Bitey Vintage Cheese 500g,048443,$8.00,$16.00 / 1KG,https://www.woolworths.com.au/shop/productdetails/48443/bega-strong-bitey-vintage-cheese,https://cdn0.woolworths.media/content/wowproductimages/medium/048443.jpg,2020-09-21 17:27:05,,0,Was $8.70 04/11/2019,True
821b5fe9-3cdd-4f72-9d6a-b3206a53fb6f,Woolworths Supermarket,"Dairy, Eggs & Fridge",Devondale Dairy Soft Butter Blend 500g,048462,$4.50,$0.90 / 100G,https://www.woolworths.com.au/shop/productdetails/48462/devondale-dairy-soft-butter-blend,https://cdn0.woolworths.media/content/wowproductimages/medium/048462.jpg,2020-09-21 17:27:05,,0,,True
7686d1db-f195-47ca-833e-3c9dc9d257c8,Woolworths Supermarket,"Dairy, Eggs & Fridge",Coon Cheese Slices Tasty 750g,187899,$10.00,$13.33 / 1KG,https://www.woolworths.com.au/shop/productdetails/187899/coon-cheese-slices-tasty,https://cdn0.woolworths.media/content/wowproductimages/medium/187899.jpg,2020-09-21 17:27:05,,0,Was $12.00 07/07/2020,True
dfaacece-b62c-4e54-9917-2393171414e9,Woolworths Supermarket,"Dairy, Eggs & Fridge",A2 Light Milk 2l,208066,$5.30,$2.65 / 1L,https://www.woolworths.com.au/shop/productdetails/208066/a2-light-milk,https://cdn0.woolworths.media/content/wowproductimages/medium/208066.jpg,2020-09-21 17:27:05,,0,,True
36a53b73-dbc4-40e0-b89d-e0f3bb1c43e0,Woolworths Supermarket,"Dairy, Eggs & Fridge",Woolworths Drought Relief Lite Milk 3l,807386,$3.59,$1.20 / 1L,https://www.woolworths.com.au/shop/productdetails/807386/woolworths-drought-relief-lite-milk,https://cdn0.woolworths.media/content/wowproductimages/medium/807386.jpg,2020-09-21 17:27:05,,0,,True
b3d35b85-4b28-4166-8e09-5a29007fc82b,Woolworths Supermarket,"Dairy, Eggs & Fridge",Woolworths Baby Leaf Spinach 120g,524322,$3.00,$25.00 / 1KG,https://www.woolworths.com.au/shop/productdetails/524322/woolworths-baby-leaf-spinach,https://cdn0.woolworths.media/content/wowproductimages/medium/524322.jpg,2020-09-21 17:27:05,Average product rating out of 5: 4.7. Product score is based on 2842 ratings,2842,,True
ef3b112a-cb6c-4334-9238-3556fab379fb,Woolworths Supermarket,"Dairy, Eggs & Fridge",Just 4 You 12 Extra Large Caged Eggs 700g,893974,$3.50,$0.50 / 100G,https://www.woolworths.com.au/shop/productdetails/893974/just-4-you-12-extra-large-caged-eggs,https://cdn0.woolworths.media/content/wowproductimages/medium/893974.jpg,2020-09-21 17:27:05,,0,,True
2b80ed43-ade4-4260-a7ef-da57d780c0c1,Woolworths Supermarket,"Dairy, Eggs & Fridge",Woolworths Single Leaf Baby Spinach 280g,524336,$5.00,$17.86 / 1KG,https://www.woolworths.com.au/shop/productdetails/524336/woolworths-single-leaf-baby-spinach,https://cdn0.woolworths.media/content/wowproductimages/medium/524336.jpg,2020-09-21 17:27:05,Average product rating out of 5: 4.8. Product score is based on 532 ratings,532,,True
bf211d29-24c9-4cc4-9663-97dbf0c07aff,Woolworths Supermarket,"Dairy, Eggs & Fridge",Woolworths Drought Relief Full Cream Milk 2l,807383,$2.39,$1.20 / 1L,https://www.woolworths.com.au/shop/productdetails/807383/woolworths-drought-relief-full-cream-milk,https://cdn0.woolworths.media/content/wowproductimages/medium/807383.jpg,2020-09-21 17:27:05,Average product rating out of 5: 4.7. Product score is based on 385 ratings,385,,True
fc172d0f-895f-428d-9437-ca525f4cbc87,Woolworths Supermarket,"Dairy, Eggs & Fridge",Woolworths Drought Relief Lite Milk 2l,807385,$2.39,$1.20 / 1L,https://www.woolworths.com.au/shop/productdetails/807385/woolworths-drought-relief-lite-milk,https://cdn0.woolworths.media/content/wowproductimages/medium/807385.jpg,2020-09-21 17:27:05,,0,,True
068875f0-da12-429d-b9dd-d86eb546c26b,Woolworths Supermarket,"Dairy, Eggs & Fridge",Woolworths Thickened Cream 600ml,048720,$3.00,$0.50 / 100ML,https://www.woolworths.com.au/shop/productdetails/48720/woolworths-thickened-cream,https://cdn0.woolworths.media/content/wowproductimages/medium/048720.jpg,2020-09-21 17:27:05,Average product rating out of 5: 4.8. Product score is based on 740 ratings,740,,True
c0649fff-97c8-4d9b-9ddd-c716b6b1cd76,Woolworths Supermarket,"Dairy, Eggs & Fridge",Woolworths Uht Full Cream Milk 1l,748595,$1.25,$1.25 / 1L,https://www.woolworths.com.au/shop/productdetails/748595/woolworths-uht-full-cream-milk,https://cdn0.woolworths.media/content/wowproductimages/medium/748595.jpg,2020-09-21 17:27:05,Average product rating out of 5: 4.9. Product score is based on 36 ratings,36,,True
0977d3a4-cc1b-41ee-adb4-a367584efd2e,Woolworths Supermarket,"Dairy, Eggs & Fridge",Woolworths Drought Relief Full Cream Milk 3l,807384,$3.59,$1.20 / 1L,https://www.woolworths.com.au/shop/productdetails/807384/woolworths-drought-relief-full-cream-milk,https://cdn0.woolworths.media/content/wowproductimages/medium/807384.jpg,2020-09-21 17:27:05,,0,,True
eeca34d9-893e-469f-9d2a-da2437b7773e,Woolworths Supermarket,"Dairy, Eggs & Fridge",Woolworths Mozzarella Shredded Cheese 500g,728983,$6.00,$12.00 / 1KG,https://www.woolworths.com.au/shop/productdetails/728983/woolworths-mozzarella-shredded-cheese,https://cdn0.woolworths.media/content/wowproductimages/medium/728983.jpg,2020-09-21 17:27:05,Average product rating out of 5: 4.5. Product score is based on 469 ratings,469,,True
24be9dda-826a-47fa-bb0e-887f888488b2,Woolworths Supermarket,"Dairy, Eggs & Fridge",Almond Breeze Unsweetened Almond Milk 1l,761604,$2.50,$2.50 / 1L,https://www.woolworths.com.au/shop/productdetails/761604/almond-breeze-unsweetened-almond-milk,https://cdn0.woolworths.media/content/wowproductimages/medium/761604.jpg,2020-09-21 17:27:05,,0,Was $3.25 13/03/2017,True
2c8e0b29-ec52-4d4f-835a-f40c858648ac,Woolworths Supermarket,"Dairy, Eggs & Fridge",Western Star Original Spreadable 500g,069756,$6.00,$1.20 / 100G,https://www.woolworths.com.au/shop/productdetails/69756/western-star-original-spreadable,https://cdn0.woolworths.media/content/wowproductimages/medium/069756.jpg,2020-09-21 17:27:05,,0,,True
b8cb472b-6442-422a-9b1f-eadb480a10b5,Woolworths Supermarket,"Dairy, Eggs & Fridge",Hillview Tasty Shredded Cheese 700g,491820,$6.60,$9.43 / 1KG,https://www.woolworths.com.au/shop/productdetails/491820/hillview-tasty-shredded-cheese,https://cdn0.woolworths.media/content/wowproductimages/medium/491820.jpg,2020-09-21 17:27:05,Average product rating out of 5: 4.5. Product score is based on 48 ratings,48,,True
b1703882-cb16-4f27-b150-358c44658e92,Woolworths Supermarket,"Dairy, Eggs & Fridge",Woolworths Tasty Shredded Cheese 500g,729026,$6.00,$12.00 / 1KG,https://www.woolworths.com.au/shop/productdetails/729026/woolworths-tasty-shredded-cheese,https://cdn0.woolworths.media/content/wowproductimages/medium/729026.jpg,2020-09-21 17:27:05,Average product rating out of 5: 4.6. Product score is based on 500 ratings,500,,True
bcc31893-03ee-4850-bd5d-ceaef725e578,Woolworths Supermarket,"Dairy, Eggs & Fridge",Hillview Cheese Block 1kg,500187,$8.00,$8.00 / 1KG,https://www.woolworths.com.au/shop/productdetails/500187/hillview-cheese-block,https://cdn0.woolworths.media/content/wowproductimages/medium/500187.jpg,2020-09-21 17:27:05,Average product rating out of 5: 4.5. Product score is based on 66 ratings,66,,True
050d4859-e124-4392-9460-989b87545d18,Woolworths Supermarket,"Dairy, Eggs & Fridge",Woolworths Baby Spinach Salad Bag 60g,379515,$2.00,$33.33 / 1KG,https://www.woolworths.com.au/shop/productdetails/379515/woolworths-baby-spinach-salad-bag,https://cdn0.woolworths.media/content/wowproductimages/medium/379515.jpg,2020-09-21 17:27:05,Average product rating out of 5: 4.7. Product score is based on 725 ratings,725,,True
83f2f272-e9fc-4f9b-831e-1541a963fd65,Woolworths Supermarket,"Dairy, Eggs & Fridge",Flora Proactiv Margarine Buttery 750g,763453,$10.00,$1.33 / 100G,https://www.woolworths.com.au/shop/productdetails/763453/flora-proactiv-margarine-buttery,https://cdn0.woolworths.media/content/wowproductimages/medium/763453.jpg,2020-09-21 17:27:05,,0,,True
3055550f-1a4e-44f3-82ef-7c9203dc2f0f,Woolworths Supermarket,"Dairy, Eggs & Fridge",A2 Full Cream Milk 2l,208064,$5.30,$2.65 / 1L,https://www.woolworths.com.au/shop/productdetails/208064/a2-full-cream-milk,https://cdn0.woolworths.media/content/wowproductimages/medium/208064.jpg,2020-09-21 17:27:05,,0,,True
aaca33c4-7b5c-48f3-83f2-e5bba21b875e,Woolworths Supermarket,"Dairy, Eggs & Fridge",Devondale Dairy Soft Salt Reduced Butter Blend 500g,048463,$4.50,$0.90 / 100G,https://www.woolworths.com.au/shop/productdetails/48463/devondale-dairy-soft-salt-reduced-butter-blend,https://cdn0.woolworths.media/content/wowproductimages/medium/048463.jpg,2020-09-21 17:27:05,,0,,True
c49fdf8e-8f1b-41ed-bcfa-1673ca824235,Woolworths Supermarket,"Dairy, Eggs & Fridge",Essentials Salted Butter 500g,048650,$5.00,$1.00 / 100G,https://www.woolworths.com.au/shop/productdetails/48650/essentials-salted-butter,https://cdn0.woolworths.media/content/wowproductimages/medium/048650.jpg,2020-09-21 17:27:05,Average product rating out of 5: 4.6. Product score is based on 358 ratings,358,,True
08154e15-12f3-46a8-9083-14ba26620e48,Woolworths Supermarket,"Dairy, Eggs & Fridge",Dairy Farmers Buttermilk 600ml,048703,$3.05,$5.08 / 1L,https://www.woolworths.com.au/shop/productdetails/48703/dairy-farmers-buttermilk,https://cdn0.woolworths.media/content/wowproductimages/medium/048703.jpg,2020-09-21 17:27:05,,0,,True
8812eeed-85ed-47c0-8497-fa4c9cee10f9,Woolworths Supermarket,"Dairy, Eggs & Fridge",Woolworths Thickened Cream 600ml,048720,$3.00,$0.50 / 100ML,https://www.woolworths.com.au/shop/productdetails/48720/woolworths-thickened-cream,https://cdn0.woolworths.media/content/wowproductimages/medium/048720.jpg,2020-09-21 17:27:05,Average product rating out of 5: 4.8. Product score is based on 740 ratings,740,,True
47bb8de0-f05f-440b-be15-c6530ebf45c0,Woolworths Supermarket,"Dairy, Eggs & Fridge",Oak Chocolate Milk 600ml,048728,$2.75,$4.58 / 1L,https://www.woolworths.com.au/shop/productdetails/48728/oak-chocolate-milk,https://cdn0.woolworths.media/content/wowproductimages/medium/048728.jpg,2020-09-21 17:27:05,,0,,True
bc144e3d-cc59-4220-bd51-ed2016646c97,Woolworths Supermarket,"Dairy, Eggs & Fridge",Oak Strawberry Flavoured Milk 600ml,048729,$2.75,$4.58 / 1L,https://www.woolworths.com.au/shop/productdetails/48729/oak-strawberry-flavoured-milk,https://cdn0.woolworths.media/content/wowproductimages/medium/048729.jpg,2020-09-21 17:27:05,,0,,True
f29d36d7-c66c-4bc1-9ee9-f88b5187a755,Woolworths Supermarket,"Dairy, Eggs & Fridge",Divine Classic Creme Caramel 2x150g,048765,$2.50,$0.83 / 100G,https://www.woolworths.com.au/shop/productdetails/48765/divine-classic-creme-caramel,https://cdn0.woolworths.media/content/wowproductimages/medium/048765.jpg,2020-09-21 17:27:05,,0,,True
5d35fae2-eb32-40f8-a672-e57dcda6f7d6,Woolworths Supermarket,"Dairy, Eggs & Fridge",Castello Blue Cheese Creamy 150g,048824,$6.00,$40.00 / 1KG,https://www.woolworths.com.au/shop/productdetails/48824/castello-blue-cheese-creamy,https://cdn0.woolworths.media/content/wowproductimages/medium/048824.jpg,2020-09-21 17:27:05,,0,,True
1d50684d-e962-4137-89e9-b1aad2d5ef03,Woolworths Supermarket,"Dairy, Eggs & Fridge",Castello Brie Double Cream 150g,048920,$6.00,$40.00 / 1KG,https://www.woolworths.com.au/shop/productdetails/48920/castello-brie-double-cream,https://cdn0.woolworths.media/content/wowproductimages/medium/048920.jpg,2020-09-21 17:27:05,,0,,True
54843415-c217-4615-90eb-83d72b9f2042,Woolworths Supermarket,"Dairy, Eggs & Fridge",Pura Double Cream 300ml,049949,$6.15,$2.05 / 100ML,https://www.woolworths.com.au/shop/productdetails/49949/pura-double-cream,https://cdn0.woolworths.media/content/wowproductimages/medium/049949.jpg,2020-09-21 17:27:05,,0,,True
6172b13c-cd4d-4e8b-9e9e-524b91ba8313,Woolworths Supermarket,"Dairy, Eggs & Fridge",South Cape Tasmanian Fetta 200g,051344,$5.00,$25.00 / 1KG,https://www.woolworths.com.au/shop/productdetails/51344/south-cape-tasmanian-fetta,https://cdn0.woolworths.media/content/wowproductimages/medium/051344.jpg,2020-09-21 17:27:05,,0,Was $5.99 27/06/2016,True
f8d754b5-cdae-4b09-91ee-78dc8b55846c,Woolworths Supermarket,"Dairy, Eggs & Fridge",Woolworths Butter Chicken 800g,051723,$11.00,$1.38 / 100G,https://www.woolworths.com.au/shop/productdetails/51723/woolworths-butter-chicken,https://cdn0.woolworths.media/content/wowproductimages/medium/051723.jpg,2020-09-21 17:27:05,Average product rating out of 5: 4.0. Product score is based on 367 ratings,367,,True
918c0a1a-45e4-4cb0-bcc2-ac9af22452a9,Woolworths Supermarket,"Dairy, Eggs & Fridge",Woolworths Beef Rendang 400g,051728,,,https://www.woolworths.com.au/shop/productdetails/51728/woolworths-beef-rendang,https://cdn0.woolworths.media/content/wowproductimages/medium/051728.jpg,2020-09-21 17:27:05,,0,,False
bbdbedd5-d011-403e-a0d2-2ba87b5b7dc0,Woolworths Supermarket,"Dairy, Eggs & Fridge",Woolworths South Indian Curry 400g,051729,$9.00,$2.25 / 100G,https://www.woolworths.com.au/shop/productdetails/51729/woolworths-south-indian-curry,https://cdn0.woolworths.media/content/wowproductimages/medium/051729.jpg,2020-09-21 17:27:05,Average product rating out of 5: 3.4. Product score is based on 443 ratings,443,,True
216d5675-8354-4421-8ada-b2c071f9d7dc,Woolworths Supermarket,"Dairy, Eggs & Fridge",Woolworths Chicken Red Thai Curry 400g,051730,$9.00,$2.25 / 100G,https://www.woolworths.com.au/shop/productdetails/51730/woolworths-chicken-red-thai-curry,https://cdn0.woolworths.media/content/wowproductimages/medium/051730.jpg,2020-09-21 17:27:05,Average product rating out of 5: 3.4. Product score is based on 321 ratings,321,,True
c76d73cf-07f5-467c-bb9e-f466088d0297,Woolworths Supermarket,"Dairy, Eggs & Fridge",Latina Fresh Veal Tortellini 625g,054264,$8.00,$1.28 / 100G,https://www.woolworths.com.au/shop/productdetails/54264/latina-fresh-veal-tortellini,https://cdn0.woolworths.media/content/wowproductimages/medium/054264.jpg,2020-09-21 17:27:05,,0,,True
4273df82-a67a-41d0-a536-b3504662ba4a,Woolworths Supermarket,"Dairy, Eggs & Fridge",Latina Fresh Beef Ravioli 625g,054267,$8.00,$1.28 / 100G,https://www.woolworths.com.au/shop/productdetails/54267/latina-fresh-beef-ravioli,https://cdn0.woolworths.media/content/wowproductimages/medium/054267.jpg,2020-09-21 17:27:05,,0,,True
a9da6aa4-5189-4305-8a70-ed616eea671e,Woolworths Supermarket,"Dairy, Eggs & Fridge","Grounded Hemp, Chickpea, Red Rice & Turmeric Burgers 4 pack",054734,$10.00,$3.13 / 100G,https://www.woolworths.com.au/shop/productdetails/54734/grounded-hemp-chickpea-red-rice-turmeric-burgers,https://cdn0.woolworths.media/content/wowproductimages/medium/054734.jpg,2020-09-21 17:27:05,,0,,True
26f12260-9271-41e2-9eaf-bf4bb14b5fbd,Woolworths Supermarket,"Dairy, Eggs & Fridge",Woolworths Family Slaw 500g,054899,$4.00,$8.00 / 1KG,https://www.woolworths.com.au/shop/productdetails/54899/woolworths-family-slaw,https://cdn0.woolworths.media/content/wowproductimages/medium/054899.jpg,2020-09-21 17:27:05,Average product rating out of 5: 4.1. Product score is based on 332 ratings,332,,True
e9e8b929-6962-4f08-bc61-2bc470e9ef0d,Woolworths Supermarket,"Dairy, Eggs & Fridge",Woolworths Rocket 120g,054900,$2.50,$20.83 / 1KG,https://www.woolworths.com.au/shop/productdetails/54900/woolworths-rocket,https://cdn0.woolworths.media/content/wowproductimages/medium/054900.jpg,2020-09-21 17:27:05,Average product rating out of 5: 4.5. Product score is based on 354 ratings,354,,True
b7d8b89e-fdda-4922-8fcd-2b8d645eda14,Woolworths Supermarket,"Dairy, Eggs & Fridge",Woolworths Spinach & Kale 300g,054901,$5.00,$16.67 / 1KG,https://www.woolworths.com.au/shop/productdetails/54901/woolworths-spinach-kale,https://cdn0.woolworths.media/content/wowproductimages/medium/054901.jpg,2020-09-21 17:27:05,Average product rating out of 5: 4.3. Product score is based on 205 ratings,205,,True
1af4f2b5-49b3-4206-9759-2ad44faf92bd,Woolworths Supermarket,"Dairy, Eggs & Fridge",Woolworths Blat Salad Bowl 180g,054971,$6.00,$33.33 / 1KG,https://www.woolworths.com.au/shop/productdetails/54971/woolworths-blat-salad-bowl,https://cdn0.woolworths.media/content/wowproductimages/medium/054971.jpg,2020-09-21 17:27:05,Average product rating out of 5: 3.3. Product score is based on 575 ratings,575,,True
a2afd2a8-ef9f-4862-90d4-bbd1fa8e4413,Woolworths Supermarket,"Dairy, Eggs & Fridge",Lewis Road Creamery Grass Fed Butter Salted 227g,055995,$6.00,$2.64 / 100G,https://www.woolworths.com.au/shop/productdetails/55995/lewis-road-creamery-grass-fed-butter-salted,https://cdn0.woolworths.media/content/wowproductimages/medium/055995.jpg,2020-09-21 17:27:05,,0,,True
dff13c4a-058a-4d3e-adda-79fc26b8efa6,Woolworths Supermarket,"Dairy, Eggs & Fridge",Lewis Road Creamery Grass Fed Butter Unsalted 227g,055997,$6.00,$2.64 / 100G,https://www.woolworths.com.au/shop/productdetails/55997/lewis-road-creamery-grass-fed-butter-unsalted,https://cdn0.woolworths.media/content/wowproductimages/medium/055997.jpg,2020-09-21 17:27:05,,0,,True
a0719145-d58e-4725-a0d2-a4fc4f7b3c90,Woolworths Supermarket,"Dairy, Eggs & Fridge",Woolworths Baby Spinach Salad Bag 60g,379515,$2.00,$33.33 / 1KG,https://www.woolworths.com.au/shop/productdetails/379515/woolworths-baby-spinach-salad-bag,https://cdn0.woolworths.media/content/wowproductimages/medium/379515.jpg,2020-09-21 17:27:05,Average product rating out of 5: 4.7. Product score is based on 725 ratings,725,,True
174f36e2-2da2-40a6-b274-5f02f587d0f6,Woolworths Supermarket,"Dairy, Eggs & Fridge",A2 Light Milk 2l,208066,$5.30,$2.65 / 1L,https://www.woolworths.com.au/shop/productdetails/208066/a2-light-milk,https://cdn0.woolworths.media/content/wowproductimages/medium/208066.jpg,2020-09-21 17:27:05,,0,,True
0a891613-20b7-41c7-a732-b52901dee78e,Woolworths Supermarket,"Dairy, Eggs & Fridge",Dairy Farmers Thick & Creamy Classic Vanilla Yoghurt 150g,777320,$1.00,$0.67 / 100G,https://www.woolworths.com.au/shop/productdetails/777320/dairy-farmers-thick-creamy-classic-vanilla-yoghurt,https://cdn0.woolworths.media/content/wowproductimages/medium/777320.jpg,2020-09-21 17:27:05,,0,,True
85fde0a8-5f7f-48df-ab10-3edb9aed4536,Woolworths Supermarket,"Dairy, Eggs & Fridge",Woolworths Mozzarella Shredded Cheese 500g,728983,$6.00,$12.00 / 1KG,https://www.woolworths.com.au/shop/productdetails/728983/woolworths-mozzarella-shredded-cheese,https://cdn0.woolworths.media/content/wowproductimages/medium/728983.jpg,2020-09-21 17:27:05,Average product rating out of 5: 4.5. Product score is based on 469 ratings,469,,True
adda1c50-b576-4040-872a-b5528f3599d8,Woolworths Supermarket,"Dairy, Eggs & Fridge",Macro Firm Tofu 450g,023038,$3.50,$7.78 / 1KG,https://www.woolworths.com.au/shop/productdetails/23038/macro-firm-tofu,https://cdn0.woolworths.media/content/wowproductimages/medium/023038.jpg,2020-09-21 17:27:05,Average product rating out of 5: 4.1. Product score is based on 270 ratings,270,,True
f33c8d4b-1048-49da-838e-78b946ff5bba,Woolworths Supermarket,"Dairy, Eggs & Fridge",Dairy Farmers Thick & Creamy Yellow Box Honey Yoghurt 150g,768112,$1.00,$0.67 / 100G,https://www.woolworths.com.au/shop/productdetails/768112/dairy-farmers-thick-creamy-yellow-box-honey-yoghurt,https://cdn0.woolworths.media/content/wowproductimages/medium/768112.jpg,2020-09-21 17:27:05,,0,,True
fdb5027d-a4b3-4e46-baf7-2f775259b98b,Woolworths Supermarket,"Dairy, Eggs & Fridge",Western Star Original Spreadable 500g,069756,$6.00,$1.20 / 100G,https://www.woolworths.com.au/shop/productdetails/69756/western-star-original-spreadable,https://cdn0.woolworths.media/content/wowproductimages/medium/069756.jpg,2020-09-21 17:27:05,,0,,True
67d4b6f4-c0b0-43a0-acbf-8c62ea7f27d9,Woolworths Supermarket,"Dairy, Eggs & Fridge",Tamar Valley Kids Yoghurt Pouch Vanilla 110g,508826,$1.80,$1.64 / 100G,https://www.woolworths.com.au/shop/productdetails/508826/tamar-valley-kids-yoghurt-pouch-vanilla,https://cdn0.woolworths.media/content/wowproductimages/medium/508826.jpg,2020-09-21 17:27:05,,0,,True
b7d2913d-66b9-4ee4-95ec-f5a845ffc485,Woolworths Supermarket,"Dairy, Eggs & Fridge",Pauls Yoghurt Pouch Vanilla Kids Yoghurt 70g,705258,$1.40,$2.00 / 100G,https://www.woolworths.com.au/shop/productdetails/705258/pauls-yoghurt-pouch-vanilla-kids-yoghurt,https://cdn0.woolworths.media/content/wowproductimages/medium/705258.jpg,2020-09-21 17:27:05,,0,,True
b461fe78-92aa-4d86-9efb-428f4b69815e,Woolworths Supermarket,"Dairy, Eggs & Fridge",Devondale Salted Butter 250g,075645,$3.20,$1.28 / 100G,https://www.woolworths.com.au/shop/productdetails/75645/devondale-salted-butter,https://cdn0.woolworths.media/content/wowproductimages/medium/075645.jpg,2020-09-21 17:27:05,,0,,True
d212f9ca-e0b1-408d-a7e4-95dc2ad07b60,Woolworths Supermarket,"Dairy, Eggs & Fridge",Tasmanian Heritage Double Brie Cheese 250g,077182,$11.80,$47.20 / 1KG,https://www.woolworths.com.au/shop/productdetails/77182/tasmanian-heritage-double-brie-cheese,https://cdn0.woolworths.media/content/wowproductimages/medium/077182.jpg,2020-09-21 17:27:05,,0,,True
486f9bea-0277-4a6f-8842-e73871e1eb69,Woolworths Supermarket,"Dairy, Eggs & Fridge",Pace Farm 12 Extra Large Free Range Eggs 700g,092953,$5.95,$0.85 / 100G,https://www.woolworths.com.au/shop/productdetails/92953/pace-farm-12-extra-large-free-range-eggs,https://cdn0.woolworths.media/content/wowproductimages/medium/092953.jpg,2020-09-21 17:27:05,,0,,True
1d29695e-7414-4508-bf0a-eac59620b012,Woolworths Supermarket,"Dairy, Eggs & Fridge",Woolworths Classic Coleslaw 200g,531041,$2.00,$10.00 / 1KG,https://www.woolworths.com.au/shop/productdetails/531041/woolworths-classic-coleslaw,https://cdn0.woolworths.media/content/wowproductimages/medium/531041.jpg,2020-09-21 17:27:05,Average product rating out of 5: 4.2. Product score is based on 371 ratings,371,,True
d29c6c3b-33a9-4bcb-b544-f3165071bfde,Woolworths Supermarket,"Dairy, Eggs & Fridge",Chobani No Fat Raspberry Yoghurt 170g,752079,$1.80,$1.06 / 100G,https://www.woolworths.com.au/shop/productdetails/752079/chobani-no-fat-raspberry-yoghurt,https://cdn0.woolworths.media/content/wowproductimages/medium/752079.jpg,2020-09-21 17:27:05,,0,Was $2.00 26/04/2020,True
b2c40f89-2ebc-4fec-b1de-d69238b5326a,Woolworths Supermarket,"Dairy, Eggs & Fridge",Meadowlea Original Spread 500g,048016,$3.30,$0.66 / 100G,https://www.woolworths.com.au/shop/productdetails/48016/meadowlea-original-spread,https://cdn0.woolworths.media/content/wowproductimages/medium/048016.jpg,2020-09-21 17:27:05,,0,,True
b560c292-c9c6-48fe-9b2f-e275abfe7bb4,Woolworths Supermarket,"Dairy, Eggs & Fridge",Dairy Farmers Thick & Creamy Mango & Passionfruit Yoghurt 150g,768054,$1.00,$0.67 / 100G,https://www.woolworths.com.au/shop/productdetails/768054/dairy-farmers-thick-creamy-mango-passionfruit-yoghurt,https://cdn0.woolworths.media/content/wowproductimages/medium/768054.jpg,2020-09-21 17:27:05,,0,,True
b9960bc6-570c-485b-82dd-c39e966cd7fb,Woolworths Supermarket,"Dairy, Eggs & Fridge",Pauls Zymil Light Lactose Free Milk 1l,144000,$3.10,$3.10 / 1L,https://www.woolworths.com.au/shop/productdetails/144000/pauls-zymil-light-lactose-free-milk,https://cdn0.woolworths.media/content/wowproductimages/medium/144000.jpg,2020-09-21 17:27:05,,0,,True
88cad3d2-100d-44c2-a640-c1da64720dd8,Woolworths Supermarket,"Dairy, Eggs & Fridge",Woolworths Beef Lasagne 2kg,194648,$12.50,$6.25 / 1KG,https://www.woolworths.com.au/shop/productdetails/194648/woolworths-beef-lasagne,https://cdn0.woolworths.media/content/wowproductimages/medium/194648.jpg,2020-09-21 17:27:05,Average product rating out of 5: 3.5. Product score is based on 598 ratings,598,Was $15.5 24/09/2018,True
80900e0d-e6c3-4316-995d-a7843e6fc826,Woolworths Supermarket,"Dairy, Eggs & Fridge",Woolworths Vanilla Yoghurt Pouch 70g,891954,$0.75,$1.07 / 100G,https://www.woolworths.com.au/shop/productdetails/891954/woolworths-vanilla-yoghurt-pouch,https://cdn0.woolworths.media/content/wowproductimages/medium/891954.jpg,2020-09-21 17:27:05,Average product rating out of 5: 4.2. Product score is based on 476 ratings,476,,True
ca5a456f-3f1a-46c7-806c-761906c9e959,Woolworths Supermarket,"Dairy, Eggs & Fridge",Devondale 3 Cheese Blend Shredded Cheese 600g,807863,$7.50,$12.50 / 1KG,https://www.woolworths.com.au/shop/productdetails/807863/devondale-3-cheese-blend-shredded-cheese,https://cdn0.woolworths.media/content/wowproductimages/medium/807863.jpg,2020-09-21 17:27:05,,0,,True
f8917082-91df-4d0f-9d07-ed6960a67adc,Woolworths Supermarket,"Dairy, Eggs & Fridge",Woolworths Chicken Buffalo Salad Bowl 180g,056533,$6.00,$33.33 / 1KG,https://www.woolworths.com.au/shop/productdetails/56533/woolworths-chicken-buffalo-salad-bowl,https://cdn0.woolworths.media/content/wowproductimages/medium/056533.jpg,2020-09-21 17:27:05,Average product rating out of 5: 3.7. Product score is based on 672 ratings,672,,True
0ada3917-b5e5-4b60-bb51-20a3f1ee298e,Woolworths Supermarket,"Dairy, Eggs & Fridge",Bonsoy Long Life Soy Milk 1l,056731,$4.90,$4.90 / 1L,https://www.woolworths.com.au/shop/productdetails/56731/bonsoy-long-life-soy-milk,https://cdn0.woolworths.media/content/wowproductimages/medium/056731.jpg,2020-09-21 17:27:05,,0,,True
cdb19d4b-cb1c-463e-912d-1f2ca37b061c,Woolworths Supermarket,"Dairy, Eggs & Fridge",Olive Grove Lite Spread 500g,056962,$3.50,$0.70 / 100G,https://www.woolworths.com.au/shop/productdetails/56962/olive-grove-lite-spread,https://cdn0.woolworths.media/content/wowproductimages/medium/056962.jpg,2020-09-21 17:27:05,,0,Was $3.99 24/10/16,True
51217f9e-d7e4-4fe0-be99-eeff05d95320,Woolworths Supermarket,"Dairy, Eggs & Fridge",Mainland Buttersoft Pure Salted Butter 375g,057182,$6.25,$1.67 / 100G,https://www.woolworths.com.au/shop/productdetails/57182/mainland-buttersoft-pure-salted-butter,https://cdn0.woolworths.media/content/wowproductimages/medium/057182.jpg,2020-09-21 17:27:05,,0,Was $6.70 02/09/2020,True
a17b3dc1-2181-4cd7-a818-619c57bc7116,Woolworths Supermarket,"Dairy, Eggs & Fridge",Mainland Buttersoft Pure Salt Reduced Butter 375g,057222,$6.25,$1.67 / 100G,https://www.woolworths.com.au/shop/productdetails/57222/mainland-buttersoft-pure-salt-reduced-butter,https://cdn0.woolworths.media/content/wowproductimages/medium/057222.jpg,2020-09-21 17:27:05,,0,Was $6.70 02/09/2020,True
0d4ee1eb-006f-4fa5-9be9-70e3cb11aba5,Woolworths Supermarket,"Dairy, Eggs & Fridge",Woolworths Asian Style Crispy Noodle Salad Kit 365g,058678,,,https://www.woolworths.com.au/shop/productdetails/58678/woolworths-asian-style-crispy-noodle-salad-kit,https://cdn0.woolworths.media/content/wowproductimages/medium/058678.jpg,2020-09-21 17:27:05,Average product rating out of 5: 4.2. Product score is based on 330 ratings,330,,False
dd270d82-4734-4e11-95b4-cba12c27b682,Woolworths Supermarket,"Dairy, Eggs & Fridge",Dairy Farmers Australian Mangoes With Lemon Myrtle 150g,059784,$1.00,$0.67 / 100G,https://www.woolworths.com.au/shop/productdetails/59784/dairy-farmers-australian-mangoes-with-lemon-myrtle,https://cdn0.woolworths.media/content/wowproductimages/medium/059784.jpg,2020-09-21 17:27:05,,0,,True
4beb8e95-6592-4d68-8c77-909fd5e37375,Woolworths Supermarket,"Dairy, Eggs & Fridge",Pace Farm Liberty Eggs 6 Large Cage Free Eggs 330g,059789,$3.30,$1.00 / 100G,https://www.woolworths.com.au/shop/productdetails/59789/pace-farm-liberty-eggs-6-large-cage-free-eggs,https://cdn0.woolworths.media/content/wowproductimages/medium/059789.jpg,2020-09-21 17:27:05,,0,,True
de5f8e5c-71ca-4070-b499-1790872b57d1,Woolworths Supermarket,"Dairy, Eggs & Fridge",Chobani Fit X Strawberry Choc Hit 140g,059799,$3.50,$2.50 / 100G,https://www.woolworths.com.au/shop/productdetails/59799/chobani-fit-x-strawberry-choc-hit,https://cdn0.woolworths.media/content/wowproductimages/medium/059799.jpg,2020-09-21 17:27:05,,0,,True
941e832e-4779-4d8d-ab4e-964d49cf822c,Woolworths Supermarket,"Dairy, Eggs & Fridge",Lurpak Softest Slightly Salted Spread 250g,059934,$5.00,$2.00 / 100G,https://www.woolworths.com.au/shop/productdetails/59934/lurpak-softest-slightly-salted-spread,https://cdn0.woolworths.media/content/wowproductimages/medium/059934.jpg,2020-09-21 17:27:05,,0,Was $6.00 14/05/2018,True
4e3a17c9-d1c7-49c6-841d-353632c19481,Woolworths Supermarket,"Dairy, Eggs & Fridge",Siggi's Skyr Yoghurt Pouch Mango 150g,059935,$2.00,$1.33 / 100G,https://www.woolworths.com.au/shop/productdetails/59935/siggi-s-skyr-yoghurt-pouch-mango,https://cdn0.woolworths.media/content/wowproductimages/medium/059935.jpg,2020-09-21 17:27:05,,0,,True
3be881ee-5d54-4193-a390-2194c99051b5,Woolworths Supermarket,"Dairy, Eggs & Fridge",Yoplait Yoghurt Smoothie Mixed Berry 300g,060044,$3.00,$1.00 / 100G,https://www.woolworths.com.au/shop/productdetails/60044/yoplait-yoghurt-smoothie-mixed-berry,https://cdn0.woolworths.media/content/wowproductimages/medium/060044.jpg,2020-09-21 17:27:05,,0,,True
904d10d1-f752-4b5b-bd4a-941918e2d2a0,Woolworths Supermarket,"Dairy, Eggs & Fridge",Activia Activia Pouch Strawberry 140g,060073,$2.00,$1.43 / 100G,https://www.woolworths.com.au/shop/productdetails/60073/activia-activia-pouch-strawberry,https://cdn0.woolworths.media/content/wowproductimages/medium/060073.jpg,2020-09-21 17:27:05,,0,,True
1e49e205-c783-40e2-a364-e0d5166956b4,Woolworths Supermarket,"Dairy, Eggs & Fridge",Yorkshire Wensleydale With Apricot 150g,060074,$7.00,$46.67 / 1KG,https://www.woolworths.com.au/shop/productdetails/60074/yorkshire-wensleydale-with-apricot,https://cdn0.woolworths.media/content/wowproductimages/medium/060074.jpg,2020-09-21 17:27:05,,0,,True
7820cdcf-f53c-47fe-b1f4-f4619fe02147,Woolworths Supermarket,"Dairy, Eggs & Fridge",Activia Activia Pouch Vanilla 140g,060084,$2.00,$1.43 / 100G,https://www.woolworths.com.au/shop/productdetails/60084/activia-activia-pouch-vanilla,https://cdn0.woolworths.media/content/wowproductimages/medium/060084.jpg,2020-09-21 17:27:05,,0,,True
05166a6f-38b4-43ff-af5f-fbc123b771ab,Woolworths Supermarket,"Dairy, Eggs & Fridge",Danone Yopro Dairy Free Banana Cinnamon 150g,060157,$3.50,$2.33 / 100G,https://www.woolworths.com.au/shop/productdetails/60157/danone-yopro-dairy-free-banana-cinnamon,https://cdn0.woolworths.media/content/wowproductimages/medium/060157.jpg,2020-09-21 17:27:05,,0,,True
476800d2-6a9a-457c-85c8-826ddb97b14f,Woolworths Supermarket,"Dairy, Eggs & Fridge",Flora Plant Based Lightly Salted Butter 250g,060394,$2.50,$1.00 / 100G,https://www.woolworths.com.au/shop/productdetails/60394/flora-plant-based-lightly-salted-butter,https://cdn0.woolworths.media/content/wowproductimages/medium/060394.jpg,2020-09-21 17:27:05,,0,,True
d26d6e25-14ae-49ba-99d2-d4091793f458,Woolworths Supermarket,"Dairy, Eggs & Fridge",Danone Yopro Dairy Free Mango Coconut 150g,060397,$3.50,$2.33 / 100G,https://www.woolworths.com.au/shop/productdetails/60397/danone-yopro-dairy-free-mango-coconut,https://cdn0.woolworths.media/content/wowproductimages/medium/060397.jpg,2020-09-21 17:27:05,,0,,True
5ed3e55f-8a2a-45dd-b12c-925a6cffca9f,Woolworths Supermarket,"Dairy, Eggs & Fridge",Vaalia Blueberry Yoghurt 900g,060404,$5.80,$0.64 / 100G,https://www.woolworths.com.au/shop/productdetails/60404/vaalia-blueberry-yoghurt,https://cdn0.woolworths.media/content/wowproductimages/medium/060404.jpg,2020-09-21 17:27:05,,0,,True
3270b851-525e-46cc-924f-ead19e681708,Woolworths Supermarket,"Dairy, Eggs & Fridge",Chobani Fit X Vanilla Cookie Crush 140g,060422,$3.50,$2.50 / 100G,https://www.woolworths.com.au/shop/productdetails/60422/chobani-fit-x-vanilla-cookie-crush,https://cdn0.woolworths.media/content/wowproductimages/medium/060422.jpg,2020-09-21 17:27:05,,0,,True
0a0b6c58-75f6-4aad-ba4f-7c650448abf8,Woolworths Supermarket,"Dairy, Eggs & Fridge",Meredith Dairy Goats Cheese 100g,060594,$5.00,$50.00 / 1KG,https://www.woolworths.com.au/shop/productdetails/60594/meredith-dairy-goats-cheese,https://cdn0.woolworths.media/content/wowproductimages/medium/060594.jpg,2020-09-21 17:27:05,,0,,True
3a6f34cd-e62d-4f80-abff-35325267802e,Woolworths Supermarket,"Dairy, Eggs & Fridge",Yoplait Berry Punnet Mixed Yoghurts 6 pack,060598,$5.00,$0.52 / 100G,https://www.woolworths.com.au/shop/productdetails/60598/yoplait-berry-punnet-mixed-yoghurts,https://cdn0.woolworths.media/content/wowproductimages/medium/060598.jpg,2020-09-21 17:27:05,,0,,True
ebcf6ea3-548d-49ae-8eaa-6cc0ea3fc2ac,Woolworths Supermarket,"Dairy, Eggs & Fridge",The Collective Kefir Raspberry Acai 150g,060935,$2.00,$1.33 / 100G,https://www.woolworths.com.au/shop/productdetails/60935/the-collective-kefir-raspberry-acai,https://cdn0.woolworths.media/content/wowproductimages/medium/060935.jpg,2020-09-21 17:27:05,,0,,True
3ad70e5e-800e-4d91-83fe-5e4531a4cf37,Woolworths Supermarket,"Dairy, Eggs & Fridge",Yoplait Classics Mixed Yoghurts 6 pack,060997,$5.00,$0.52 / 100G,https://www.woolworths.com.au/shop/productdetails/60997/yoplait-classics-mixed-yoghurts,https://cdn0.woolworths.media/content/wowproductimages/medium/060997.jpg,2020-09-21 17:27:05,,0,,True
6f7a897e-f8d3-490b-916b-84592d8d247a,Woolworths Supermarket,"Dairy, Eggs & Fridge",Woolworths Baby Spinach Salad Bag 60g,379515,$2.00,$33.33 / 1KG,https://www.woolworths.com.au/shop/productdetails/379515/woolworths-baby-spinach-salad-bag,https://cdn0.woolworths.media/content/wowproductimages/medium/379515.jpg,2020-09-21 17:27:05,Average product rating out of 5: 4.7. Product score is based on 725 ratings,725,,True
60c578c9-b244-4c1c-8075-e70edf98899c,Woolworths Supermarket,"Dairy, Eggs & Fridge",A2 Light Milk 2l,208066,$5.30,$2.65 / 1L,https://www.woolworths.com.au/shop/productdetails/208066/a2-light-milk,https://cdn0.woolworths.media/content/wowproductimages/medium/208066.jpg,2020-09-21 17:27:05,,0,,True
aee0e06a-79fe-4121-befa-f7c098997cd4,Woolworths Supermarket,"Dairy, Eggs & Fridge",Dairy Farmers Thick & Creamy Classic Vanilla Yoghurt 150g,777320,$1.00,$0.67 / 100G,https://www.woolworths.com.au/shop/productdetails/777320/dairy-farmers-thick-creamy-classic-vanilla-yoghurt,https://cdn0.woolworths.media/content/wowproductimages/medium/777320.jpg,2020-09-21 17:27:05,,0,,True
ce337f5c-a2c3-49d5-8436-500e529fce34,Woolworths Supermarket,"Dairy, Eggs & Fridge",Woolworths Mozzarella Shredded Cheese 500g,728983,$6.00,$12.00 / 1KG,https://www.woolworths.com.au/shop/productdetails/728983/woolworths-mozzarella-shredded-cheese,https://cdn0.woolworths.media/content/wowproductimages/medium/728983.jpg,2020-09-21 17:27:05,Average product rating out of 5: 4.5. Product score is based on 469 ratings,469,,True
2eb9971a-2251-4a55-a566-a723cadb1118,Woolworths Supermarket,"Dairy, Eggs & Fridge",Macro Firm Tofu 450g,023038,$3.50,$7.78 / 1KG,https://www.woolworths.com.au/shop/productdetails/23038/macro-firm-tofu,https://cdn0.woolworths.media/content/wowproductimages/medium/023038.jpg,2020-09-21 17:27:05,Average product rating out of 5: 4.1. Product score is based on 270 ratings,270,,True
cb4b36b8-50a3-4612-84ab-c8b44856141c,Woolworths Supermarket,"Dairy, Eggs & Fridge",Dairy Farmers Thick & Creamy Yellow Box Honey Yoghurt 150g,768112,$1.00,$0.67 / 100G,https://www.woolworths.com.au/shop/productdetails/768112/dairy-farmers-thick-creamy-yellow-box-honey-yoghurt,https://cdn0.woolworths.media/content/wowproductimages/medium/768112.jpg,2020-09-21 17:27:05,,0,,True
26fe6873-1874-455d-8d9f-0dca0a89dc07,Woolworths Supermarket,"Dairy, Eggs & Fridge",Western Star Original Spreadable 500g,069756,$6.00,$1.20 / 100G,https://www.woolworths.com.au/shop/productdetails/69756/western-star-original-spreadable,https://cdn0.woolworths.media/content/wowproductimages/medium/069756.jpg,2020-09-21 17:27:05,,0,,True
5eea65b2-dbaa-485c-9c8a-2b559d93d7d1,Woolworths Supermarket,"Dairy, Eggs & Fridge",Tamar Valley Kids Yoghurt Pouch Vanilla 110g,508826,$1.80,$1.64 / 100G,https://www.woolworths.com.au/shop/productdetails/508826/tamar-valley-kids-yoghurt-pouch-vanilla,https://cdn0.woolworths.media/content/wowproductimages/medium/508826.jpg,2020-09-21 17:27:05,,0,,True
f2e7072b-7d9d-434b-aa7a-211c926af962,Woolworths Supermarket,"Dairy, Eggs & Fridge",Pauls Yoghurt Pouch Vanilla Kids Yoghurt 70g,705258,$1.40,$2.00 / 100G,https://www.woolworths.com.au/shop/productdetails/705258/pauls-yoghurt-pouch-vanilla-kids-yoghurt,https://cdn0.woolworths.media/content/wowproductimages/medium/705258.jpg,2020-09-21 17:27:05,,0,,True
b059424e-b3b4-4fb7-8842-b8fda795c3a6,Woolworths Supermarket,"Dairy, Eggs & Fridge",Devondale Salted Butter 250g,075645,$3.20,$1.28 / 100G,https://www.woolworths.com.au/shop/productdetails/75645/devondale-salted-butter,https://cdn0.woolworths.media/content/wowproductimages/medium/075645.jpg,2020-09-21 17:27:05,,0,,True
c18b37fb-882c-4dc1-a16e-613e2d725a9a,Woolworths Supermarket,"Dairy, Eggs & Fridge",Tasmanian Heritage Double Brie Cheese 250g,077182,$11.80,$47.20 / 1KG,https://www.woolworths.com.au/shop/productdetails/77182/tasmanian-heritage-double-brie-cheese,https://cdn0.woolworths.media/content/wowproductimages/medium/077182.jpg,2020-09-21 17:27:05,,0,,True
47fd8e30-bfc8-4296-b0fc-ed482f7a8a36,Woolworths Supermarket,"Dairy, Eggs & Fridge",Pace Farm 12 Extra Large Free Range Eggs 700g,092953,$5.95,$0.85 / 100G,https://www.woolworths.com.au/shop/productdetails/92953/pace-farm-12-extra-large-free-range-eggs,https://cdn0.woolworths.media/content/wowproductimages/medium/092953.jpg,2020-09-21 17:27:05,,0,,True
bbac5ed9-e9ce-46db-8812-b7b032702c82,Woolworths Supermarket,"Dairy, Eggs & Fridge",Woolworths Classic Coleslaw 200g,531041,$2.00,$10.00 / 1KG,https://www.woolworths.com.au/shop/productdetails/531041/woolworths-classic-coleslaw,https://cdn0.woolworths.media/content/wowproductimages/medium/531041.jpg,2020-09-21 17:27:05,Average product rating out of 5: 4.2. Product score is based on 371 ratings,371,,True
249340bc-9b14-42b2-97a2-c7d040a63b1a,Woolworths Supermarket,"Dairy, Eggs & Fridge",Chobani No Fat Raspberry Yoghurt 170g,752079,$1.80,$1.06 / 100G,https://www.woolworths.com.au/shop/productdetails/752079/chobani-no-fat-raspberry-yoghurt,https://cdn0.woolworths.media/content/wowproductimages/medium/752079.jpg,2020-09-21 17:27:05,,0,Was $2.00 26/04/2020,True
5235d1aa-4355-4175-8e12-29995ec8a111,Woolworths Supermarket,"Dairy, Eggs & Fridge",Meadowlea Original Spread 500g,048016,$3.30,$0.66 / 100G,https://www.woolworths.com.au/shop/productdetails/48016/meadowlea-original-spread,https://cdn0.woolworths.media/content/wowproductimages/medium/048016.jpg,2020-09-21 17:27:05,,0,,True
ec44a728-7086-4806-af29-4d2a19911a46,Woolworths Supermarket,"Dairy, Eggs & Fridge",Dairy Farmers Thick & Creamy Mango & Passionfruit Yoghurt 150g,768054,$1.00,$0.67 / 100G,https://www.woolworths.com.au/shop/productdetails/768054/dairy-farmers-thick-creamy-mango-passionfruit-yoghurt,https://cdn0.woolworths.media/content/wowproductimages/medium/768054.jpg,2020-09-21 17:27:05,,0,,True
f526575e-5f1d-419b-884b-9e6b16f5af55,Woolworths Supermarket,"Dairy, Eggs & Fridge",Pauls Zymil Light Lactose Free Milk 1l,144000,$3.10,$3.10 / 1L,https://www.woolworths.com.au/shop/productdetails/144000/pauls-zymil-light-lactose-free-milk,https://cdn0.woolworths.media/content/wowproductimages/medium/144000.jpg,2020-09-21 17:27:05,,0,,True
fd61b1ed-479d-41e3-9a26-2844ca32e23b,Woolworths Supermarket,"Dairy, Eggs & Fridge",Woolworths Beef Lasagne 2kg,194648,$12.50,$6.25 / 1KG,https://www.woolworths.com.au/shop/productdetails/194648/woolworths-beef-lasagne,https://cdn0.woolworths.media/content/wowproductimages/medium/194648.jpg,2020-09-21 17:27:05,Average product rating out of 5: 3.5. Product score is based on 598 ratings,598,Was $15.5 24/09/2018,True
05aaa073-1126-41db-b769-db1622c3830e,Woolworths Supermarket,"Dairy, Eggs & Fridge",Woolworths Vanilla Yoghurt Pouch 70g,891954,$0.75,$1.07 / 100G,https://www.woolworths.com.au/shop/productdetails/891954/woolworths-vanilla-yoghurt-pouch,https://cdn0.woolworths.media/content/wowproductimages/medium/891954.jpg,2020-09-21 17:27:05,Average product rating out of 5: 4.2. Product score is based on 476 ratings,476,,True
0d9e9ac9-c3fe-4910-8987-84517889ea3a,Woolworths Supermarket,"Dairy, Eggs & Fridge",Devondale 3 Cheese Blend Shredded Cheese 600g,807863,$7.50,$12.50 / 1KG,https://www.woolworths.com.au/shop/productdetails/807863/devondale-3-cheese-blend-shredded-cheese,https://cdn0.woolworths.media/content/wowproductimages/medium/807863.jpg,2020-09-21 17:27:05,,0,,True
e2e4697f-d776-482f-8972-8db0e442c6a8,Woolworths Supermarket,"Dairy, Eggs & Fridge",Yorkshire Wensleydale With Cranberry 150g,061006,$7.00,$46.67 / 1KG,https://www.woolworths.com.au/shop/productdetails/61006/yorkshire-wensleydale-with-cranberry,https://cdn0.woolworths.media/content/wowproductimages/medium/061006.jpg,2020-09-21 17:27:05,,0,,True
33f91fed-f382-4dff-942f-9a46dc3de67a,Woolworths Supermarket,"Dairy, Eggs & Fridge",Yoplait Yoghurt Smoothie Mango & Peach 300g,061009,$3.00,$1.00 / 100G,https://www.woolworths.com.au/shop/productdetails/61009/yoplait-yoghurt-smoothie-mango-peach,https://cdn0.woolworths.media/content/wowproductimages/medium/061009.jpg,2020-09-21 17:27:05,,0,,True
a977df0e-fce6-467b-b931-a3a7003c7da5,Woolworths Supermarket,"Dairy, Eggs & Fridge",So Delicious Dairy Free Cashew Yoghurt Salted Caramel 150g,061143,$2.50,$1.67 / 100G,https://www.woolworths.com.au/shop/productdetails/61143/so-delicious-dairy-free-cashew-yoghurt-salted-caramel,https://cdn0.woolworths.media/content/wowproductimages/medium/061143.jpg,2020-09-21 17:27:05,,0,,True
fc42b928-2c1e-4a19-a867-6111c18f2c49,Woolworths Supermarket,"Dairy, Eggs & Fridge",Vaalia Blueberry Yoghurt 150g x4 pack,061146,$4.30,$0.72 / 100G,https://www.woolworths.com.au/shop/productdetails/61146/vaalia-blueberry-yoghurt,https://cdn0.woolworths.media/content/wowproductimages/medium/061146.jpg,2020-09-21 17:27:05,,0,,True
5a59f112-f8d7-4190-958a-b316bc789d63,Woolworths Supermarket,"Dairy, Eggs & Fridge",Gippsland Dairy Strawberries & Cream Yoghurt 720g,062069,$7.00,$0.97 / 100G,https://www.woolworths.com.au/shop/productdetails/62069/gippsland-dairy-strawberries-cream-yoghurt,https://cdn0.woolworths.media/content/wowproductimages/medium/062069.jpg,2020-09-21 17:27:05,,0,,True
6e2d1018-610b-44ba-a12b-20bac7c0b86f,Woolworths Supermarket,"Dairy, Eggs & Fridge",Siggi's Skyr Yoghurt Pouch Blueberry 150g,062145,$2.00,$1.33 / 100G,https://www.woolworths.com.au/shop/productdetails/62145/siggi-s-skyr-yoghurt-pouch-blueberry,https://cdn0.woolworths.media/content/wowproductimages/medium/062145.jpg,2020-09-21 17:27:05,,0,,True
7f9184d8-b03e-4c69-bb87-339e58ae4577,Woolworths Supermarket,"Dairy, Eggs & Fridge",Yoplait Yoghurt Smoothie Strawberry & Banana 300g,062146,$3.00,$1.00 / 100G,https://www.woolworths.com.au/shop/productdetails/62146/yoplait-yoghurt-smoothie-strawberry-banana,https://cdn0.woolworths.media/content/wowproductimages/medium/062146.jpg,2020-09-21 17:27:05,,0,,True
b0f75de9-1d15-4e45-9fd3-a8dd0d1c5a2d,Woolworths Supermarket,"Dairy, Eggs & Fridge",So Delicious Dairy Free Cashew Yoghurt Blueberry 150g,062304,$2.50,$1.67 / 100G,https://www.woolworths.com.au/shop/productdetails/62304/so-delicious-dairy-free-cashew-yoghurt-blueberry,https://cdn0.woolworths.media/content/wowproductimages/medium/062304.jpg,2020-09-21 17:27:05,,0,,True
4294e09e-1597-4506-8a90-cb16688571c6,Woolworths Supermarket,"Dairy, Eggs & Fridge",Siggi's Skyr Yoghurt Pouch Passion Fruit 150g,062450,$2.00,$1.33 / 100G,https://www.woolworths.com.au/shop/productdetails/62450/siggi-s-skyr-yoghurt-pouch-passion-fruit,https://cdn0.woolworths.media/content/wowproductimages/medium/062450.jpg,2020-09-21 17:27:05,,0,,True
8ccdb223-835e-48ee-82f6-e4f5763ee966,Woolworths Supermarket,"Dairy, Eggs & Fridge",Jalna Double Cream Yoghurt Passionfruit 170g,062577,$2.50,$1.47 / 100G,https://www.woolworths.com.au/shop/productdetails/62577/jalna-double-cream-yoghurt-passionfruit,https://cdn0.woolworths.media/content/wowproductimages/medium/062577.jpg,2020-09-21 17:27:05,,0,,True
9a04890a-8139-4c6c-b1e3-44c7ba4b5f32,Woolworths Supermarket,"Dairy, Eggs & Fridge",Jalna Double Cream Yoghurt Blueberry 170g,062578,$2.50,$1.47 / 100G,https://www.woolworths.com.au/shop/productdetails/62578/jalna-double-cream-yoghurt-blueberry,https://cdn0.woolworths.media/content/wowproductimages/medium/062578.jpg,2020-09-21 17:27:05,,0,,True
e2e94de0-fa86-482a-b887-359b506c873e,Woolworths Supermarket,"Dairy, Eggs & Fridge",Jalna Double Cream Yoghurt Strawberry 170g,062579,$1.60,$0.94 / 100G,https://www.woolworths.com.au/shop/productdetails/62579/jalna-double-cream-yoghurt-strawberry,https://cdn0.woolworths.media/content/wowproductimages/medium/062579.jpg,2020-09-21 17:27:05,,0,,True
ff69c7f9-817c-4e58-aa76-f5d5402b0eb3,Woolworths Supermarket,"Dairy, Eggs & Fridge",Sanitarium Up&go Yoghurt Creamy Vanilla 120g,062581,$1.50,$1.25 / 100G,https://www.woolworths.com.au/shop/productdetails/62581/sanitarium-up-go-yoghurt-creamy-vanilla,https://cdn0.woolworths.media/content/wowproductimages/medium/062581.jpg,2020-09-21 17:27:05,,0,Was $2.25 14/09/2020,True
35b49868-a13f-426b-ba2a-84807920664f,Woolworths Supermarket,"Dairy, Eggs & Fridge",Danone Yopro Dairy Free Vanilla & Chai 150g,062651,$3.50,$2.33 / 100G,https://www.woolworths.com.au/shop/productdetails/62651/danone-yopro-dairy-free-vanilla-chai,https://cdn0.woolworths.media/content/wowproductimages/medium/062651.jpg,2020-09-21 17:27:05,,0,,True
221b9d2a-803d-4bf9-8369-666c5322899b,Woolworths Supermarket,"Dairy, Eggs & Fridge",Jalna High Protein Yoghurt Natural 1kg,062666,$7.95,$0.80 / 100G,https://www.woolworths.com.au/shop/productdetails/62666/jalna-high-protein-yoghurt-natural,https://cdn0.woolworths.media/content/wowproductimages/medium/062666.jpg,2020-09-21 17:27:05,,0,,True
2775ad96-875c-4e8c-bfa6-79072fd8c300,Woolworths Supermarket,"Dairy, Eggs & Fridge",Sanitarium Up&go Yoghurt Smooth Banana 120g,062672,$1.50,$1.25 / 100G,https://www.woolworths.com.au/shop/productdetails/62672/sanitarium-up-go-yoghurt-smooth-banana,https://cdn0.woolworths.media/content/wowproductimages/medium/062672.jpg,2020-09-21 17:27:05,,0,Was $2.25 14/09/2020,True
ec7bf068-ea91-4018-862c-9e87547ee50c,Woolworths Supermarket,"Dairy, Eggs & Fridge",Sanitarium Up&go Yoghurt Milk Chocolate 120g,062673,$1.50,$1.25 / 100G,https://www.woolworths.com.au/shop/productdetails/62673/sanitarium-up-go-yoghurt-milk-chocolate,https://cdn0.woolworths.media/content/wowproductimages/medium/062673.jpg,2020-09-21 17:27:05,,0,Was $2.25 14/09/2020,True
140da0c5-d3dc-4c10-9aab-bdae36eb3ddb,Woolworths Supermarket,"Dairy, Eggs & Fridge",Sanitarium Up&go Yoghurt Wild Strawberry 120g,062674,$1.50,$1.25 / 100G,https://www.woolworths.com.au/shop/productdetails/62674/sanitarium-up-go-yoghurt-wild-strawberry,https://cdn0.woolworths.media/content/wowproductimages/medium/062674.jpg,2020-09-21 17:27:05,,0,Was $2.25 14/09/2020,True
16bc1a9b-2885-465c-8d8e-8a48951c5d6a,Woolworths Supermarket,"Dairy, Eggs & Fridge",Danone Activia Pouch Mango 140g,062773,$2.00,$1.43 / 100G,https://www.woolworths.com.au/shop/productdetails/62773/danone-activia-pouch-mango,https://cdn0.woolworths.media/content/wowproductimages/medium/062773.jpg,2020-09-21 17:27:05,,0,,True
0aec7056-3173-4a39-9cb6-f7ef084cfabe,Woolworths Supermarket,"Dairy, Eggs & Fridge",So Delicious Dairy Free Cashew Yoghurt Mango Passionfruit 150g,062822,$2.50,$1.67 / 100G,https://www.woolworths.com.au/shop/productdetails/62822/so-delicious-dairy-free-cashew-yoghurt-mango-passionfruit,https://cdn0.woolworths.media/content/wowproductimages/medium/062822.jpg,2020-09-21 17:27:05,,0,,True
77888fad-38ac-4823-b86a-c4a80d5a11a1,Woolworths Supermarket,"Dairy, Eggs & Fridge",The Collective Kefir Fig Ginger 150g,062834,$2.00,$1.33 / 100G,https://www.woolworths.com.au/shop/productdetails/62834/the-collective-kefir-fig-ginger,https://cdn0.woolworths.media/content/wowproductimages/medium/062834.jpg,2020-09-21 17:27:05,,0,,True
b110d404-d06e-4ee0-b10a-8c8a8c6f7d3f,Woolworths Supermarket,"Dairy, Eggs & Fridge",The Collective Natural Kefir Tub 900g,062835,$5.00,$0.56 / 100G,https://www.woolworths.com.au/shop/productdetails/62835/the-collective-natural-kefir-tub,https://cdn0.woolworths.media/content/wowproductimages/medium/062835.jpg,2020-09-21 17:27:05,,0,,True
0d7311d2-3849-465e-acf8-428544156c66,Woolworths Supermarket,"Dairy, Eggs & Fridge",Pauls Dolce Dessert Creme White Choc 85g x2 pack,062845,$2.00,$1.18 / 100G,https://www.woolworths.com.au/shop/productdetails/62845/pauls-dolce-dessert-creme-white-choc,https://cdn0.woolworths.media/content/wowproductimages/medium/062845.jpg,2020-09-21 17:27:05,,0,,True
0a8d5a08-3a9f-476a-858d-6d3e81c796ec,Woolworths Supermarket,"Dairy, Eggs & Fridge",Siggi's Skyr Yoghurt Pouch Raspberry 150g,062864,$2.00,$1.33 / 100G,https://www.woolworths.com.au/shop/productdetails/62864/siggi-s-skyr-yoghurt-pouch-raspberry,https://cdn0.woolworths.media/content/wowproductimages/medium/062864.jpg,2020-09-21 17:27:05,,0,,True
c4362828-3161-4250-9b45-1471b52ce5c0,Woolworths Supermarket,"Dairy, Eggs & Fridge",Perfect Italiano Shaved Parmesan 125g,360904,$3.25,$26.00 / 1KG,https://www.woolworths.com.au/shop/productdetails/360904/perfect-italiano-shaved-parmesan,https://cdn0.woolworths.media/content/wowproductimages/medium/360904.jpg,2020-09-21 17:27:05,,0,,True
c623db50-5d90-42ae-b782-1b3665c2b1b0,Woolworths Supermarket,"Dairy, Eggs & Fridge",Perfect Italiano Extra Sharp Grated Parmesan 125g,302306,$3.25,$26.00 / 1KG,https://www.woolworths.com.au/shop/productdetails/302306/perfect-italiano-extra-sharp-grated-parmesan,https://cdn0.woolworths.media/content/wowproductimages/medium/302306.jpg,2020-09-21 17:27:05,,0,,True
653dbe0e-8fc6-4611-8807-6de285549c2b,Woolworths Supermarket,"Dairy, Eggs & Fridge",Woolworths Drought Relief Lite Milk 2l,807385,$2.39,$1.20 / 1L,https://www.woolworths.com.au/shop/productdetails/807385/woolworths-drought-relief-lite-milk,https://cdn0.woolworths.media/content/wowproductimages/medium/807385.jpg,2020-09-21 17:27:05,,0,,True
b7773960-56c2-43f1-9479-40b93e012446,Woolworths Supermarket,"Dairy, Eggs & Fridge",Almond Breeze Unsweetened Almond Milk 1l,761604,$2.50,$2.50 / 1L,https://www.woolworths.com.au/shop/productdetails/761604/almond-breeze-unsweetened-almond-milk,https://cdn0.woolworths.media/content/wowproductimages/medium/761604.jpg,2020-09-21 17:27:05,,0,Was $3.25 13/03/2017,True
f342441b-9c11-4737-a709-b9372b814526,Woolworths Supermarket,"Dairy, Eggs & Fridge",Hillview Cheese Block 1kg,500187,$8.00,$8.00 / 1KG,https://www.woolworths.com.au/shop/productdetails/500187/hillview-cheese-block,https://cdn0.woolworths.media/content/wowproductimages/medium/500187.jpg,2020-09-21 17:27:05,Average product rating out of 5: 4.5. Product score is based on 66 ratings,66,,True
2569eba9-4229-43fd-870c-6bed735184f5,Woolworths Supermarket,"Dairy, Eggs & Fridge",Woolworths Drought Relief Full Cream Milk 3l,807384,$3.59,$1.20 / 1L,https://www.woolworths.com.au/shop/productdetails/807384/woolworths-drought-relief-full-cream-milk,https://cdn0.woolworths.media/content/wowproductimages/medium/807384.jpg,2020-09-21 17:27:05,,0,,True
ef424ec3-b746-4252-8e80-69168e675a8a,Woolworths Supermarket,"Dairy, Eggs & Fridge",Woolworths Sour Cream 300ml,105609,$2.10,$0.70 / 100ML,https://www.woolworths.com.au/shop/productdetails/105609/woolworths-sour-cream,https://cdn0.woolworths.media/content/wowproductimages/medium/105609.jpg,2020-09-21 17:27:05,Average product rating out of 5: 4.5. Product score is based on 1353 ratings,1353,,True
378a7d44-9892-425a-bb4f-03a8271a0456,Woolworths Supermarket,"Dairy, Eggs & Fridge",Woolworths Drought Relief Full Cream Milk 2l,807383,$2.39,$1.20 / 1L,https://www.woolworths.com.au/shop/productdetails/807383/woolworths-drought-relief-full-cream-milk,https://cdn0.woolworths.media/content/wowproductimages/medium/807383.jpg,2020-09-21 17:27:05,Average product rating out of 5: 4.7. Product score is based on 385 ratings,385,,True
702a115e-ab24-459c-8da0-a3ac60c5be3d,Woolworths Supermarket,"Dairy, Eggs & Fridge",Woolworths Single Leaf Baby Spinach 280g,524336,$5.00,$17.86 / 1KG,https://www.woolworths.com.au/shop/productdetails/524336/woolworths-single-leaf-baby-spinach,https://cdn0.woolworths.media/content/wowproductimages/medium/524336.jpg,2020-09-21 17:27:05,Average product rating out of 5: 4.8. Product score is based on 532 ratings,532,,True
4c32d83c-db12-40fb-835a-1e9e5c280abc,Woolworths Supermarket,"Dairy, Eggs & Fridge",Woolworths Baby Leaf Spinach 120g,524322,$3.00,$25.00 / 1KG,https://www.woolworths.com.au/shop/productdetails/524322/woolworths-baby-leaf-spinach,https://cdn0.woolworths.media/content/wowproductimages/medium/524322.jpg,2020-09-21 17:27:05,Average product rating out of 5: 4.7. Product score is based on 2842 ratings,2842,,True
37b4e3fa-5adf-4bf9-90a6-5a5ac2c04b16,Woolworths Supermarket,"Dairy, Eggs & Fridge",Woolworths Uht Full Cream Milk 1l,748595,$1.25,$1.25 / 1L,https://www.woolworths.com.au/shop/productdetails/748595/woolworths-uht-full-cream-milk,https://cdn0.woolworths.media/content/wowproductimages/medium/748595.jpg,2020-09-21 17:27:05,Average product rating out of 5: 4.9. Product score is based on 36 ratings,36,,True
c32a55fb-8272-4f54-a148-3241dfda3abf,Woolworths Supermarket,"Dairy, Eggs & Fridge",Woolworths Baby Spinach Salad Bag 60g,379515,$2.00,$33.33 / 1KG,https://www.woolworths.com.au/shop/productdetails/379515/woolworths-baby-spinach-salad-bag,https://cdn0.woolworths.media/content/wowproductimages/medium/379515.jpg,2020-09-21 17:27:05,Average product rating out of 5: 4.7. Product score is based on 725 ratings,725,,True
a6edd053-7d6c-4119-9f9e-3a9f37180189,Woolworths Supermarket,"Dairy, Eggs & Fridge",Hillview Tasty Shredded Cheese 700g,491820,$6.60,$9.43 / 1KG,https://www.woolworths.com.au/shop/productdetails/491820/hillview-tasty-shredded-cheese,https://cdn0.woolworths.media/content/wowproductimages/medium/491820.jpg,2020-09-21 17:27:05,Average product rating out of 5: 4.5. Product score is based on 48 ratings,48,,True
904d8407-3467-4713-a909-875fc2ba780a,Woolworths Supermarket,"Dairy, Eggs & Fridge",Woolworths Thickened Cream 600ml,048720,$3.00,$0.50 / 100ML,https://www.woolworths.com.au/shop/productdetails/48720/woolworths-thickened-cream,https://cdn0.woolworths.media/content/wowproductimages/medium/048720.jpg,2020-09-21 17:27:05,Average product rating out of 5: 4.8. Product score is based on 740 ratings,740,,True
f0d6c5eb-a25a-40f4-a8fe-b4d8356b55f6,Woolworths Supermarket,"Dairy, Eggs & Fridge",Western Star Original Spreadable 500g,069756,$6.00,$1.20 / 100G,https://www.woolworths.com.au/shop/productdetails/69756/western-star-original-spreadable,https://cdn0.woolworths.media/content/wowproductimages/medium/069756.jpg,2020-09-21 17:27:05,,0,,True
e43dede5-3056-4c19-9924-11dae87556af,Woolworths Supermarket,"Dairy, Eggs & Fridge",Woolworths Thickened Cream 300ml,044317,$1.90,$0.63 / 100ML,https://www.woolworths.com.au/shop/productdetails/44317/woolworths-thickened-cream,https://cdn0.woolworths.media/content/wowproductimages/medium/044317.jpg,2020-09-21 17:27:05,Average product rating out of 5: 4.9. Product score is based on 629 ratings,629,,True
c9410c48-4b8b-4e78-94fc-a5de9749b6ea,Woolworths Supermarket,"Dairy, Eggs & Fridge",Woolworths Tasty Shredded Cheese 500g,729026,$6.00,$12.00 / 1KG,https://www.woolworths.com.au/shop/productdetails/729026/woolworths-tasty-shredded-cheese,https://cdn0.woolworths.media/content/wowproductimages/medium/729026.jpg,2020-09-21 17:27:05,Average product rating out of 5: 4.6. Product score is based on 500 ratings,500,,True
8b23fe72-bedb-4a8f-b1e4-9089aa9c5141,Woolworths Supermarket,"Dairy, Eggs & Fridge",Woolworths Drought Relief Lite Milk 3l,807386,$3.59,$1.20 / 1L,https://www.woolworths.com.au/shop/productdetails/807386/woolworths-drought-relief-lite-milk,https://cdn0.woolworths.media/content/wowproductimages/medium/807386.jpg,2020-09-21 17:27:05,,0,,True
4db15d4c-e040-4133-8aa3-2a19ae42a954,Woolworths Supermarket,"Dairy, Eggs & Fridge",Just 4 You 12 Extra Large Caged Eggs 700g,893974,$3.50,$0.50 / 100G,https://www.woolworths.com.au/shop/productdetails/893974/just-4-you-12-extra-large-caged-eggs,https://cdn0.woolworths.media/content/wowproductimages/medium/893974.jpg,2020-09-21 17:27:05,,0,,True
2fe17cb6-d404-44f5-991b-1d49a20be584,Woolworths Supermarket,"Dairy, Eggs & Fridge",Woolworths Mozzarella Shredded Cheese 500g,728983,$6.00,$12.00 / 1KG,https://www.woolworths.com.au/shop/productdetails/728983/woolworths-mozzarella-shredded-cheese,https://cdn0.woolworths.media/content/wowproductimages/medium/728983.jpg,2020-09-21 17:27:05,Average product rating out of 5: 4.5. Product score is based on 469 ratings,469,,True
e1e3dbff-aaf8-4933-9c7b-4250d731882c,Woolworths Supermarket,"Dairy, Eggs & Fridge",Siggi's Skyr Yoghurt Pouch Vanilla 150g,062883,$2.00,$1.33 / 100G,https://www.woolworths.com.au/shop/productdetails/62883/siggi-s-skyr-yoghurt-pouch-vanilla,https://cdn0.woolworths.media/content/wowproductimages/medium/062883.jpg,2020-09-21 17:27:05,,0,,True
3e3f9247-1337-43ff-9a3b-4497dc5a8e9e,Woolworths Supermarket,"Dairy, Eggs & Fridge",Yoplait Yoghurt Smoothie Passion & Mango 300g,062884,$3.00,$1.00 / 100G,https://www.woolworths.com.au/shop/productdetails/62884/yoplait-yoghurt-smoothie-passion-mango,https://cdn0.woolworths.media/content/wowproductimages/medium/062884.jpg,2020-09-21 17:27:05,,0,,True
e73399a4-d23d-4429-b4c4-06292ac7cfcc,Woolworths Supermarket,"Dairy, Eggs & Fridge",Yoplait Forme Zero Berry Harvest Yoghurts 6 pack,062933,$5.00,$0.52 / 100G,https://www.woolworths.com.au/shop/productdetails/62933/yoplait-forme-zero-berry-harvest-yoghurts,https://cdn0.woolworths.media/content/wowproductimages/medium/062933.jpg,2020-09-21 17:27:05,,0,,True
7f4ddc10-f1ee-4d54-8fd1-eaf8c9d5cfcc,Woolworths Supermarket,"Dairy, Eggs & Fridge",Yoplait Vanilla Yoghurts 6 pack,062968,$5.00,$0.52 / 100G,https://www.woolworths.com.au/shop/productdetails/62968/yoplait-vanilla-yoghurts,https://cdn0.woolworths.media/content/wowproductimages/medium/062968.jpg,2020-09-21 17:27:05,,0,,True
a1cd2697-fc7b-4a70-8b37-fbe595a2b596,Woolworths Supermarket,"Dairy, Eggs & Fridge",The Collective Kefir Date Cacao 150g,063029,$2.00,$1.33 / 100G,https://www.woolworths.com.au/shop/productdetails/63029/the-collective-kefir-date-cacao,https://cdn0.woolworths.media/content/wowproductimages/medium/063029.jpg,2020-09-21 17:27:05,,0,,True
d9d4748f-b9c8-47f8-b175-8f813c1e5730,Woolworths Supermarket,"Dairy, Eggs & Fridge",Primo Stacker Mild Salami 50g,063584,$4.00,$80.00 / 1KG,https://www.woolworths.com.au/shop/productdetails/63584/primo-stacker-mild-salami,https://cdn0.woolworths.media/content/wowproductimages/medium/063584.jpg,2020-09-21 17:27:05,,0,,True
6a18cef6-2fb6-42cb-aaf9-f2760a1eba72,Woolworths Supermarket,"Dairy, Eggs & Fridge",Wise Bunny Cashew Yoghurt Blueberry 600g,063693,$4.50,$0.75 / 100G,https://www.woolworths.com.au/shop/productdetails/63693/wise-bunny-cashew-yoghurt-blueberry,https://cdn0.woolworths.media/content/wowproductimages/medium/063693.jpg,2020-09-21 17:27:05,,0,,True
b8946122-a0a5-4896-b111-872452562818,Woolworths Supermarket,"Dairy, Eggs & Fridge",Brownes Wiggles Vanilla Bean Lactose Free 90g,063783,$1.45,$1.61 / 100G,https://www.woolworths.com.au/shop/productdetails/63783/brownes-wiggles-vanilla-bean-lactose-free,https://cdn0.woolworths.media/content/wowproductimages/medium/063783.jpg,2020-09-21 17:27:05,,0,10 for $10.00 $1.11/100G,True
8c7aacf4-04b7-4e00-a2d4-88bec76f0fdc,Woolworths Supermarket,"Dairy, Eggs & Fridge",Kenilworth Rich Chocolate Mousse 170g,063804,$3.60,$2.12 / 100G,https://www.woolworths.com.au/shop/productdetails/63804/kenilworth-rich-chocolate-mousse,https://cdn0.woolworths.media/content/wowproductimages/medium/063804.jpg,2020-09-21 17:27:05,,0,,True
605c99d9-31e3-4175-ac65-a85494439dbf,Woolworths Supermarket,"Dairy, Eggs & Fridge",Philadelphia Lactose Free Spreadable 130g,063807,$4.00,$30.77 / 1KG,https://www.woolworths.com.au/shop/productdetails/63807/philadelphia-lactose-free-spreadable,https://cdn0.woolworths.media/content/wowproductimages/medium/063807.jpg,2020-09-21 17:27:05,,0,,True
34029066-f90a-4999-a125-de9a108a93cd,Woolworths Supermarket,"Dairy, Eggs & Fridge",Brownes Wiggles Blueberry Pouch Lactose Free 90g,063923,$1.45,$1.61 / 100G,https://www.woolworths.com.au/shop/productdetails/63923/brownes-wiggles-blueberry-pouch-lactose-free,https://cdn0.woolworths.media/content/wowproductimages/medium/063923.jpg,2020-09-21 17:27:05,,0,10 for $10.00 $1.11/100G,True
79a7964b-ce4b-43da-b276-2da82b64390e,Woolworths Supermarket,"Dairy, Eggs & Fridge",Primo Stacker Spicy Chorizo 50g,063927,$4.00,$80.00 / 1KG,https://www.woolworths.com.au/shop/productdetails/63927/primo-stacker-spicy-chorizo,https://cdn0.woolworths.media/content/wowproductimages/medium/063927.jpg,2020-09-21 17:27:05,,0,,True
11366423-65f2-4ada-87f4-14a0083f6747,Woolworths Supermarket,"Dairy, Eggs & Fridge",Mersey Valley Smoky Bacon 80g,063928,$3.50,$43.75 / 1KG,https://www.woolworths.com.au/shop/productdetails/63928/mersey-valley-smoky-bacon,https://cdn0.woolworths.media/content/wowproductimages/medium/063928.jpg,2020-09-21 17:27:05,,0,3 for $9.00 $37.50/1KG,True
4c28542f-550b-4130-b397-c896d9b8d477,Woolworths Supermarket,"Dairy, Eggs & Fridge",Brownes Wiggles Strawberry Pouch Lactose Free 90g,064025,$1.45,$1.61 / 100G,https://www.woolworths.com.au/shop/productdetails/64025/brownes-wiggles-strawberry-pouch-lactose-free,https://cdn0.woolworths.media/content/wowproductimages/medium/064025.jpg,2020-09-21 17:27:05,,0,10 for $10.00 $1.11/100G,True
8dbedb6e-3ee9-4978-8197-ebfffb02d9f2,Woolworths Supermarket,"Dairy, Eggs & Fridge",Dairylea Cheestik Sticks 240g,064076,$5.60,$23.33 / 1KG,https://www.woolworths.com.au/shop/productdetails/64076/dairylea-cheestik-sticks,https://cdn0.woolworths.media/content/wowproductimages/medium/064076.jpg,2020-09-21 17:27:05,,0,,True
c785cf95-20f8-4c40-9b7d-a5789592e4d8,Woolworths Supermarket,"Dairy, Eggs & Fridge",Brownes Wiggles Mango Pouch Lactose Free 90g,064152,$1.45,$1.61 / 100G,https://www.woolworths.com.au/shop/productdetails/64152/brownes-wiggles-mango-pouch-lactose-free,https://cdn0.woolworths.media/content/wowproductimages/medium/064152.jpg,2020-09-21 17:27:05,,0,10 for $10.00 $1.11/100G,True
a18ef0a3-d0a7-480c-91b2-b6e1653107b7,Woolworths Supermarket,"Dairy, Eggs & Fridge",Boursin Herb & Garlic Cheese 80g,064393,$7.00,$87.50 / 1KG,https://www.woolworths.com.au/shop/productdetails/64393/boursin-herb-garlic-cheese,https://cdn0.woolworths.media/content/wowproductimages/medium/064393.jpg,2020-09-21 17:27:05,,0,,True
d6f3feef-412e-4812-9909-4fefa66d5f6c,Woolworths Supermarket,"Dairy, Eggs & Fridge",Australia's Own Barista Almond 1l,064810,$4.50,$4.50 / 1L,https://www.woolworths.com.au/shop/productdetails/64810/australia-s-own-barista-almond,https://cdn0.woolworths.media/content/wowproductimages/medium/064810.jpg,2020-09-21 17:27:05,,0,,True
fbb8df7a-6201-4809-87ad-a66b45fb6e32,Woolworths Supermarket,"Dairy, Eggs & Fridge",Tofurky Tofurky Italian Sausages 250g,065225,$6.50,$26.00 / 1KG,https://www.woolworths.com.au/shop/productdetails/65225/tofurky-tofurky-italian-sausages,https://cdn0.woolworths.media/content/wowproductimages/medium/065225.jpg,2020-09-21 17:27:05,,0,,True
3fe0cf9d-5f78-4fe2-8d2c-ee26af2e6537,Woolworths Supermarket,"Dairy, Eggs & Fridge",Naturli 100% Plant-based Minced 400g,065227,$9.00,$22.50 / 1KG,https://www.woolworths.com.au/shop/productdetails/65227/naturli-100-plant-based-minced,https://cdn0.woolworths.media/content/wowproductimages/medium/065227.jpg,2020-09-21 17:27:05,,0,,True
5baef18b-da4d-49ae-8d65-337026b27c04,Woolworths Supermarket,"Dairy, Eggs & Fridge",Wildly Good Smoky Cauliflower Burger 250g,065246,$5.00,$20.00 / 1KG,https://www.woolworths.com.au/shop/productdetails/65246/wildly-good-smoky-cauliflower-burger,https://cdn0.woolworths.media/content/wowproductimages/medium/065246.jpg,2020-09-21 17:27:05,,0,,True
85d3e85d-8806-405f-8a70-9f29226302e9,Woolworths Supermarket,"Dairy, Eggs & Fridge",Unreal Co. Plant Based Chick'n Chives Sausages 350g,065254,$7.00,$20.00 / 1KG,https://www.woolworths.com.au/shop/productdetails/65254/unreal-co-plant-based-chick-n-chives-sausages,https://cdn0.woolworths.media/content/wowproductimages/medium/065254.jpg,2020-09-21 17:27:05,,0,,True
41a0611e-7d5a-4e2f-ae84-53d2055ecb74,Woolworths Supermarket,"Dairy, Eggs & Fridge",Unreal Co. Plant Based Beefy Brat Sausages 350g,065255,$7.00,$20.00 / 1KG,https://www.woolworths.com.au/shop/productdetails/65255/unreal-co-plant-based-beefy-brat-sausages,https://cdn0.woolworths.media/content/wowproductimages/medium/065255.jpg,2020-09-21 17:27:05,,0,,True
94104069-1939-4a13-ac98-a7755f3e1c0d,Woolworths Supermarket,"Dairy, Eggs & Fridge",Mainland Otg Colby Artisan Cheese & Crackers 38g,065886,$2.50,$65.79 / 1KG,https://www.woolworths.com.au/shop/productdetails/65886/mainland-otg-colby-artisan-cheese-crackers,https://cdn0.woolworths.media/content/wowproductimages/medium/065886.jpg,2020-09-21 17:27:05,,0,Was $3.00 03/06/2019,True
b8c55e4e-f57f-49df-805e-68c490abe376,Woolworths Supermarket,"Dairy, Eggs & Fridge",Woolworths Drought Relief Full Cream Milk 3l,807384,$3.59,$1.20 / 1L,https://www.woolworths.com.au/shop/productdetails/807384/woolworths-drought-relief-full-cream-milk,https://cdn0.woolworths.media/content/wowproductimages/medium/807384.jpg,2020-09-21 17:27:05,,0,,True
865525d4-dd67-40fe-b671-051e999aa86a,Woolworths Supermarket,"Dairy, Eggs & Fridge",Almond Breeze Unsweetened Almond Milk 1l,761604,$2.50,$2.50 / 1L,https://www.woolworths.com.au/shop/productdetails/761604/almond-breeze-unsweetened-almond-milk,https://cdn0.woolworths.media/content/wowproductimages/medium/761604.jpg,2020-09-21 17:27:05,,0,Was $3.25 13/03/2017,True
4b1d28f3-73f2-4460-9ae7-bae26c2c390c,Woolworths Supermarket,"Dairy, Eggs & Fridge",Flora Proactiv Margarine Buttery 750g,763453,$10.00,$1.33 / 100G,https://www.woolworths.com.au/shop/productdetails/763453/flora-proactiv-margarine-buttery,https://cdn0.woolworths.media/content/wowproductimages/medium/763453.jpg,2020-09-21 17:27:05,,0,,True
e6bd756a-8090-421e-8cef-e0d63003b1f4,Woolworths Supermarket,"Dairy, Eggs & Fridge",A2 Full Cream Milk 2l,208064,$5.30,$2.65 / 1L,https://www.woolworths.com.au/shop/productdetails/208064/a2-full-cream-milk,https://cdn0.woolworths.media/content/wowproductimages/medium/208064.jpg,2020-09-21 17:27:05,,0,,True
81048699-5bf5-4ef1-81da-e6bd3170522a,Woolworths Supermarket,"Dairy, Eggs & Fridge",Hillview Tasty Shredded Cheese 700g,491820,$6.60,$9.43 / 1KG,https://www.woolworths.com.au/shop/productdetails/491820/hillview-tasty-shredded-cheese,https://cdn0.woolworths.media/content/wowproductimages/medium/491820.jpg,2020-09-21 17:27:05,Average product rating out of 5: 4.5. Product score is based on 48 ratings,48,,True
3de6a112-62d4-41ab-a64e-3f5e994f8330,Woolworths Supermarket,"Dairy, Eggs & Fridge",Woolworths Tasty Shredded Cheese 500g,729026,$6.00,$12.00 / 1KG,https://www.woolworths.com.au/shop/productdetails/729026/woolworths-tasty-shredded-cheese,https://cdn0.woolworths.media/content/wowproductimages/medium/729026.jpg,2020-09-21 17:27:05,Average product rating out of 5: 4.6. Product score is based on 500 ratings,500,,True
cdb15433-9fa3-4ed3-8f5e-cc54e0fc55aa,Woolworths Supermarket,"Dairy, Eggs & Fridge",Coon Cheese Slices Tasty 750g,187899,$10.00,$13.33 / 1KG,https://www.woolworths.com.au/shop/productdetails/187899/coon-cheese-slices-tasty,https://cdn0.woolworths.media/content/wowproductimages/medium/187899.jpg,2020-09-21 17:27:05,,0,Was $12.00 07/07/2020,True
297f556b-8887-406a-b7b5-66dd3a780cdd,Woolworths Supermarket,"Dairy, Eggs & Fridge",Hillview Cheese Block 1kg,500187,$8.00,$8.00 / 1KG,https://www.woolworths.com.au/shop/productdetails/500187/hillview-cheese-block,https://cdn0.woolworths.media/content/wowproductimages/medium/500187.jpg,2020-09-21 17:27:05,Average product rating out of 5: 4.5. Product score is based on 66 ratings,66,,True
32febfaa-a6d3-4104-a973-54d361ee9549,Woolworths Supermarket,"Dairy, Eggs & Fridge",Woolworths Single Leaf Baby Spinach 280g,524336,$5.00,$17.86 / 1KG,https://www.woolworths.com.au/shop/productdetails/524336/woolworths-single-leaf-baby-spinach,https://cdn0.woolworths.media/content/wowproductimages/medium/524336.jpg,2020-09-21 17:27:05,Average product rating out of 5: 4.8. Product score is based on 532 ratings,532,,True
785e9dfc-8943-4d4a-b8bb-c7c100cbdadc,Woolworths Supermarket,"Dairy, Eggs & Fridge",Woolworths Thickened Cream 600ml,048720,$3.00,$0.50 / 100ML,https://www.woolworths.com.au/shop/productdetails/48720/woolworths-thickened-cream,https://cdn0.woolworths.media/content/wowproductimages/medium/048720.jpg,2020-09-21 17:27:05,Average product rating out of 5: 4.8. Product score is based on 740 ratings,740,,True
d9227d95-f886-456f-bf2d-b3b376af28a5,Woolworths Supermarket,"Dairy, Eggs & Fridge",Woolworths Drought Relief Lite Milk 2l,807385,$2.39,$1.20 / 1L,https://www.woolworths.com.au/shop/productdetails/807385/woolworths-drought-relief-lite-milk,https://cdn0.woolworths.media/content/wowproductimages/medium/807385.jpg,2020-09-21 17:27:05,,0,,True
2938f975-657d-4e04-bd3b-a8b5d3cf45bd,Woolworths Supermarket,"Dairy, Eggs & Fridge",Just 4 You 12 Extra Large Caged Eggs 700g,893974,$3.50,$0.50 / 100G,https://www.woolworths.com.au/shop/productdetails/893974/just-4-you-12-extra-large-caged-eggs,https://cdn0.woolworths.media/content/wowproductimages/medium/893974.jpg,2020-09-21 17:27:05,,0,,True
084abfbd-a77e-47c0-9150-41854458cd3a,Woolworths Supermarket,"Dairy, Eggs & Fridge",Woolworths Drought Relief Lite Milk 3l,807386,$3.59,$1.20 / 1L,https://www.woolworths.com.au/shop/productdetails/807386/woolworths-drought-relief-lite-milk,https://cdn0.woolworths.media/content/wowproductimages/medium/807386.jpg,2020-09-21 17:27:05,,0,,True
94144dab-d606-456a-9b4d-346045444003,Woolworths Supermarket,"Dairy, Eggs & Fridge",Woolworths Mozzarella Shredded Cheese 500g,728983,$6.00,$12.00 / 1KG,https://www.woolworths.com.au/shop/productdetails/728983/woolworths-mozzarella-shredded-cheese,https://cdn0.woolworths.media/content/wowproductimages/medium/728983.jpg,2020-09-21 17:27:05,Average product rating out of 5: 4.5. Product score is based on 469 ratings,469,,True
24c80ffe-7f81-4cf2-ba25-b57203982c88,Woolworths Supermarket,"Dairy, Eggs & Fridge",Western Star Original Spreadable 500g,069756,$6.00,$1.20 / 100G,https://www.woolworths.com.au/shop/productdetails/69756/western-star-original-spreadable,https://cdn0.woolworths.media/content/wowproductimages/medium/069756.jpg,2020-09-21 17:27:05,,0,,True
2bc0c1cc-bc2f-4e58-8704-df75b41f7fa6,Woolworths Supermarket,"Dairy, Eggs & Fridge",Woolworths Drought Relief Full Cream Milk 2l,807383,$2.39,$1.20 / 1L,https://www.woolworths.com.au/shop/productdetails/807383/woolworths-drought-relief-full-cream-milk,https://cdn0.woolworths.media/content/wowproductimages/medium/807383.jpg,2020-09-21 17:27:05,Average product rating out of 5: 4.7. Product score is based on 385 ratings,385,,True
8a8919dc-f090-413e-8355-8695b1c35008,Woolworths Supermarket,"Dairy, Eggs & Fridge",Woolworths Baby Leaf Spinach 120g,524322,$3.00,$25.00 / 1KG,https://www.woolworths.com.au/shop/productdetails/524322/woolworths-baby-leaf-spinach,https://cdn0.woolworths.media/content/wowproductimages/medium/524322.jpg,2020-09-21 17:27:05,Average product rating out of 5: 4.7. Product score is based on 2842 ratings,2842,,True
83e03596-5225-45f9-b092-65549b6fd6bd,Woolworths Supermarket,"Dairy, Eggs & Fridge",Woolworths Baby Spinach Salad Bag 60g,379515,$2.00,$33.33 / 1KG,https://www.woolworths.com.au/shop/productdetails/379515/woolworths-baby-spinach-salad-bag,https://cdn0.woolworths.media/content/wowproductimages/medium/379515.jpg,2020-09-21 17:27:05,Average product rating out of 5: 4.7. Product score is based on 725 ratings,725,,True
2c57ab15-dcd4-45d3-8252-3b4fa17ef6c3,Woolworths Supermarket,"Dairy, Eggs & Fridge",Woolworths Uht Full Cream Milk 1l,748595,$1.25,$1.25 / 1L,https://www.woolworths.com.au/shop/productdetails/748595/woolworths-uht-full-cream-milk,https://cdn0.woolworths.media/content/wowproductimages/medium/748595.jpg,2020-09-21 17:27:05,Average product rating out of 5: 4.9. Product score is based on 36 ratings,36,,True
601a9854-e936-4bb4-b6d1-f6a057b8653c,Woolworths Supermarket,"Dairy, Eggs & Fridge",A2 Light Milk 2l,208066,$5.30,$2.65 / 1L,https://www.woolworths.com.au/shop/productdetails/208066/a2-light-milk,https://cdn0.woolworths.media/content/wowproductimages/medium/208066.jpg,2020-09-21 17:27:05,,0,,True
a34b91f1-751d-4ea9-b6eb-a10e7e0869ef,Woolworths Supermarket,"Dairy, Eggs & Fridge",Primo Stacker Leg Ham 50g,065887,$4.00,$80.00 / 1KG,https://www.woolworths.com.au/shop/productdetails/65887/primo-stacker-leg-ham,https://cdn0.woolworths.media/content/wowproductimages/medium/065887.jpg,2020-09-21 17:27:05,,0,,True
77375959-0337-4643-9cd1-ec18bb4178d9,Woolworths Supermarket,"Dairy, Eggs & Fridge",Dare White Chocolate Mocha 750ml,066042,$4.10,$5.47 / 1L,https://www.woolworths.com.au/shop/productdetails/66042/dare-white-chocolate-mocha,https://cdn0.woolworths.media/content/wowproductimages/medium/066042.jpg,2020-09-21 17:27:05,,0,3 for $10.50 $4.67/1L,True
70371149-bd83-4b37-8e59-9366254711fd,Woolworths Supermarket,"Dairy, Eggs & Fridge",Almond Breeze Blue Diamond Unsweetened Almond Milk 2l,066069,$4.50,$2.25 / 1L,https://www.woolworths.com.au/shop/productdetails/66069/almond-breeze-blue-diamond-unsweetened-almond-milk,https://cdn0.woolworths.media/content/wowproductimages/medium/066069.jpg,2020-09-21 17:27:05,,0,,True
16d07bf1-4960-4017-ad03-259a7ad2bc5d,Woolworths Supermarket,"Dairy, Eggs & Fridge",Australia's Own Organic Almond Unsweetened 2l,066071,$5.00,$2.50 / 1L,https://www.woolworths.com.au/shop/productdetails/66071/australia-s-own-organic-almond-unsweetened,https://cdn0.woolworths.media/content/wowproductimages/medium/066071.jpg,2020-09-21 17:27:05,,0,,True
fb96a02b-9dac-4d83-b81c-13e414bf8a78,Woolworths Supermarket,"Dairy, Eggs & Fridge",Oak Mini Shake Chocolate 250ml,066243,$2.00,$8.00 / 1L,https://www.woolworths.com.au/shop/productdetails/66243/oak-mini-shake-chocolate,https://cdn0.woolworths.media/content/wowproductimages/medium/066243.jpg,2020-09-21 17:27:05,,0,,True
5b38167e-d23c-448a-a913-e766202ae647,Woolworths Supermarket,"Dairy, Eggs & Fridge",Oak Mini Shake Strawberry 250ml,066291,$2.00,$8.00 / 1L,https://www.woolworths.com.au/shop/productdetails/66291/oak-mini-shake-strawberry,https://cdn0.woolworths.media/content/wowproductimages/medium/066291.jpg,2020-09-21 17:27:05,,0,,True
3639ff49-7148-4598-a8e1-d14a86970a41,Woolworths Supermarket,"Dairy, Eggs & Fridge",Chris' Dips Sweet Potato & Cashew 200g,066302,$3.50,$1.75 / 100G,https://www.woolworths.com.au/shop/productdetails/66302/chris-dips-sweet-potato-cashew,https://cdn0.woolworths.media/content/wowproductimages/medium/066302.jpg,2020-09-21 17:27:05,,0,2 for $6.00 $1.50/100G,True
5ee4a513-d52d-4511-af02-5b5516ddd15e,Woolworths Supermarket,"Dairy, Eggs & Fridge",Chris' Dips Sundried Tomato 200g,066303,$3.50,$1.75 / 100G,https://www.woolworths.com.au/shop/productdetails/66303/chris-dips-sundried-tomato,https://cdn0.woolworths.media/content/wowproductimages/medium/066303.jpg,2020-09-21 17:27:05,,0,2 for $6.00 $1.50/100G,True
e8c7e555-ddd6-4a61-a0c8-f0f15f8c3680,Woolworths Supermarket,"Dairy, Eggs & Fridge",Yakult Probiotic Drink 5x65ml,066313,$4.00,$12.31 / 1L,https://www.woolworths.com.au/shop/productdetails/66313/yakult-probiotic-drink,https://cdn0.woolworths.media/content/wowproductimages/medium/066313.jpg,2020-09-21 17:27:05,,0,,True
d69ebdfd-38b3-426b-85df-a5d35b25baa0,Woolworths Supermarket,"Dairy, Eggs & Fridge",Foster Clark's Custard Vanilla 1l,066394,$4.00,$0.40 / 100ML,https://www.woolworths.com.au/shop/productdetails/66394/foster-clark-s-custard-vanilla,https://cdn0.woolworths.media/content/wowproductimages/medium/066394.jpg,2020-09-21 17:27:05,,0,,True
a18b02e8-88d7-4261-9440-3fbc48868af9,Woolworths Supermarket,"Dairy, Eggs & Fridge",Philadelphia Lactose Free Cream Cheese Block 250g,066992,$4.70,$18.80 / 1KG,https://www.woolworths.com.au/shop/productdetails/66992/philadelphia-lactose-free-cream-cheese-block,https://cdn0.woolworths.media/content/wowproductimages/medium/066992.jpg,2020-09-21 17:27:05,,0,,True
b7ff1d4e-25bd-4610-9e02-428c405304ec,Woolworths Supermarket,"Dairy, Eggs & Fridge",Mainland Otg Extra Tasty Artisan Cheese & Crackers 38g,067142,$2.50,$65.79 / 1KG,https://www.woolworths.com.au/shop/productdetails/67142/mainland-otg-extra-tasty-artisan-cheese-crackers,https://cdn0.woolworths.media/content/wowproductimages/medium/067142.jpg,2020-09-21 17:27:05,,0,Was $3.00 03/06/2019,True
f298a669-f4f0-4918-87ab-58f7a6614eb0,Woolworths Supermarket,"Dairy, Eggs & Fridge",Easiyo Natural Unsweetened Yogurt Base 140g,067192,$4.20,$3.00 / 100G,https://www.woolworths.com.au/shop/productdetails/67192/easiyo-natural-unsweetened-yogurt-base,https://cdn0.woolworths.media/content/wowproductimages/medium/067192.jpg,2020-09-21 17:27:05,,0,,True
9f942175-c9e6-4eea-9b55-2d49998fcf59,Woolworths Supermarket,"Dairy, Eggs & Fridge",Mainland Otg Tasty Artisan Cheese & Crackers 38g,067242,$2.50,$65.79 / 1KG,https://www.woolworths.com.au/shop/productdetails/67242/mainland-otg-tasty-artisan-cheese-crackers,https://cdn0.woolworths.media/content/wowproductimages/medium/067242.jpg,2020-09-21 17:27:05,,0,Was $3.00 03/06/2019,True
bfee2405-b985-4f02-a8fa-dc18f73011b5,Woolworths Supermarket,"Dairy, Eggs & Fridge",King Island Dairy Victoria Cove Smoked Camembert 200g,067278,$12.60,$63.00 / 1KG,https://www.woolworths.com.au/shop/productdetails/67278/king-island-dairy-victoria-cove-smoked-camembert,https://cdn0.woolworths.media/content/wowproductimages/medium/067278.jpg,2020-09-21 17:27:05,,0,,True
82daf56d-4817-404c-852f-6b813f3b8fed,Woolworths Supermarket,"Dairy, Eggs & Fridge",Obela Restaurant Style Hommus 350g,067303,$6.00,$1.71 / 100G,https://www.woolworths.com.au/shop/productdetails/67303/obela-restaurant-style-hommus,https://cdn0.woolworths.media/content/wowproductimages/medium/067303.jpg,2020-09-21 17:27:05,,0,,True
5d4fcd2c-7fb6-41a5-b72a-377718bde76f,Woolworths Supermarket,"Dairy, Eggs & Fridge",Easiyo Yogurt Base Maker Maker each,067373,$22.00,,https://www.woolworths.com.au/shop/productdetails/67373/easiyo-yogurt-base-maker-maker,https://cdn0.woolworths.media/content/wowproductimages/medium/067373.jpg,2020-09-21 17:27:05,,0,,True
a6a63b29-1e28-4341-9686-ca7cee4ba6ff,Woolworths Supermarket,"Dairy, Eggs & Fridge",Flora Pro-activ Spread Original 250g,067594,$4.50,$1.80 / 100G,https://www.woolworths.com.au/shop/productdetails/67594/flora-pro-activ-spread-original,https://cdn0.woolworths.media/content/wowproductimages/medium/067594.jpg,2020-09-21 17:27:05,,0,Was $5.50 27/03/2017,True
495d39d6-5187-4c9f-8db5-d6938cd2b10e,Woolworths Supermarket,"Dairy, Eggs & Fridge",Obela Deli Style Parmesan Basil Pesto & Cashews 200g,067792,$5.00,$2.50 / 100G,https://www.woolworths.com.au/shop/productdetails/67792/obela-deli-style-parmesan-basil-pesto-cashews,https://cdn0.woolworths.media/content/wowproductimages/medium/067792.jpg,2020-09-21 17:27:05,,0,,True
5922953b-d8b2-4cfa-9dad-621e89b6113a,Woolworths Supermarket,"Dairy, Eggs & Fridge",Obela Deli Style Pecorino Roast Capsicum & Cashews 200g,067853,$5.00,$2.50 / 100G,https://www.woolworths.com.au/shop/productdetails/67853/obela-deli-style-pecorino-roast-capsicum-cashews,https://cdn0.woolworths.media/content/wowproductimages/medium/067853.jpg,2020-09-21 17:27:05,,0,,True
3cbe9e3f-9aea-4cf5-a3ef-16fd5da50d13,Woolworths Supermarket,"Dairy, Eggs & Fridge",Chris' Plant Based Corn Relish 200g,068230,$4.00,$2.00 / 100G,https://www.woolworths.com.au/shop/productdetails/68230/chris-plant-based-corn-relish,https://cdn0.woolworths.media/content/wowproductimages/medium/068230.jpg,2020-09-21 17:27:05,,0,,True
2b3a6012-4aa5-4786-87a6-5268e40f9829,Woolworths Supermarket,"Dairy, Eggs & Fridge",Chris' Plant Based Spring Onion 200g,068238,$4.00,$2.00 / 100G,https://www.woolworths.com.au/shop/productdetails/68238/chris-plant-based-spring-onion,https://cdn0.woolworths.media/content/wowproductimages/medium/068238.jpg,2020-09-21 17:27:05,,0,,True
ffdcf1ee-e514-45db-8ee2-98e81c7812e6,Woolworths Supermarket,"Dairy, Eggs & Fridge",Oak Iced Coffee 600ml,068971,$2.75,$4.58 / 1L,https://www.woolworths.com.au/shop/productdetails/68971/oak-iced-coffee,https://cdn0.woolworths.media/content/wowproductimages/medium/068971.jpg,2020-09-21 17:27:05,,0,,True
462d74c5-3ebd-4d5b-aa47-293aff615db0,Woolworths Supermarket,"Dairy, Eggs & Fridge",Woolworths Australian Butter Unsalted 250g,068977,$3.25,$1.30 / 100G,https://www.woolworths.com.au/shop/productdetails/68977/woolworths-australian-butter-unsalted,https://cdn0.woolworths.media/content/wowproductimages/medium/068977.jpg,2020-09-21 17:27:05,,0,,True
3d231e39-dcb2-4429-b422-f7efe5a68d4e,Woolworths Supermarket,"Dairy, Eggs & Fridge",Perfect Italiano Shaved Parmesan 125g,360904,$3.25,$26.00 / 1KG,https://www.woolworths.com.au/shop/productdetails/360904/perfect-italiano-shaved-parmesan,https://cdn0.woolworths.media/content/wowproductimages/medium/360904.jpg,2020-09-21 17:27:05,,0,,True
ab7acf9e-c83f-46ee-a44a-5ce1694746f3,Woolworths Supermarket,"Dairy, Eggs & Fridge",Woolworths Drought Relief Full Cream Milk 2l,807383,$2.39,$1.20 / 1L,https://www.woolworths.com.au/shop/productdetails/807383/woolworths-drought-relief-full-cream-milk,https://cdn0.woolworths.media/content/wowproductimages/medium/807383.jpg,2020-09-21 17:27:05,Average product rating out of 5: 4.7. Product score is based on 385 ratings,385,,True
3e739721-da26-4f9f-a68d-ef2cdc1c4946,Woolworths Supermarket,"Dairy, Eggs & Fridge",Woolworths Thickened Cream 300ml,044317,$1.90,$0.63 / 100ML,https://www.woolworths.com.au/shop/productdetails/44317/woolworths-thickened-cream,https://cdn0.woolworths.media/content/wowproductimages/medium/044317.jpg,2020-09-21 17:27:05,Average product rating out of 5: 4.9. Product score is based on 629 ratings,629,,True
565ad647-0eb4-403a-a128-bb9c4c11e68c,Woolworths Supermarket,"Dairy, Eggs & Fridge",Woolworths Drought Relief Lite Milk 3l,807386,$3.59,$1.20 / 1L,https://www.woolworths.com.au/shop/productdetails/807386/woolworths-drought-relief-lite-milk,https://cdn0.woolworths.media/content/wowproductimages/medium/807386.jpg,2020-09-21 17:27:05,,0,,True
efbf6ae6-9f9e-42c9-89a6-bfdde5082724,Woolworths Supermarket,"Dairy, Eggs & Fridge",Woolworths Single Leaf Baby Spinach 280g,524336,$5.00,$17.86 / 1KG,https://www.woolworths.com.au/shop/productdetails/524336/woolworths-single-leaf-baby-spinach,https://cdn0.woolworths.media/content/wowproductimages/medium/524336.jpg,2020-09-21 17:27:05,Average product rating out of 5: 4.8. Product score is based on 532 ratings,532,,True
0fac8f85-fb3d-42d3-8320-4d423a3a8f08,Woolworths Supermarket,"Dairy, Eggs & Fridge",Woolworths Thickened Cream 600ml,048720,$3.00,$0.50 / 100ML,https://www.woolworths.com.au/shop/productdetails/48720/woolworths-thickened-cream,https://cdn0.woolworths.media/content/wowproductimages/medium/048720.jpg,2020-09-21 17:27:05,Average product rating out of 5: 4.8. Product score is based on 740 ratings,740,,True
a411872e-5360-46fb-9238-9f6d44af4b8c,Woolworths Supermarket,"Dairy, Eggs & Fridge",Woolworths Drought Relief Full Cream Milk 3l,807384,$3.59,$1.20 / 1L,https://www.woolworths.com.au/shop/productdetails/807384/woolworths-drought-relief-full-cream-milk,https://cdn0.woolworths.media/content/wowproductimages/medium/807384.jpg,2020-09-21 17:27:05,,0,,True
ee3b3857-91f8-4a26-9fa8-67f6fb144c78,Woolworths Supermarket,"Dairy, Eggs & Fridge",Woolworths Sour Cream 300ml,105609,$2.10,$0.70 / 100ML,https://www.woolworths.com.au/shop/productdetails/105609/woolworths-sour-cream,https://cdn0.woolworths.media/content/wowproductimages/medium/105609.jpg,2020-09-21 17:27:05,Average product rating out of 5: 4.5. Product score is based on 1353 ratings,1353,,True
1ebf3196-4e49-4b10-ab8d-207a558c8319,Woolworths Supermarket,"Dairy, Eggs & Fridge",Hillview Cheese Block 1kg,500187,$8.00,$8.00 / 1KG,https://www.woolworths.com.au/shop/productdetails/500187/hillview-cheese-block,https://cdn0.woolworths.media/content/wowproductimages/medium/500187.jpg,2020-09-21 17:27:05,Average product rating out of 5: 4.5. Product score is based on 66 ratings,66,,True
9f5e05e6-8618-4303-8173-70f3f1b80a1d,Woolworths Supermarket,"Dairy, Eggs & Fridge",Almond Breeze Unsweetened Almond Milk 1l,761604,$2.50,$2.50 / 1L,https://www.woolworths.com.au/shop/productdetails/761604/almond-breeze-unsweetened-almond-milk,https://cdn0.woolworths.media/content/wowproductimages/medium/761604.jpg,2020-09-21 17:27:05,,0,Was $3.25 13/03/2017,True
932c555e-d1c3-417f-815d-ef9bc72f11be,Woolworths Supermarket,"Dairy, Eggs & Fridge",Western Star Original Spreadable 500g,069756,$6.00,$1.20 / 100G,https://www.woolworths.com.au/shop/productdetails/69756/western-star-original-spreadable,https://cdn0.woolworths.media/content/wowproductimages/medium/069756.jpg,2020-09-21 17:27:05,,0,,True
6548fd7b-06cd-49bd-9c8d-87c2dd1131d3,Woolworths Supermarket,"Dairy, Eggs & Fridge",Woolworths Drought Relief Lite Milk 2l,807385,$2.39,$1.20 / 1L,https://www.woolworths.com.au/shop/productdetails/807385/woolworths-drought-relief-lite-milk,https://cdn0.woolworths.media/content/wowproductimages/medium/807385.jpg,2020-09-21 17:27:05,,0,,True
21116274-3301-4efd-9052-3737cb67ea36,Woolworths Supermarket,"Dairy, Eggs & Fridge",Hillview Tasty Shredded Cheese 700g,491820,$6.60,$9.43 / 1KG,https://www.woolworths.com.au/shop/productdetails/491820/hillview-tasty-shredded-cheese,https://cdn0.woolworths.media/content/wowproductimages/medium/491820.jpg,2020-09-21 17:27:05,Average product rating out of 5: 4.5. Product score is based on 48 ratings,48,,True
9942d792-cde8-4829-a6f9-066605e329ff,Woolworths Supermarket,"Dairy, Eggs & Fridge",Woolworths Uht Full Cream Milk 1l,748595,$1.25,$1.25 / 1L,https://www.woolworths.com.au/shop/productdetails/748595/woolworths-uht-full-cream-milk,https://cdn0.woolworths.media/content/wowproductimages/medium/748595.jpg,2020-09-21 17:27:05,Average product rating out of 5: 4.9. Product score is based on 36 ratings,36,,True
eb6e7837-86b3-44f4-beb2-05e369745071,Woolworths Supermarket,"Dairy, Eggs & Fridge",Woolworths Baby Spinach Salad Bag 60g,379515,$2.00,$33.33 / 1KG,https://www.woolworths.com.au/shop/productdetails/379515/woolworths-baby-spinach-salad-bag,https://cdn0.woolworths.media/content/wowproductimages/medium/379515.jpg,2020-09-21 17:27:05,Average product rating out of 5: 4.7. Product score is based on 725 ratings,725,,True
b1ac6a1a-b2a7-47ff-839d-d7651b2457c5,Woolworths Supermarket,"Dairy, Eggs & Fridge",Woolworths Tasty Shredded Cheese 500g,729026,$6.00,$12.00 / 1KG,https://www.woolworths.com.au/shop/productdetails/729026/woolworths-tasty-shredded-cheese,https://cdn0.woolworths.media/content/wowproductimages/medium/729026.jpg,2020-09-21 17:27:05,Average product rating out of 5: 4.6. Product score is based on 500 ratings,500,,True
a67c7a41-9759-4ca7-97ab-0a17516cff37,Woolworths Supermarket,"Dairy, Eggs & Fridge",Woolworths Mozzarella Shredded Cheese 500g,728983,$6.00,$12.00 / 1KG,https://www.woolworths.com.au/shop/productdetails/728983/woolworths-mozzarella-shredded-cheese,https://cdn0.woolworths.media/content/wowproductimages/medium/728983.jpg,2020-09-21 17:27:05,Average product rating out of 5: 4.5. Product score is based on 469 ratings,469,,True
188555d5-d7cf-45da-b780-f6807be5770d,Woolworths Supermarket,"Dairy, Eggs & Fridge",Woolworths Baby Leaf Spinach 120g,524322,$3.00,$25.00 / 1KG,https://www.woolworths.com.au/shop/productdetails/524322/woolworths-baby-leaf-spinach,https://cdn0.woolworths.media/content/wowproductimages/medium/524322.jpg,2020-09-21 17:27:05,Average product rating out of 5: 4.7. Product score is based on 2842 ratings,2842,,True
8b217d9e-1750-494a-b550-c6bca17cdcca,Woolworths Supermarket,"Dairy, Eggs & Fridge",Just 4 You 12 Extra Large Caged Eggs 700g,893974,$3.50,$0.50 / 100G,https://www.woolworths.com.au/shop/productdetails/893974/just-4-you-12-extra-large-caged-eggs,https://cdn0.woolworths.media/content/wowproductimages/medium/893974.jpg,2020-09-21 17:27:05,,0,,True
c1cff857-8c1f-4505-bf49-356a5316f5a6,Woolworths Supermarket,"Dairy, Eggs & Fridge",Perfect Italiano Extra Sharp Grated Parmesan 125g,302306,$3.25,$26.00 / 1KG,https://www.woolworths.com.au/shop/productdetails/302306/perfect-italiano-extra-sharp-grated-parmesan,https://cdn0.woolworths.media/content/wowproductimages/medium/302306.jpg,2020-09-21 17:27:05,,0,,True
99be50bd-5fdf-4812-a17c-d2432a22696d,Woolworths Supermarket,"Dairy, Eggs & Fridge",Woolworths Australian Butter Salted 250g,068978,$3.25,$1.30 / 100G,https://www.woolworths.com.au/shop/productdetails/68978/woolworths-australian-butter-salted,https://cdn0.woolworths.media/content/wowproductimages/medium/068978.jpg,2020-09-21 17:27:05,,0,,True
0829d043-3d31-4955-8df1-69549c8dce7e,Woolworths Supermarket,"Dairy, Eggs & Fridge",Bega Tasty Natural Cheese Slices 15 pack 250g,069369,$6.00,$24.00 / 1KG,https://www.woolworths.com.au/shop/productdetails/69369/bega-tasty-natural-cheese-slices,https://cdn0.woolworths.media/content/wowproductimages/medium/069369.jpg,2020-09-21 17:27:05,,0,,True
5e396688-0738-4691-8821-552291e295fc,Woolworths Supermarket,"Dairy, Eggs & Fridge",Western Star Original Spreadable 500g,069756,$6.00,$1.20 / 100G,https://www.woolworths.com.au/shop/productdetails/69756/western-star-original-spreadable,https://cdn0.woolworths.media/content/wowproductimages/medium/069756.jpg,2020-09-21 17:27:05,,0,,True
a888b62e-5756-45d3-9f8b-c01637208052,Woolworths Supermarket,"Dairy, Eggs & Fridge",Western Star Soft 'n' Less Salt Spreadable 500g,069759,$6.00,$1.20 / 100G,https://www.woolworths.com.au/shop/productdetails/69759/western-star-soft-n-less-salt-spreadable,https://cdn0.woolworths.media/content/wowproductimages/medium/069759.jpg,2020-09-21 17:27:05,,0,,True
d96a2428-e94c-4b72-b241-86fc9f5e1839,Woolworths Supermarket,"Dairy, Eggs & Fridge",Tablelands Buttery Spread 1kg,071615,$4.40,$0.44 / 100G,https://www.woolworths.com.au/shop/productdetails/71615/tablelands-buttery-spread,https://cdn0.woolworths.media/content/wowproductimages/medium/071615.jpg,2020-09-21 17:27:05,,0,,True
d20f92f1-255e-4f31-9342-7580ceba000f,Woolworths Supermarket,"Dairy, Eggs & Fridge",Philadelphia Cream Cheese Block Twin 500g,072546,$8.50,$17.00 / 1KG,https://www.woolworths.com.au/shop/productdetails/72546/philadelphia-cream-cheese-block-twin,https://cdn0.woolworths.media/content/wowproductimages/medium/072546.jpg,2020-09-21 17:27:05,,0,,True
30b0773e-8dd2-4f2e-87e2-74eacdbd1cf7,Woolworths Supermarket,"Dairy, Eggs & Fridge",Vaalia Low Fat Passionfruit Yoghurt 4x150g,075073,$4.30,$0.72 / 100G,https://www.woolworths.com.au/shop/productdetails/75073/vaalia-low-fat-passionfruit-yoghurt,https://cdn0.woolworths.media/content/wowproductimages/medium/075073.jpg,2020-09-21 17:27:05,,0,,True
dc34c38a-8354-4ce9-8ab7-e9859bac6c86,Woolworths Supermarket,"Dairy, Eggs & Fridge",Devondale Salted Butter 250g,075645,$3.20,$1.28 / 100G,https://www.woolworths.com.au/shop/productdetails/75645/devondale-salted-butter,https://cdn0.woolworths.media/content/wowproductimages/medium/075645.jpg,2020-09-21 17:27:05,,0,,True
cacbe808-3215-4a51-8626-7d61311b17e5,Woolworths Supermarket,"Dairy, Eggs & Fridge",Coon Cheese Slices Tasty 250g,076665,$6.00,$24.00 / 1KG,https://www.woolworths.com.au/shop/productdetails/76665/coon-cheese-slices-tasty,https://cdn0.woolworths.media/content/wowproductimages/medium/076665.jpg,2020-09-21 17:27:05,,0,,True
652a6c32-3eb8-4eaa-91c7-c963bc99f1c7,Woolworths Supermarket,"Dairy, Eggs & Fridge",Guzzi's Golden Pasta Gnocchi Potato 500g,077075,$4.50,$0.90 / 100G,https://www.woolworths.com.au/shop/productdetails/77075/guzzi-s-golden-pasta-gnocchi-potato,https://cdn0.woolworths.media/content/wowproductimages/medium/077075.jpg,2020-09-21 17:27:05,,0,Was $5.00 03/03/2020,True
5582c670-bd0e-40a8-a1aa-820b8e4362f2,Woolworths Supermarket,"Dairy, Eggs & Fridge",Sunny Queen 12 Extra Large Free Range Eggs 700g,077170,$6.00,$0.86 / 100G,https://www.woolworths.com.au/shop/productdetails/77170/sunny-queen-12-extra-large-free-range-eggs,https://cdn0.woolworths.media/content/wowproductimages/medium/077170.jpg,2020-09-21 17:27:05,,0,Was $6.70 04/12/2018,True
275b8fd9-bcce-415a-bd22-281daca037a9,Woolworths Supermarket,"Dairy, Eggs & Fridge",Tasmanian Heritage Double Brie Cheese 250g,077182,$11.80,$47.20 / 1KG,https://www.woolworths.com.au/shop/productdetails/77182/tasmanian-heritage-double-brie-cheese,https://cdn0.woolworths.media/content/wowproductimages/medium/077182.jpg,2020-09-21 17:27:05,,0,,True
89db02d0-e2ba-4165-b54b-f7200a2a62e7,Woolworths Supermarket,"Dairy, Eggs & Fridge",Woolworths Creamy Chicken & Leek Casserole 800g,078167,$15.00,$1.88 / 100G,https://www.woolworths.com.au/shop/productdetails/78167/woolworths-creamy-chicken-leek-casserole,https://cdn0.woolworths.media/content/wowproductimages/medium/078167.jpg,2020-09-21 17:27:05,Average product rating out of 5: 3.5. Product score is based on 162 ratings,162,,True
f8289631-6e94-4bc8-ad06-410b7f1e053b,Woolworths Supermarket,"Dairy, Eggs & Fridge",Woolworths Chicken Casserole With Mash & Veggies 350g,078168,$8.50,$2.43 / 100G,https://www.woolworths.com.au/shop/productdetails/78168/woolworths-chicken-casserole-with-mash-veggies,https://cdn0.woolworths.media/content/wowproductimages/medium/078168.jpg,2020-09-21 17:27:05,Average product rating out of 5: 2.7. Product score is based on 133 ratings,133,,True
d9c97509-45c4-4968-9ef8-563d406ac72e,Woolworths Supermarket,"Dairy, Eggs & Fridge",Woolworths Chicken & Vegetable Cottage Pie 350g,078169,,,https://www.woolworths.com.au/shop/productdetails/78169/woolworths-chicken-vegetable-cottage-pie,https://cdn0.woolworths.media/content/wowproductimages/medium/078169.jpg,2020-09-21 17:27:05,Average product rating out of 5: 3.4. Product score is based on 162 ratings,162,2 for $12.00 $1.71/100G,False
d207491f-95a2-4612-8e57-0f4c96bf5a0b,Woolworths Supermarket,"Dairy, Eggs & Fridge",Woolworths Turmeric & Vegetable Rice 300g,078192,$3.50,$1.17 / 100G,https://www.woolworths.com.au/shop/productdetails/78192/woolworths-turmeric-vegetable-rice,https://cdn0.woolworths.media/content/wowproductimages/medium/078192.jpg,2020-09-21 17:27:05,Average product rating out of 5: 3.6. Product score is based on 109 ratings,109,,True
317e889e-4b49-414a-a4a2-f2003a904844,Woolworths Supermarket,"Dairy, Eggs & Fridge",Woolworths Chicken Tikka Bites 200g,078198,$6.00,$3.00 / 100G,https://www.woolworths.com.au/shop/productdetails/78198/woolworths-chicken-tikka-bites,https://cdn0.woolworths.media/content/wowproductimages/medium/078198.jpg,2020-09-21 17:27:05,Average product rating out of 5: 3.9. Product score is based on 131 ratings,131,,True
0ef0fd52-4e38-41b3-a7a4-b04d24ea776f,Woolworths Supermarket,"Dairy, Eggs & Fridge",Essentials Garlic Bread 450g,079005,$1.90,$0.42 / 100G,https://www.woolworths.com.au/shop/productdetails/79005/essentials-garlic-bread,https://cdn0.woolworths.media/content/wowproductimages/medium/079005.jpg,2020-09-21 17:27:05,Average product rating out of 5: 4.3. Product score is based on 533 ratings,533,,True
7b252cd2-6dd7-4dc8-8646-eb4bfc8f9cfc,Woolworths Supermarket,"Dairy, Eggs & Fridge",Philadelphia Cream Cheese Spread 250g,079223,$3.75,$15.00 / 1KG,https://www.woolworths.com.au/shop/productdetails/79223/philadelphia-cream-cheese-spread,https://cdn0.woolworths.media/content/wowproductimages/medium/079223.jpg,2020-09-21 17:27:05,,0,,True
a7ba9277-5f36-46d9-986f-1bc15116f1a8,Woolworths Supermarket,"Dairy, Eggs & Fridge",Woolworths Butter Chicken Style Soup 300g,079404,$3.00,$1.00 / 100G,https://www.woolworths.com.au/shop/productdetails/79404/woolworths-butter-chicken-style-soup,https://cdn0.woolworths.media/content/wowproductimages/medium/079404.jpg,2020-09-21 17:27:05,Average product rating out of 5: 4.0. Product score is based on 237 ratings,237,4 for $10.00 $0.83/100G,True
b58a3135-7bc4-4241-aff6-570d01c7970a,Woolworths Supermarket,"Dairy, Eggs & Fridge",Woolworths Chunky Vegetable Soup 300g,079405,$3.00,$1.00 / 100G,https://www.woolworths.com.au/shop/productdetails/79405/woolworths-chunky-vegetable-soup,https://cdn0.woolworths.media/content/wowproductimages/medium/079405.jpg,2020-09-21 17:27:05,Average product rating out of 5: 3.7. Product score is based on 227 ratings,227,4 for $10.00 $0.83/100G,True
c97dda52-2ce7-416f-ac13-699fa9abfbac,Woolworths Supermarket,"Dairy, Eggs & Fridge",Woolworths Salad Lunch Snack Bowl 100g,079995,$5.50,$29.73 / 1KG,https://www.woolworths.com.au/shop/productdetails/79995/woolworths-salad-lunch-snack-bowl,https://cdn0.woolworths.media/content/wowproductimages/medium/079995.jpg,2020-09-21 17:27:05,,0,,True
76648f59-d71d-417c-bd28-b926356c15cc,Woolworths Supermarket,"Dairy, Eggs & Fridge",Woolworths Hearty Chicken & Vegetable Soup 500g,080001,$5.00,$1.00 / 100G,https://www.woolworths.com.au/shop/productdetails/80001/woolworths-hearty-chicken-vegetable-soup,https://cdn0.woolworths.media/content/wowproductimages/medium/080001.jpg,2020-09-21 17:27:05,Average product rating out of 5: 3.9. Product score is based on 173 ratings,173,,True
9d42ab88-1ea2-47ad-a332-f301a8d23e90,Woolworths Supermarket,"Dairy, Eggs & Fridge",Yumi's Mini Hommus 65g x3 pack,081500,$2.50,$1.28 / 100G,https://www.woolworths.com.au/shop/productdetails/81500/yumi-s-mini-hommus,https://cdn0.woolworths.media/content/wowproductimages/medium/081500.jpg,2020-09-21 17:27:05,,0,,True
c2c27ff4-949a-48ad-a402-0ac27db99342,Woolworths Supermarket,"Dairy, Eggs & Fridge",Woolworths Drought Relief Full Cream Milk 3l,807384,$3.59,$1.20 / 1L,https://www.woolworths.com.au/shop/productdetails/807384/woolworths-drought-relief-full-cream-milk,https://cdn0.woolworths.media/content/wowproductimages/medium/807384.jpg,2020-09-21 17:27:05,,0,,True
44c64c87-2fea-496c-b6d3-364c50605ac5,Woolworths Supermarket,"Dairy, Eggs & Fridge",Woolworths Drought Relief Lite Milk 2l,807385,$2.39,$1.20 / 1L,https://www.woolworths.com.au/shop/productdetails/807385/woolworths-drought-relief-lite-milk,https://cdn0.woolworths.media/content/wowproductimages/medium/807385.jpg,2020-09-21 17:27:05,,0,,True
1cfa79fe-7d8d-43d2-b4cb-1b71e6215f6c,Woolworths Supermarket,"Dairy, Eggs & Fridge",Woolworths Mozzarella Shredded Cheese 500g,728983,$6.00,$12.00 / 1KG,https://www.woolworths.com.au/shop/productdetails/728983/woolworths-mozzarella-shredded-cheese,https://cdn0.woolworths.media/content/wowproductimages/medium/728983.jpg,2020-09-21 17:27:05,Average product rating out of 5: 4.5. Product score is based on 469 ratings,469,,True
9af36a44-9cf3-4f19-a877-6ea79219445a,Woolworths Supermarket,"Dairy, Eggs & Fridge",Woolworths Single Leaf Baby Spinach 280g,524336,$5.00,$17.86 / 1KG,https://www.woolworths.com.au/shop/productdetails/524336/woolworths-single-leaf-baby-spinach,https://cdn0.woolworths.media/content/wowproductimages/medium/524336.jpg,2020-09-21 17:27:05,Average product rating out of 5: 4.8. Product score is based on 532 ratings,532,,True
6347a3bc-0a6c-4b08-9913-7ad6eed1a370,Woolworths Supermarket,"Dairy, Eggs & Fridge",Western Star Original Spreadable 500g,069756,$6.00,$1.20 / 100G,https://www.woolworths.com.au/shop/productdetails/69756/western-star-original-spreadable,https://cdn0.woolworths.media/content/wowproductimages/medium/069756.jpg,2020-09-21 17:27:05,,0,,True
5af684e8-aee5-49d8-9f83-ebbfa9bf174b,Woolworths Supermarket,"Dairy, Eggs & Fridge",Woolworths Thickened Cream 600ml,048720,$3.00,$0.50 / 100ML,https://www.woolworths.com.au/shop/productdetails/48720/woolworths-thickened-cream,https://cdn0.woolworths.media/content/wowproductimages/medium/048720.jpg,2020-09-21 17:27:05,Average product rating out of 5: 4.8. Product score is based on 740 ratings,740,,True
bd8dd1b6-24e9-4dfa-bf20-6fbaecb36f8e,Woolworths Supermarket,"Dairy, Eggs & Fridge",Woolworths Baby Leaf Spinach 120g,524322,$3.00,$25.00 / 1KG,https://www.woolworths.com.au/shop/productdetails/524322/woolworths-baby-leaf-spinach,https://cdn0.woolworths.media/content/wowproductimages/medium/524322.jpg,2020-09-21 17:27:05,Average product rating out of 5: 4.7. Product score is based on 2842 ratings,2842,,True
4f7deb1e-fa13-41dc-8e23-17b143362976,Woolworths Supermarket,"Dairy, Eggs & Fridge",Hillview Tasty Shredded Cheese 700g,491820,$6.60,$9.43 / 1KG,https://www.woolworths.com.au/shop/productdetails/491820/hillview-tasty-shredded-cheese,https://cdn0.woolworths.media/content/wowproductimages/medium/491820.jpg,2020-09-21 17:27:05,Average product rating out of 5: 4.5. Product score is based on 48 ratings,48,,True
0da16b1d-435a-44a1-8454-c5d18e3f8bc3,Woolworths Supermarket,"Dairy, Eggs & Fridge",Woolworths Uht Full Cream Milk 1l,748595,$1.25,$1.25 / 1L,https://www.woolworths.com.au/shop/productdetails/748595/woolworths-uht-full-cream-milk,https://cdn0.woolworths.media/content/wowproductimages/medium/748595.jpg,2020-09-21 17:27:05,Average product rating out of 5: 4.9. Product score is based on 36 ratings,36,,True
f68c8fc7-297f-42b6-8b08-81493a3b4a6a,Woolworths Supermarket,"Dairy, Eggs & Fridge",Just 4 You 12 Extra Large Caged Eggs 700g,893974,$3.50,$0.50 / 100G,https://www.woolworths.com.au/shop/productdetails/893974/just-4-you-12-extra-large-caged-eggs,https://cdn0.woolworths.media/content/wowproductimages/medium/893974.jpg,2020-09-21 17:27:05,,0,,True
411cf52b-9ac8-40e4-8104-4bc53921111d,Woolworths Supermarket,"Dairy, Eggs & Fridge",Perfect Italiano Shaved Parmesan 125g,360904,$3.25,$26.00 / 1KG,https://www.woolworths.com.au/shop/productdetails/360904/perfect-italiano-shaved-parmesan,https://cdn0.woolworths.media/content/wowproductimages/medium/360904.jpg,2020-09-21 17:27:05,,0,,True
984cd044-3804-4b33-8831-c2fdbc384aac,Woolworths Supermarket,"Dairy, Eggs & Fridge",Woolworths Drought Relief Full Cream Milk 2l,807383,$2.39,$1.20 / 1L,https://www.woolworths.com.au/shop/productdetails/807383/woolworths-drought-relief-full-cream-milk,https://cdn0.woolworths.media/content/wowproductimages/medium/807383.jpg,2020-09-21 17:27:05,Average product rating out of 5: 4.7. Product score is based on 385 ratings,385,,True
82307a06-a9eb-4275-8f06-080f78240f8e,Woolworths Supermarket,"Dairy, Eggs & Fridge",Woolworths Drought Relief Lite Milk 3l,807386,$3.59,$1.20 / 1L,https://www.woolworths.com.au/shop/productdetails/807386/woolworths-drought-relief-lite-milk,https://cdn0.woolworths.media/content/wowproductimages/medium/807386.jpg,2020-09-21 17:27:05,,0,,True
5403763d-ffae-4bfe-a845-d460d9e4bb5e,Woolworths Supermarket,"Dairy, Eggs & Fridge",Hillview Cheese Block 1kg,500187,$8.00,$8.00 / 1KG,https://www.woolworths.com.au/shop/productdetails/500187/hillview-cheese-block,https://cdn0.woolworths.media/content/wowproductimages/medium/500187.jpg,2020-09-21 17:27:05,Average product rating out of 5: 4.5. Product score is based on 66 ratings,66,,True
5da463d8-ec19-407e-a5cd-05b32d1da7bd,Woolworths Supermarket,"Dairy, Eggs & Fridge",Woolworths Sour Cream 300ml,105609,$2.10,$0.70 / 100ML,https://www.woolworths.com.au/shop/productdetails/105609/woolworths-sour-cream,https://cdn0.woolworths.media/content/wowproductimages/medium/105609.jpg,2020-09-21 17:27:05,Average product rating out of 5: 4.5. Product score is based on 1353 ratings,1353,,True
f4de693a-ed47-4c23-90ef-63697f732705,Woolworths Supermarket,"Dairy, Eggs & Fridge",Woolworths Tasty Shredded Cheese 500g,729026,$6.00,$12.00 / 1KG,https://www.woolworths.com.au/shop/productdetails/729026/woolworths-tasty-shredded-cheese,https://cdn0.woolworths.media/content/wowproductimages/medium/729026.jpg,2020-09-21 17:27:05,Average product rating out of 5: 4.6. Product score is based on 500 ratings,500,,True
b16a21e4-7ef9-4272-bb25-c60bf42c3a4d,Woolworths Supermarket,"Dairy, Eggs & Fridge",Woolworths Baby Spinach Salad Bag 60g,379515,$2.00,$33.33 / 1KG,https://www.woolworths.com.au/shop/productdetails/379515/woolworths-baby-spinach-salad-bag,https://cdn0.woolworths.media/content/wowproductimages/medium/379515.jpg,2020-09-21 17:27:05,Average product rating out of 5: 4.7. Product score is based on 725 ratings,725,,True
a2e82697-4c35-4a8d-b9ec-32fc7bbee895,Woolworths Supermarket,"Dairy, Eggs & Fridge",Almond Breeze Unsweetened Almond Milk 1l,761604,$2.50,$2.50 / 1L,https://www.woolworths.com.au/shop/productdetails/761604/almond-breeze-unsweetened-almond-milk,https://cdn0.woolworths.media/content/wowproductimages/medium/761604.jpg,2020-09-21 17:27:05,,0,Was $3.25 13/03/2017,True
964165ae-a0b5-4a40-983f-4829053d5dde,Woolworths Supermarket,"Dairy, Eggs & Fridge",Woolworths Thickened Cream 300ml,044317,$1.90,$0.63 / 100ML,https://www.woolworths.com.au/shop/productdetails/44317/woolworths-thickened-cream,https://cdn0.woolworths.media/content/wowproductimages/medium/044317.jpg,2020-09-21 17:27:05,Average product rating out of 5: 4.9. Product score is based on 629 ratings,629,,True
29ecca5d-966f-41d8-ab4e-763bf25e812c,Woolworths Supermarket,"Dairy, Eggs & Fridge",Perfect Italiano Extra Sharp Grated Parmesan 125g,302306,$3.25,$26.00 / 1KG,https://www.woolworths.com.au/shop/productdetails/302306/perfect-italiano-extra-sharp-grated-parmesan,https://cdn0.woolworths.media/content/wowproductimages/medium/302306.jpg,2020-09-21 17:27:05,,0,,True
a4a73356-c39a-4ed1-b6dc-afae132e41ed,Woolworths Supermarket,"Dairy, Eggs & Fridge",Rana Fresh Fettuccine Pasta 325g,081571,$4.00,$1.23 / 100G,https://www.woolworths.com.au/shop/productdetails/81571/rana-fresh-fettuccine-pasta,https://cdn0.woolworths.media/content/wowproductimages/medium/081571.jpg,2020-09-21 17:27:05,,0,,True
7a65d32e-f616-4664-b96a-48e90c127931,Woolworths Supermarket,"Dairy, Eggs & Fridge",Chris' Red Capsicum & Cashew Dip & Spread 200g,082072,$3.50,$1.75 / 100G,https://www.woolworths.com.au/shop/productdetails/82072/chris-red-capsicum-cashew-dip-spread,https://cdn0.woolworths.media/content/wowproductimages/medium/082072.jpg,2020-09-21 17:27:05,,0,2 for $6.00 $1.50/100G,True
b1210d10-f054-448a-abd3-c56ee4e3a109,Woolworths Supermarket,"Dairy, Eggs & Fridge",Pauls Kids Immunity Milk 1.5l,082141,$3.50,$2.33 / 1L,https://www.woolworths.com.au/shop/productdetails/82141/pauls-kids-immunity-milk,https://cdn0.woolworths.media/content/wowproductimages/medium/082141.jpg,2020-09-21 17:27:05,,0,,True
d14b4fdd-2027-4846-8d9b-41e61798fa9c,Woolworths Supermarket,"Dairy, Eggs & Fridge",Activia Probiotics Dairy Free Oat Yoghurt Blueberry-acai 160g,082421,$2.00,$1.25 / 100G,https://www.woolworths.com.au/shop/productdetails/82421/activia-probiotics-dairy-free-oat-yoghurt-blueberry-acai,https://cdn0.woolworths.media/content/wowproductimages/medium/082421.jpg,2020-09-21 17:27:05,,0,,True
47aa2c71-09c9-48d4-b056-38c5dfd77560,Woolworths Supermarket,"Dairy, Eggs & Fridge",Activia Probiotics Dairy Free Oat Yoghurt Banana 160g,082535,$2.00,$1.25 / 100G,https://www.woolworths.com.au/shop/productdetails/82535/activia-probiotics-dairy-free-oat-yoghurt-banana,https://cdn0.woolworths.media/content/wowproductimages/medium/082535.jpg,2020-09-21 17:27:05,,0,,True
d0397eaf-c347-4788-893a-213f5949f7d9,Woolworths Supermarket,"Dairy, Eggs & Fridge",Meadowlea Dairy Free 500g,082536,$2.00,$0.40 / 100G,https://www.woolworths.com.au/shop/productdetails/82536/meadowlea-dairy-free,https://cdn0.woolworths.media/content/wowproductimages/medium/082536.jpg,2020-09-21 17:27:05,,0,,True
437ede79-bbd6-4d57-81f7-421a7bf518aa,Woolworths Supermarket,"Dairy, Eggs & Fridge",Ohyo Yoghurt Banana 120g,082585,$1.40,$1.17 / 100G,https://www.woolworths.com.au/shop/productdetails/82585/ohyo-yoghurt-banana,https://cdn0.woolworths.media/content/wowproductimages/medium/082585.jpg,2020-09-21 17:27:05,,0,,True
f6beb0d9-7c24-4480-8389-96a29b8ef0cd,Woolworths Supermarket,"Dairy, Eggs & Fridge",Danone Yopro Protein 15g Cherry Yoghurt 150g,082806,,,https://www.woolworths.com.au/shop/productdetails/82806/danone-yopro-protein-15g-cherry-yoghurt,https://cdn0.woolworths.media/content/wowproductimages/medium/082806.jpg,2020-09-21 17:27:05,,0,,False
db9ab976-1063-441a-be9d-44b7b3002d9d,Woolworths Supermarket,"Dairy, Eggs & Fridge",Activia Probiotics Dairy Free Oat Yoghurt Passionfruit 160g,083081,$2.00,$1.25 / 100G,https://www.woolworths.com.au/shop/productdetails/83081/activia-probiotics-dairy-free-oat-yoghurt-passionfruit,https://cdn0.woolworths.media/content/wowproductimages/medium/083081.jpg,2020-09-21 17:27:05,,0,,True
74ac3737-da7c-43a2-b596-569be881d560,Woolworths Supermarket,"Dairy, Eggs & Fridge",Meadowlea Buttery 500g,083113,$3.30,$0.66 / 100G,https://www.woolworths.com.au/shop/productdetails/83113/meadowlea-buttery,https://cdn0.woolworths.media/content/wowproductimages/medium/083113.jpg,2020-09-21 17:27:05,,0,,True
773bc695-11c5-4045-a7f3-71b7e938fefa,Woolworths Supermarket,"Dairy, Eggs & Fridge",Vitasoy Soy & Protein Unsweetened Milk 1l,083114,$4.50,$4.50 / 1L,https://www.woolworths.com.au/shop/productdetails/83114/vitasoy-soy-protein-unsweetened-milk,https://cdn0.woolworths.media/content/wowproductimages/medium/083114.jpg,2020-09-21 17:27:05,,0,,True
4f509dd5-8106-4a51-806a-44b9c7b286b5,Woolworths Supermarket,"Dairy, Eggs & Fridge",Pauls High Protein Milk 1.5l,083123,$3.50,$2.33 / 1L,https://www.woolworths.com.au/shop/productdetails/83123/pauls-high-protein-milk,https://cdn0.woolworths.media/content/wowproductimages/medium/083123.jpg,2020-09-21 17:27:05,,0,,True
99f830a5-540d-4238-9c4b-288124d08a72,Woolworths Supermarket,"Dairy, Eggs & Fridge",Pauls High Calcium Milk 1.5l,083152,$3.50,$2.33 / 1L,https://www.woolworths.com.au/shop/productdetails/83152/pauls-high-calcium-milk,https://cdn0.woolworths.media/content/wowproductimages/medium/083152.jpg,2020-09-21 17:27:05,,0,,True
d589e6d3-0123-4521-a098-9e1df730ea60,Woolworths Supermarket,"Dairy, Eggs & Fridge",Sanitarium So Good Barista Edition Oat Milk 1l,083273,$4.00,$4.00 / 1L,https://www.woolworths.com.au/shop/productdetails/83273/sanitarium-so-good-barista-edition-oat-milk,https://cdn0.woolworths.media/content/wowproductimages/medium/083273.jpg,2020-09-21 17:27:05,,0,,True
28545e1b-d5bc-40f0-9eeb-c3e080fb88c0,Woolworths Supermarket,"Dairy, Eggs & Fridge",Vitasoy Prebiotic Almond Milk 1l,083287,$2.00,$2.00 / 1L,https://www.woolworths.com.au/shop/productdetails/83287/vitasoy-prebiotic-almond-milk,https://cdn0.woolworths.media/content/wowproductimages/medium/083287.jpg,2020-09-21 17:27:05,,0,,True
86150743-766c-4097-a864-c5230e7bb359,Woolworths Supermarket,"Dairy, Eggs & Fridge",Almond Breeze Protein Uht Almond Milk 1l,083289,$2.80,$2.80 / 1L,https://www.woolworths.com.au/shop/productdetails/83289/almond-breeze-protein-uht-almond-milk,https://cdn0.woolworths.media/content/wowproductimages/medium/083289.jpg,2020-09-21 17:27:05,,0,,True
013dc34e-3e73-4779-9c35-3e427d83f5a4,Woolworths Supermarket,"Dairy, Eggs & Fridge",Grand Italian Cauliflower Gnocchi 500 g,083312,$5.00,$1.00 / 100G,https://www.woolworths.com.au/shop/productdetails/83312/grand-italian-cauliflower-gnocchi,https://cdn0.woolworths.media/content/wowproductimages/medium/083312.jpg,2020-09-21 17:27:05,,0,,True
675e59b4-878b-4872-9cd7-b56255954d21,Woolworths Supermarket,"Dairy, Eggs & Fridge",Vaalia Plus 10g Protein Yoghurt Strawberry 150g,083315,$1.50,$1.00 / 100G,https://www.woolworths.com.au/shop/productdetails/83315/vaalia-plus-10g-protein-yoghurt-strawberry,https://cdn0.woolworths.media/content/wowproductimages/medium/083315.jpg,2020-09-21 17:27:05,,0,,True
ab2b3683-c0b7-4722-a447-9d28016c6c3d,Woolworths Supermarket,"Dairy, Eggs & Fridge",La Famiglia Herb Slices 270g,083332,$3.00,$1.11 / 100G,https://www.woolworths.com.au/shop/productdetails/83332/la-famiglia-herb-slices,https://cdn0.woolworths.media/content/wowproductimages/medium/083332.jpg,2020-09-21 17:27:05,,0,,True
5a49289f-7e22-44d7-a1e4-3c6440f755d5,Woolworths Supermarket,"Dairy, Eggs & Fridge",President Butter Unsalted 200g,083334,$5.00,$2.50 / 100G,https://www.woolworths.com.au/shop/productdetails/83334/president-butter-unsalted,https://cdn0.woolworths.media/content/wowproductimages/medium/083334.jpg,2020-09-21 17:27:05,,0,,True
b54aedfb-7cff-4160-9348-5cbb0f9cd92c,Woolworths Supermarket,"Dairy, Eggs & Fridge",Rana Goats Cheese Onion Girasole Fresh Pasta 325g,083403,$7.00,$2.15 / 100G,https://www.woolworths.com.au/shop/productdetails/83403/rana-goats-cheese-onion-girasole-fresh-pasta,https://cdn0.woolworths.media/content/wowproductimages/medium/083403.jpg,2020-09-21 17:27:05,,0,,True
0c037e6a-ba20-4066-990d-53f124764410,Woolworths Supermarket,"Dairy, Eggs & Fridge",Danone Yopro Salted Caramel Flavoured Yoghurt 160g,083408,$2.40,$1.50 / 100G,https://www.woolworths.com.au/shop/productdetails/83408/danone-yopro-salted-caramel-flavoured-yoghurt,https://cdn0.woolworths.media/content/wowproductimages/medium/083408.jpg,2020-09-21 17:27:05,,0,,True
619a6fc2-b5b9-4b89-b94c-9265abefb9db,Woolworths Supermarket,"Dairy, Eggs & Fridge",Latina Fresh Gluten Free Lasagne Sheets 280g,083431,$7.00,$2.50 / 100G,https://www.woolworths.com.au/shop/productdetails/83431/latina-fresh-gluten-free-lasagne-sheets,https://cdn0.woolworths.media/content/wowproductimages/medium/083431.jpg,2020-09-21 17:27:05,,0,,True
716faec6-1fc1-46f5-a078-39112e96b122,Woolworths Supermarket,"Dairy, Eggs & Fridge",Vitasoy Prebiotic Oat Milk 1l,083494,$2.00,$2.00 / 1L,https://www.woolworths.com.au/shop/productdetails/83494/vitasoy-prebiotic-oat-milk,https://cdn0.woolworths.media/content/wowproductimages/medium/083494.jpg,2020-09-21 17:27:05,,0,,True
c461a6e1-89f1-4472-9a6c-da97ee7ed13e,Woolworths Supermarket,"Dairy, Eggs & Fridge",Coon Cheese Slices Tasty 750g,187899,$10.00,$13.33 / 1KG,https://www.woolworths.com.au/shop/productdetails/187899/coon-cheese-slices-tasty,https://cdn0.woolworths.media/content/wowproductimages/medium/187899.jpg,2020-09-21 17:27:05,,0,Was $12.00 07/07/2020,True
d420e37d-fb24-4097-840b-c1ebaf7f8fd9,Woolworths Supermarket,"Dairy, Eggs & Fridge",A2 Light Milk 2l,208066,$5.30,$2.65 / 1L,https://www.woolworths.com.au/shop/productdetails/208066/a2-light-milk,https://cdn0.woolworths.media/content/wowproductimages/medium/208066.jpg,2020-09-21 17:27:05,,0,,True
0628a901-41b9-4b56-bea3-392711d4b74a,Woolworths Supermarket,"Dairy, Eggs & Fridge",Woolworths Drought Relief Lite Milk 3l,807386,$3.59,$1.20 / 1L,https://www.woolworths.com.au/shop/productdetails/807386/woolworths-drought-relief-lite-milk,https://cdn0.woolworths.media/content/wowproductimages/medium/807386.jpg,2020-09-21 17:27:05,,0,,True
9b0bbb86-7f7f-4819-8794-93a739393341,Woolworths Supermarket,"Dairy, Eggs & Fridge",Woolworths Baby Spinach Salad Bag 60g,379515,$2.00,$33.33 / 1KG,https://www.woolworths.com.au/shop/productdetails/379515/woolworths-baby-spinach-salad-bag,https://cdn0.woolworths.media/content/wowproductimages/medium/379515.jpg,2020-09-21 17:27:05,Average product rating out of 5: 4.7. Product score is based on 725 ratings,725,,True
f9a0ffc9-eb61-48ed-b7e8-56f9fb511315,Woolworths Supermarket,"Dairy, Eggs & Fridge",Woolworths Mozzarella Shredded Cheese 500g,728983,$6.00,$12.00 / 1KG,https://www.woolworths.com.au/shop/productdetails/728983/woolworths-mozzarella-shredded-cheese,https://cdn0.woolworths.media/content/wowproductimages/medium/728983.jpg,2020-09-21 17:27:05,Average product rating out of 5: 4.5. Product score is based on 469 ratings,469,,True
7376e7d3-6ae8-40d8-9b8c-eb7782c77bea,Woolworths Supermarket,"Dairy, Eggs & Fridge",Woolworths Single Leaf Baby Spinach 280g,524336,$5.00,$17.86 / 1KG,https://www.woolworths.com.au/shop/productdetails/524336/woolworths-single-leaf-baby-spinach,https://cdn0.woolworths.media/content/wowproductimages/medium/524336.jpg,2020-09-21 17:27:05,Average product rating out of 5: 4.8. Product score is based on 532 ratings,532,,True
5d524899-a04f-412a-acc2-084a74bb1ecd,Woolworths Supermarket,"Dairy, Eggs & Fridge",Western Star Original Spreadable 500g,069756,$6.00,$1.20 / 100G,https://www.woolworths.com.au/shop/productdetails/69756/western-star-original-spreadable,https://cdn0.woolworths.media/content/wowproductimages/medium/069756.jpg,2020-09-21 17:27:05,,0,,True
476694af-463d-46cb-ba94-fc3520edca6a,Woolworths Supermarket,"Dairy, Eggs & Fridge",Woolworths Drought Relief Lite Milk 2l,807385,$2.39,$1.20 / 1L,https://www.woolworths.com.au/shop/productdetails/807385/woolworths-drought-relief-lite-milk,https://cdn0.woolworths.media/content/wowproductimages/medium/807385.jpg,2020-09-21 17:27:05,,0,,True
8da573f5-e348-4314-9232-8622c1d828a3,Woolworths Supermarket,"Dairy, Eggs & Fridge",Woolworths Tasty Shredded Cheese 500g,729026,$6.00,$12.00 / 1KG,https://www.woolworths.com.au/shop/productdetails/729026/woolworths-tasty-shredded-cheese,https://cdn0.woolworths.media/content/wowproductimages/medium/729026.jpg,2020-09-21 17:27:05,Average product rating out of 5: 4.6. Product score is based on 500 ratings,500,,True
5732fb68-11af-4679-a38f-17b56a4a3556,Woolworths Supermarket,"Dairy, Eggs & Fridge",Woolworths Drought Relief Full Cream Milk 2l,807383,$2.39,$1.20 / 1L,https://www.woolworths.com.au/shop/productdetails/807383/woolworths-drought-relief-full-cream-milk,https://cdn0.woolworths.media/content/wowproductimages/medium/807383.jpg,2020-09-21 17:27:05,Average product rating out of 5: 4.7. Product score is based on 385 ratings,385,,True
e05c89d9-a5fc-48b6-bd1e-bda5b90d896a,Woolworths Supermarket,"Dairy, Eggs & Fridge",Just 4 You 12 Extra Large Caged Eggs 700g,893974,$3.50,$0.50 / 100G,https://www.woolworths.com.au/shop/productdetails/893974/just-4-you-12-extra-large-caged-eggs,https://cdn0.woolworths.media/content/wowproductimages/medium/893974.jpg,2020-09-21 17:27:05,,0,,True
45a667ec-9081-4b75-92c9-6bc7fc2ffb52,Woolworths Supermarket,"Dairy, Eggs & Fridge",Hillview Cheese Block 1kg,500187,$8.00,$8.00 / 1KG,https://www.woolworths.com.au/shop/productdetails/500187/hillview-cheese-block,https://cdn0.woolworths.media/content/wowproductimages/medium/500187.jpg,2020-09-21 17:27:05,Average product rating out of 5: 4.5. Product score is based on 66 ratings,66,,True
57c3b4f6-d6c6-4b7a-93e8-cc3496f5eb1d,Woolworths Supermarket,"Dairy, Eggs & Fridge",A2 Full Cream Milk 2l,208064,$5.30,$2.65 / 1L,https://www.woolworths.com.au/shop/productdetails/208064/a2-full-cream-milk,https://cdn0.woolworths.media/content/wowproductimages/medium/208064.jpg,2020-09-21 17:27:05,,0,,True
161ea070-2362-4783-93e7-b92b5e34a056,Woolworths Supermarket,"Dairy, Eggs & Fridge",Woolworths Uht Full Cream Milk 1l,748595,$1.25,$1.25 / 1L,https://www.woolworths.com.au/shop/productdetails/748595/woolworths-uht-full-cream-milk,https://cdn0.woolworths.media/content/wowproductimages/medium/748595.jpg,2020-09-21 17:27:05,Average product rating out of 5: 4.9. Product score is based on 36 ratings,36,,True
7f7aa256-818d-47c6-9263-a23da96e77cf,Woolworths Supermarket,"Dairy, Eggs & Fridge",Woolworths Drought Relief Full Cream Milk 3l,807384,$3.59,$1.20 / 1L,https://www.woolworths.com.au/shop/productdetails/807384/woolworths-drought-relief-full-cream-milk,https://cdn0.woolworths.media/content/wowproductimages/medium/807384.jpg,2020-09-21 17:27:05,,0,,True
3a52394d-67a5-45ff-bbc5-10feb2910642,Woolworths Supermarket,"Dairy, Eggs & Fridge",Woolworths Thickened Cream 600ml,048720,$3.00,$0.50 / 100ML,https://www.woolworths.com.au/shop/productdetails/48720/woolworths-thickened-cream,https://cdn0.woolworths.media/content/wowproductimages/medium/048720.jpg,2020-09-21 17:27:05,Average product rating out of 5: 4.8. Product score is based on 740 ratings,740,,True
25db1c44-d6d1-4208-a291-2897234fdc14,Woolworths Supermarket,"Dairy, Eggs & Fridge",Woolworths Baby Leaf Spinach 120g,524322,$3.00,$25.00 / 1KG,https://www.woolworths.com.au/shop/productdetails/524322/woolworths-baby-leaf-spinach,https://cdn0.woolworths.media/content/wowproductimages/medium/524322.jpg,2020-09-21 17:27:05,Average product rating out of 5: 4.7. Product score is based on 2842 ratings,2842,,True
4c6a4c17-8976-4236-980a-478815f86e56,Woolworths Supermarket,"Dairy, Eggs & Fridge",Almond Breeze Unsweetened Almond Milk 1l,761604,$2.50,$2.50 / 1L,https://www.woolworths.com.au/shop/productdetails/761604/almond-breeze-unsweetened-almond-milk,https://cdn0.woolworths.media/content/wowproductimages/medium/761604.jpg,2020-09-21 17:27:05,,0,Was $3.25 13/03/2017,True
c14afa12-0206-4eeb-a598-f8d36d98a0fc,Woolworths Supermarket,"Dairy, Eggs & Fridge",Hillview Tasty Shredded Cheese 700g,491820,$6.60,$9.43 / 1KG,https://www.woolworths.com.au/shop/productdetails/491820/hillview-tasty-shredded-cheese,https://cdn0.woolworths.media/content/wowproductimages/medium/491820.jpg,2020-09-21 17:27:05,Average product rating out of 5: 4.5. Product score is based on 48 ratings,48,,True
f66d03c0-0534-4c79-8436-11ab54da7b6d,Woolworths Supermarket,"Dairy, Eggs & Fridge",Flora Proactiv Margarine Buttery 750g,763453,$10.00,$1.33 / 100G,https://www.woolworths.com.au/shop/productdetails/763453/flora-proactiv-margarine-buttery,https://cdn0.woolworths.media/content/wowproductimages/medium/763453.jpg,2020-09-21 17:27:05,,0,,True
48eb971b-99e6-449d-870f-8970e84f620e,Woolworths Supermarket,"Dairy, Eggs & Fridge",Chobani Flip Limited Batch Greek Yoghurt 140g,083499,$2.00,$1.43 / 100G,https://www.woolworths.com.au/shop/productdetails/83499/chobani-flip-limited-batch-greek-yoghurt,https://cdn0.woolworths.media/content/wowproductimages/medium/083499.jpg,2020-09-21 17:27:05,,0,,True
b7e86b49-57bd-451a-b3a8-7f0ea2f70ea1,Woolworths Supermarket,"Dairy, Eggs & Fridge",Chan's Yum Cha Spicy Thai Style Corn Fritters 8 pack,083541,$5.00,$2.08 / 100G,https://www.woolworths.com.au/shop/productdetails/83541/chan-s-yum-cha-spicy-thai-style-corn-fritters,https://cdn0.woolworths.media/content/wowproductimages/medium/083541.jpg,2020-09-21 17:27:05,,0,,True
a0783fef-de2b-4e31-b4d8-bb45b0cf41c1,Woolworths Supermarket,"Dairy, Eggs & Fridge",La Famiglia Pane Di Casa Garlic Bread 2 pack,083596,$2.90,$1.53 / 100G,https://www.woolworths.com.au/shop/productdetails/83596/la-famiglia-pane-di-casa-garlic-bread,https://cdn0.woolworths.media/content/wowproductimages/medium/083596.jpg,2020-09-21 17:27:05,,0,,True
80b6032c-063a-4a9d-a5c6-4297ce3bdf19,Woolworths Supermarket,"Dairy, Eggs & Fridge",Sanitarium So Good Barista Edition Almond Milk 1l,083836,$4.00,$4.00 / 1L,https://www.woolworths.com.au/shop/productdetails/83836/sanitarium-so-good-barista-edition-almond-milk,https://cdn0.woolworths.media/content/wowproductimages/medium/083836.jpg,2020-09-21 17:27:05,,0,,True
5dd29b0b-0acf-4926-a9eb-9a03a7ad9876,Woolworths Supermarket,"Dairy, Eggs & Fridge",Vaalia Lactose Free Kids Yoghurt Blueberry 140g,083841,$1.70,$1.21 / 100G,https://www.woolworths.com.au/shop/productdetails/83841/vaalia-lactose-free-kids-yoghurt-blueberry,https://cdn0.woolworths.media/content/wowproductimages/medium/083841.jpg,2020-09-21 17:27:05,,0,,True
4a0f1509-1eac-44cb-9ea2-2588c85d30cb,Woolworths Supermarket,"Dairy, Eggs & Fridge",Nestle Pauls Jaffas Choc-orange Custard 170g,083850,$1.50,$0.88 / 100G,https://www.woolworths.com.au/shop/productdetails/83850/nestle-pauls-jaffas-choc-orange-custard,https://cdn0.woolworths.media/content/wowproductimages/medium/083850.jpg,2020-09-21 17:27:05,,0,,True
fc14587d-c840-4d71-80ed-2821251fc4b8,Woolworths Supermarket,"Dairy, Eggs & Fridge",Vitasoy Prebiotic Soy Milk 1l,083860,$2.00,$2.00 / 1L,https://www.woolworths.com.au/shop/productdetails/83860/vitasoy-prebiotic-soy-milk,https://cdn0.woolworths.media/content/wowproductimages/medium/083860.jpg,2020-09-21 17:27:05,,0,,True
48e6725d-3302-4c20-8422-ac9c826bdc80,Woolworths Supermarket,"Dairy, Eggs & Fridge",Danone Yopro Protein 20g Salted Caramel Nut Protein Bar 68g,083976,$4.00,$5.88 / 100G,https://www.woolworths.com.au/shop/productdetails/83976/danone-yopro-protein-20g-salted-caramel-nut-protein-bar,https://cdn0.woolworths.media/content/wowproductimages/medium/083976.jpg,2020-09-21 17:27:05,,0,,True
7e9d58e5-cfe8-48b5-b64e-818ca4b72a55,Woolworths Supermarket,"Dairy, Eggs & Fridge",Chan's Yum Cha Veg Curry Puff 4 pack,083993,$5.00,$3.13 / 100G,https://www.woolworths.com.au/shop/productdetails/83993/chan-s-yum-cha-veg-curry-puff,https://cdn0.woolworths.media/content/wowproductimages/medium/083993.jpg,2020-09-21 17:27:05,,0,,True
a1e624bf-4bb5-4185-a9c3-422e588c13a8,Woolworths Supermarket,"Dairy, Eggs & Fridge",Sanitarium So Good Barista Edition Soy Milk 1l,083995,$3.00,$3.00 / 1L,https://www.woolworths.com.au/shop/productdetails/83995/sanitarium-so-good-barista-edition-soy-milk,https://cdn0.woolworths.media/content/wowproductimages/medium/083995.jpg,2020-09-21 17:27:05,,0,,True
7a81cf3a-0c21-4a16-890f-25113ac04de5,Woolworths Supermarket,"Dairy, Eggs & Fridge",Nakula Plant Based Probiotic Natural Yoghurt 500g,083996,$6.00,$1.20 / 100G,https://www.woolworths.com.au/shop/productdetails/83996/nakula-plant-based-probiotic-natural-yoghurt,https://cdn0.woolworths.media/content/wowproductimages/medium/083996.jpg,2020-09-21 17:27:05,,0,,True
189da134-957c-48d3-91fe-a637b5a5e296,Woolworths Supermarket,"Dairy, Eggs & Fridge",Bertolli Light Olive Oil Spread Family Pack 750g,083999,$4.00,$0.53 / 100G,https://www.woolworths.com.au/shop/productdetails/83999/bertolli-light-olive-oil-spread-family-pack,https://cdn0.woolworths.media/content/wowproductimages/medium/083999.jpg,2020-09-21 17:27:05,,0,,True
59c9823a-3e36-497b-87c9-7a426e123227,Woolworths Supermarket,"Dairy, Eggs & Fridge",President Butter Salted 200g,084267,$5.00,$2.50 / 100G,https://www.woolworths.com.au/shop/productdetails/84267/president-butter-salted,https://cdn0.woolworths.media/content/wowproductimages/medium/084267.jpg,2020-09-21 17:27:05,,0,,True
17ab907b-546f-4719-9fc7-cc126fe97444,Woolworths Supermarket,"Dairy, Eggs & Fridge",Danone Yopro Pineapple Guava Yoghurt 160g,084273,$2.40,$1.50 / 100G,https://www.woolworths.com.au/shop/productdetails/84273/danone-yopro-pineapple-guava-yoghurt,https://cdn0.woolworths.media/content/wowproductimages/medium/084273.jpg,2020-09-21 17:27:05,,0,,True
6f12b32d-3793-4456-b44f-e46f27fe359f,Woolworths Supermarket,"Dairy, Eggs & Fridge",Farmers Union Greek Style Protein Yoghurt 500g,084338,$3.50,$0.70 / 100G,https://www.woolworths.com.au/shop/productdetails/84338/farmers-union-greek-style-protein-yoghurt,https://cdn0.woolworths.media/content/wowproductimages/medium/084338.jpg,2020-09-21 17:27:05,,0,,True
dc7eebab-6639-4874-8635-ef3c371b6be5,Woolworths Supermarket,"Dairy, Eggs & Fridge",Gippsland Caramelised Pineapple Twist Yoghurt 720g,084633,$7.00,$0.97 / 100G,https://www.woolworths.com.au/shop/productdetails/84633/gippsland-caramelised-pineapple-twist-yoghurt,https://cdn0.woolworths.media/content/wowproductimages/medium/084633.jpg,2020-09-21 17:27:05,,0,,True
aac1780e-e98e-4634-b126-4fb3853fba59,Woolworths Supermarket,"Dairy, Eggs & Fridge",Dodoni Fetta Cheese 200g,084639,$6.00,$30.00 / 1KG,https://www.woolworths.com.au/shop/productdetails/84639/dodoni-fetta-cheese,https://cdn0.woolworths.media/content/wowproductimages/medium/084639.jpg,2020-09-21 17:27:05,,0,Was $7.00 18/09/2017,True
ab436e06-6436-4571-8262-6959f5b10a2b,Woolworths Supermarket,"Dairy, Eggs & Fridge",Chobani Fitx Salted Caramel Craze Yoghurt 140g,084682,$3.50,$2.50 / 100G,https://www.woolworths.com.au/shop/productdetails/84682/chobani-fitx-salted-caramel-craze-yoghurt,https://cdn0.woolworths.media/content/wowproductimages/medium/084682.jpg,2020-09-21 17:27:05,,0,,True
59cd5ec4-c22d-4581-8a93-64f7a3721ad6,Woolworths Supermarket,"Dairy, Eggs & Fridge",Vaalia Plus 10g Protein Yoghurt Vanilla 150g,084748,$1.50,$1.00 / 100G,https://www.woolworths.com.au/shop/productdetails/84748/vaalia-plus-10g-protein-yoghurt-vanilla,https://cdn0.woolworths.media/content/wowproductimages/medium/084748.jpg,2020-09-21 17:27:05,,0,,True
a6046075-c645-4237-99da-5703cf71e5f7,Woolworths Supermarket,"Dairy, Eggs & Fridge",Pauls Kids Birthday Cake Flavoured Yoghurt 70g,084918,$1.40,$2.00 / 100G,https://www.woolworths.com.au/shop/productdetails/84918/pauls-kids-birthday-cake-flavoured-yoghurt,https://cdn0.woolworths.media/content/wowproductimages/medium/084918.jpg,2020-09-21 17:27:05,,0,,True
e12332e5-9b14-42ab-8a28-696f4cf1887a,Woolworths Supermarket,"Dairy, Eggs & Fridge",Dairyworks Lemon & Peppercorn Butter 100g,084928,$3.00,$3.00 / 100G,https://www.woolworths.com.au/shop/productdetails/84928/dairyworks-lemon-peppercorn-butter,https://cdn0.woolworths.media/content/wowproductimages/medium/084928.jpg,2020-09-21 17:27:05,,0,,True
72b79f79-758e-4456-9d22-a27e42520c43,Woolworths Supermarket,"Dairy, Eggs & Fridge",Dairyworks Garlic & Sea Salt Butter 100g,084929,$3.00,$3.00 / 100G,https://www.woolworths.com.au/shop/productdetails/84929/dairyworks-garlic-sea-salt-butter,https://cdn0.woolworths.media/content/wowproductimages/medium/084929.jpg,2020-09-21 17:27:05,,0,,True
3e762b58-3aa5-4a0f-b2a0-32785783e533,Woolworths Supermarket,"Dairy, Eggs & Fridge",Dairyworks Chipotle & Sea Salt Butter 100g,084930,$2.80,$2.80 / 100G,https://www.woolworths.com.au/shop/productdetails/84930/dairyworks-chipotle-sea-salt-butter,https://cdn0.woolworths.media/content/wowproductimages/medium/084930.jpg,2020-09-21 17:27:05,,0,,True
496cbfa8-bab1-423b-bdb8-0a01c81aa0d3,Woolworths Supermarket,"Dairy, Eggs & Fridge",Yogo Choc Yogo & Caramel Flavoured Drops 150g,084937,$2.50,$1.67 / 100G,https://www.woolworths.com.au/shop/productdetails/84937/yogo-choc-yogo-caramel-flavoured-drops,https://cdn0.woolworths.media/content/wowproductimages/medium/084937.jpg,2020-09-21 17:27:05,,0,,True
68af4aa6-6278-4c88-98e5-5ba430717406,Woolworths Supermarket,"Dairy, Eggs & Fridge",Perfect Italiano Shaved Parmesan 125g,360904,$3.25,$26.00 / 1KG,https://www.woolworths.com.au/shop/productdetails/360904/perfect-italiano-shaved-parmesan,https://cdn0.woolworths.media/content/wowproductimages/medium/360904.jpg,2020-09-21 17:27:05,,0,,True
16fc18e4-df6d-42eb-86fa-c91633ab004d,Woolworths Supermarket,"Dairy, Eggs & Fridge",Perfect Italiano Extra Sharp Grated Parmesan 125g,302306,$3.25,$26.00 / 1KG,https://www.woolworths.com.au/shop/productdetails/302306/perfect-italiano-extra-sharp-grated-parmesan,https://cdn0.woolworths.media/content/wowproductimages/medium/302306.jpg,2020-09-21 17:27:05,,0,,True
34fc7b79-1ec3-4a24-bd71-fdbfb721501e,Woolworths Supermarket,"Dairy, Eggs & Fridge",Woolworths Single Leaf Baby Spinach 280g,524336,$5.00,$17.86 / 1KG,https://www.woolworths.com.au/shop/productdetails/524336/woolworths-single-leaf-baby-spinach,https://cdn0.woolworths.media/content/wowproductimages/medium/524336.jpg,2020-09-21 17:27:05,Average product rating out of 5: 4.8. Product score is based on 532 ratings,532,,True
32447cc5-3949-42b4-a37f-a77de8270bb9,Woolworths Supermarket,"Dairy, Eggs & Fridge",Woolworths Thickened Cream 300ml,044317,$1.90,$0.63 / 100ML,https://www.woolworths.com.au/shop/productdetails/44317/woolworths-thickened-cream,https://cdn0.woolworths.media/content/wowproductimages/medium/044317.jpg,2020-09-21 17:27:05,Average product rating out of 5: 4.9. Product score is based on 629 ratings,629,,True
bc125897-0db7-4295-a409-d22c8289365e,Woolworths Supermarket,"Dairy, Eggs & Fridge",Woolworths Baby Leaf Spinach 120g,524322,$3.00,$25.00 / 1KG,https://www.woolworths.com.au/shop/productdetails/524322/woolworths-baby-leaf-spinach,https://cdn0.woolworths.media/content/wowproductimages/medium/524322.jpg,2020-09-21 17:27:05,Average product rating out of 5: 4.7. Product score is based on 2842 ratings,2842,,True
626edb83-21f2-46f0-a90e-7aa1a9487db5,Woolworths Supermarket,"Dairy, Eggs & Fridge",Hillview Cheese Block 1kg,500187,$8.00,$8.00 / 1KG,https://www.woolworths.com.au/shop/productdetails/500187/hillview-cheese-block,https://cdn0.woolworths.media/content/wowproductimages/medium/500187.jpg,2020-09-21 17:27:05,Average product rating out of 5: 4.5. Product score is based on 66 ratings,66,,True
c0ab83d5-b3f1-4e33-8cc7-4d683d3e2225,Woolworths Supermarket,"Dairy, Eggs & Fridge",Woolworths Drought Relief Full Cream Milk 2l,807383,$2.39,$1.20 / 1L,https://www.woolworths.com.au/shop/productdetails/807383/woolworths-drought-relief-full-cream-milk,https://cdn0.woolworths.media/content/wowproductimages/medium/807383.jpg,2020-09-21 17:27:05,Average product rating out of 5: 4.7. Product score is based on 385 ratings,385,,True
9f3e2d2f-f88c-4b6b-9e71-05abd16e2d42,Woolworths Supermarket,"Dairy, Eggs & Fridge",Hillview Tasty Shredded Cheese 700g,491820,$6.60,$9.43 / 1KG,https://www.woolworths.com.au/shop/productdetails/491820/hillview-tasty-shredded-cheese,https://cdn0.woolworths.media/content/wowproductimages/medium/491820.jpg,2020-09-21 17:27:05,Average product rating out of 5: 4.5. Product score is based on 48 ratings,48,,True
25155d07-9aa3-4284-9e59-4ff810af7f5e,Woolworths Supermarket,"Dairy, Eggs & Fridge",Woolworths Drought Relief Lite Milk 3l,807386,$3.59,$1.20 / 1L,https://www.woolworths.com.au/shop/productdetails/807386/woolworths-drought-relief-lite-milk,https://cdn0.woolworths.media/content/wowproductimages/medium/807386.jpg,2020-09-21 17:27:05,,0,,True
5748f859-ac71-4cf7-ae26-5f729f46b802,Woolworths Supermarket,"Dairy, Eggs & Fridge",Woolworths Uht Full Cream Milk 1l,748595,$1.25,$1.25 / 1L,https://www.woolworths.com.au/shop/productdetails/748595/woolworths-uht-full-cream-milk,https://cdn0.woolworths.media/content/wowproductimages/medium/748595.jpg,2020-09-21 17:27:05,Average product rating out of 5: 4.9. Product score is based on 36 ratings,36,,True
f7ac1a96-5965-4453-96dd-a982fc8df1f0,Woolworths Supermarket,"Dairy, Eggs & Fridge",Woolworths Tasty Shredded Cheese 500g,729026,$6.00,$12.00 / 1KG,https://www.woolworths.com.au/shop/productdetails/729026/woolworths-tasty-shredded-cheese,https://cdn0.woolworths.media/content/wowproductimages/medium/729026.jpg,2020-09-21 17:27:05,Average product rating out of 5: 4.6. Product score is based on 500 ratings,500,,True
a37284a5-e1fc-4fff-a2f1-b33c83354f66,Woolworths Supermarket,"Dairy, Eggs & Fridge",Woolworths Baby Spinach Salad Bag 60g,379515,$2.00,$33.33 / 1KG,https://www.woolworths.com.au/shop/productdetails/379515/woolworths-baby-spinach-salad-bag,https://cdn0.woolworths.media/content/wowproductimages/medium/379515.jpg,2020-09-21 17:27:05,Average product rating out of 5: 4.7. Product score is based on 725 ratings,725,,True
0fd65f17-49ed-4bd1-b0f8-981f4f4f3c2d,Woolworths Supermarket,"Dairy, Eggs & Fridge",Almond Breeze Unsweetened Almond Milk 1l,761604,$2.50,$2.50 / 1L,https://www.woolworths.com.au/shop/productdetails/761604/almond-breeze-unsweetened-almond-milk,https://cdn0.woolworths.media/content/wowproductimages/medium/761604.jpg,2020-09-21 17:27:05,,0,Was $3.25 13/03/2017,True
ca653695-8f96-4e95-9772-c52673d614b1,Woolworths Supermarket,"Dairy, Eggs & Fridge",Western Star Original Spreadable 500g,069756,$6.00,$1.20 / 100G,https://www.woolworths.com.au/shop/productdetails/69756/western-star-original-spreadable,https://cdn0.woolworths.media/content/wowproductimages/medium/069756.jpg,2020-09-21 17:27:05,,0,,True
d792fe3b-d50f-46ab-8d8e-86eb7e430f48,Woolworths Supermarket,"Dairy, Eggs & Fridge",Woolworths Sour Cream 300ml,105609,$2.10,$0.70 / 100ML,https://www.woolworths.com.au/shop/productdetails/105609/woolworths-sour-cream,https://cdn0.woolworths.media/content/wowproductimages/medium/105609.jpg,2020-09-21 17:27:05,Average product rating out of 5: 4.5. Product score is based on 1353 ratings,1353,,True
84228fee-f373-46f9-bcaf-35ad29bf0a16,Woolworths Supermarket,"Dairy, Eggs & Fridge",Woolworths Thickened Cream 600ml,048720,$3.00,$0.50 / 100ML,https://www.woolworths.com.au/shop/productdetails/48720/woolworths-thickened-cream,https://cdn0.woolworths.media/content/wowproductimages/medium/048720.jpg,2020-09-21 17:27:05,Average product rating out of 5: 4.8. Product score is based on 740 ratings,740,,True
a27b92ac-2320-415a-be44-93b894d2f644,Woolworths Supermarket,"Dairy, Eggs & Fridge",Woolworths Mozzarella Shredded Cheese 500g,728983,$6.00,$12.00 / 1KG,https://www.woolworths.com.au/shop/productdetails/728983/woolworths-mozzarella-shredded-cheese,https://cdn0.woolworths.media/content/wowproductimages/medium/728983.jpg,2020-09-21 17:27:05,Average product rating out of 5: 4.5. Product score is based on 469 ratings,469,,True
bd62b46c-c40c-4ef1-836b-e6fadf7f1103,Woolworths Supermarket,"Dairy, Eggs & Fridge",Woolworths Drought Relief Full Cream Milk 3l,807384,$3.59,$1.20 / 1L,https://www.woolworths.com.au/shop/productdetails/807384/woolworths-drought-relief-full-cream-milk,https://cdn0.woolworths.media/content/wowproductimages/medium/807384.jpg,2020-09-21 17:27:05,,0,,True
d992b28c-c6fe-4d2d-b402-4a65ecd3c4c3,Woolworths Supermarket,"Dairy, Eggs & Fridge",Just 4 You 12 Extra Large Caged Eggs 700g,893974,$3.50,$0.50 / 100G,https://www.woolworths.com.au/shop/productdetails/893974/just-4-you-12-extra-large-caged-eggs,https://cdn0.woolworths.media/content/wowproductimages/medium/893974.jpg,2020-09-21 17:27:05,,0,,True
5fb6fa19-03a4-481a-aff1-5d6807899a13,Woolworths Supermarket,"Dairy, Eggs & Fridge",Woolworths Drought Relief Lite Milk 2l,807385,$2.39,$1.20 / 1L,https://www.woolworths.com.au/shop/productdetails/807385/woolworths-drought-relief-lite-milk,https://cdn0.woolworths.media/content/wowproductimages/medium/807385.jpg,2020-09-21 17:27:05,,0,,True
1c53d9ae-3d03-4967-a48a-8cdb1164afcd,Woolworths Supermarket,"Dairy, Eggs & Fridge",Siggi's 4% Milkfat Yoghurt Lemon 125g,085000,$1.25,$1.00 / 100G,https://www.woolworths.com.au/shop/productdetails/85000/siggi-s-4-milkfat-yoghurt-lemon,https://cdn0.woolworths.media/content/wowproductimages/medium/085000.jpg,2020-09-21 17:27:05,,0,,True
edf9e84b-9b1b-4808-a858-0faeffcf975e,Woolworths Supermarket,"Dairy, Eggs & Fridge",Siggi's 4% Milkfat Yoghurt Passionfruit 125g,085030,$1.25,$1.00 / 100G,https://www.woolworths.com.au/shop/productdetails/85030/siggi-s-4-milkfat-yoghurt-passionfruit,https://cdn0.woolworths.media/content/wowproductimages/medium/085030.jpg,2020-09-21 17:27:05,,0,,True
523dfc07-2f60-407f-8a47-3fdd4e5100cc,Woolworths Supermarket,"Dairy, Eggs & Fridge",Vitasoy Almond & Protein Unsweetened Milk 1l,085042,$4.50,$4.50 / 1L,https://www.woolworths.com.au/shop/productdetails/85042/vitasoy-almond-protein-unsweetened-milk,https://cdn0.woolworths.media/content/wowproductimages/medium/085042.jpg,2020-09-21 17:27:05,,0,,True
7428c16f-382f-413e-8837-8f24e41d4578,Woolworths Supermarket,"Dairy, Eggs & Fridge",Siggi's 4% Yoghurt Raspberry 500g,085058,$5.00,$1.00 / 100G,https://www.woolworths.com.au/shop/productdetails/85058/siggi-s-4-yoghurt-raspberry,https://cdn0.woolworths.media/content/wowproductimages/medium/085058.jpg,2020-09-21 17:27:05,,0,,True
ba06185a-5988-4b3d-acdc-a6d0d1b55cd3,Woolworths Supermarket,"Dairy, Eggs & Fridge",Farmers Union Greek Style Lactose Free Yoghurt 500g,085067,$3.50,$0.70 / 100G,https://www.woolworths.com.au/shop/productdetails/85067/farmers-union-greek-style-lactose-free-yoghurt,https://cdn0.woolworths.media/content/wowproductimages/medium/085067.jpg,2020-09-21 17:27:05,,0,,True
c39baf0d-fd20-4173-9772-8553dfe8f2e4,Woolworths Supermarket,"Dairy, Eggs & Fridge",Siggi's 4% Milkfat Yoghurt Vanilla 500g,085089,$5.00,$1.00 / 100G,https://www.woolworths.com.au/shop/productdetails/85089/siggi-s-4-milkfat-yoghurt-vanilla,https://cdn0.woolworths.media/content/wowproductimages/medium/085089.jpg,2020-09-21 17:27:05,,0,,True
8951bb4e-f83f-4607-9b19-af9482b5a80b,Woolworths Supermarket,"Dairy, Eggs & Fridge",Siggi's 4% Milkfat Yoghurt Strawberry 125g,085134,$1.25,$1.00 / 100G,https://www.woolworths.com.au/shop/productdetails/85134/siggi-s-4-milkfat-yoghurt-strawberry,https://cdn0.woolworths.media/content/wowproductimages/medium/085134.jpg,2020-09-21 17:27:05,,0,,True
9516e9f9-6d46-4ddf-8fee-7bb0eab1b7aa,Woolworths Supermarket,"Dairy, Eggs & Fridge",Yogo Choc Yogo & Honeycomb Bites 150g,085160,$2.50,$1.67 / 100G,https://www.woolworths.com.au/shop/productdetails/85160/yogo-choc-yogo-honeycomb-bites,https://cdn0.woolworths.media/content/wowproductimages/medium/085160.jpg,2020-09-21 17:27:05,,0,,True
90810ed7-8c33-4b30-bfaf-f6578640206d,Woolworths Supermarket,"Dairy, Eggs & Fridge",Bonsoy Almond Milk 1l,085169,$4.90,$4.90 / 1L,https://www.woolworths.com.au/shop/productdetails/85169/bonsoy-almond-milk,https://cdn0.woolworths.media/content/wowproductimages/medium/085169.jpg,2020-09-21 17:27:05,,0,,True
0af5d9e4-b581-4b91-ab6f-7b1f205b4ea4,Woolworths Supermarket,"Dairy, Eggs & Fridge",Nakula Plant Based Probiotic Vanilla Yoghurt 150g,085174,$2.50,$1.67 / 100G,https://www.woolworths.com.au/shop/productdetails/85174/nakula-plant-based-probiotic-vanilla-yoghurt,https://cdn0.woolworths.media/content/wowproductimages/medium/085174.jpg,2020-09-21 17:27:05,,0,,True
981ea6d8-53b7-421f-8698-e7128f06f672,Woolworths Supermarket,"Dairy, Eggs & Fridge",Baker & Co. Garlic Butter Brioche Buns 4 pack,085175,$3.00,$1.62 / 100G,https://www.woolworths.com.au/shop/productdetails/85175/baker-co-garlic-butter-brioche-buns,https://cdn0.woolworths.media/content/wowproductimages/medium/085175.jpg,2020-09-21 17:27:05,,0,,True
98f2e893-af5b-46eb-998a-36feed7ac92a,Woolworths Supermarket,"Dairy, Eggs & Fridge",Farmers Union Greek Style Probiotic Yoghurt 500g,085193,$3.50,$0.70 / 100G,https://www.woolworths.com.au/shop/productdetails/85193/farmers-union-greek-style-probiotic-yoghurt,https://cdn0.woolworths.media/content/wowproductimages/medium/085193.jpg,2020-09-21 17:27:05,,0,,True
928f351d-8254-40a4-af0b-2c4825d53c6f,Woolworths Supermarket,"Dairy, Eggs & Fridge",Bertolli Classic Olive Oil Spread Family Pack 750g,085285,$4.00,$0.53 / 100G,https://www.woolworths.com.au/shop/productdetails/85285/bertolli-classic-olive-oil-spread-family-pack,https://cdn0.woolworths.media/content/wowproductimages/medium/085285.jpg,2020-09-21 17:27:05,,0,,True
49fcabeb-2720-440b-9644-b91a852fffd6,Woolworths Supermarket,"Dairy, Eggs & Fridge",Nakula Plant Based Probiotic Vanilla Yoghurt 500g,085302,$6.00,$1.20 / 100G,https://www.woolworths.com.au/shop/productdetails/85302/nakula-plant-based-probiotic-vanilla-yoghurt,https://cdn0.woolworths.media/content/wowproductimages/medium/085302.jpg,2020-09-21 17:27:05,,0,,True
218219d7-a571-4070-8b82-10418f9c8058,Woolworths Supermarket,"Dairy, Eggs & Fridge",Siggi's 4% Milkfat Yoghurt Mango 500g,085304,$5.00,$1.00 / 100G,https://www.woolworths.com.au/shop/productdetails/85304/siggi-s-4-milkfat-yoghurt-mango,https://cdn0.woolworths.media/content/wowproductimages/medium/085304.jpg,2020-09-21 17:27:05,,0,,True
b5f9d370-e18a-4e34-a5be-15b968319e51,Woolworths Supermarket,"Dairy, Eggs & Fridge",Yumi's Traditional Garlic Dip 200g,085313,$4.00,$2.00 / 100G,https://www.woolworths.com.au/shop/productdetails/85313/yumi-s-traditional-garlic-dip,https://cdn0.woolworths.media/content/wowproductimages/medium/085313.jpg,2020-09-21 17:27:05,,0,,True
46ca3545-aa42-4af2-a6f1-8e34ddb087bc,Woolworths Supermarket,"Dairy, Eggs & Fridge",Flora Plant Dairy Free Buttery 300g,085322,$3.20,$1.07 / 100G,https://www.woolworths.com.au/shop/productdetails/85322/flora-plant-dairy-free-buttery,https://cdn0.woolworths.media/content/wowproductimages/medium/085322.jpg,2020-09-21 17:27:05,,0,,True
ce655dec-72d8-433c-8b47-0c1955923b93,Woolworths Supermarket,"Dairy, Eggs & Fridge",Bertolli Buttery Olive Oil Spread Family Pack 750g,085332,$4.50,$0.60 / 100G,https://www.woolworths.com.au/shop/productdetails/85332/bertolli-buttery-olive-oil-spread-family-pack,https://cdn0.woolworths.media/content/wowproductimages/medium/085332.jpg,2020-09-21 17:27:05,,0,Was $5.00 27/07/2020,True
e4483f10-268e-4756-91d1-1aa60436f2af,Woolworths Supermarket,"Dairy, Eggs & Fridge",Yumi's Sweet Potato & Roasted Cashew 65g x3 pack,085415,$3.50,$1.79 / 100G,https://www.woolworths.com.au/shop/productdetails/85415/yumi-s-sweet-potato-roasted-cashew,https://cdn0.woolworths.media/content/wowproductimages/medium/085415.jpg,2020-09-21 17:27:05,,0,,True
5996450e-8a38-4511-8a97-a5ba0591a9f7,Woolworths Supermarket,"Dairy, Eggs & Fridge",La Famiglia Bread Pan Style Slices 6 pack,085423,$5.35,$1.19 / 100G,https://www.woolworths.com.au/shop/productdetails/85423/la-famiglia-bread-pan-style-slices,https://cdn0.woolworths.media/content/wowproductimages/medium/085423.jpg,2020-09-21 17:27:05,,0,,True
10f1c7e3-5446-41f7-87be-9b941af98435,Woolworths Supermarket,"Dairy, Eggs & Fridge",Flora Plant Dairy Free Original 300g,085445,$3.20,$1.07 / 100G,https://www.woolworths.com.au/shop/productdetails/85445/flora-plant-dairy-free-original,https://cdn0.woolworths.media/content/wowproductimages/medium/085445.jpg,2020-09-21 17:27:05,,0,,True
23b976f9-5e63-41c7-9961-0015f0cabeb7,Woolworths Supermarket,"Dairy, Eggs & Fridge",Five:am Simply Greek Yoghurt Pot Set 1.8kg,085478,$9.50,$0.53 / 100G,https://www.woolworths.com.au/shop/productdetails/85478/five-am-simply-greek-yoghurt-pot-set,https://cdn0.woolworths.media/content/wowproductimages/medium/085478.jpg,2020-09-21 17:27:05,,0,,True
9491cabb-2b44-4743-9571-12d415b453c0,Woolworths Supermarket,"Dairy, Eggs & Fridge",Nuttelex Buttery 1kg,085577,$6.00,$0.60 / 100G,https://www.woolworths.com.au/shop/productdetails/85577/nuttelex-buttery,https://cdn0.woolworths.media/content/wowproductimages/medium/085577.jpg,2020-09-21 17:27:05,,0,,True
46b03eb1-c0a5-42e1-8cfe-24e4ba0620df,Woolworths Supermarket,"Dairy, Eggs & Fridge",Jarlsberg Cheese Pre-wrapped min. 230g,085726,$25.00,$25.00 / 1KG,https://www.woolworths.com.au/shop/productdetails/85726/jarlsberg-cheese-pre-wrapped,https://cdn0.woolworths.media/content/wowproductimages/medium/085726.jpg,2020-09-21 17:27:05,,0,,True
d8de3b46-14d9-4fa9-a6ab-b8fd638209bd,Woolworths Supermarket,"Dairy, Eggs & Fridge",Coon Cheese Slices Tasty 750g,187899,$10.00,$13.33 / 1KG,https://www.woolworths.com.au/shop/productdetails/187899/coon-cheese-slices-tasty,https://cdn0.woolworths.media/content/wowproductimages/medium/187899.jpg,2020-09-21 17:27:05,,0,Was $12.00 07/07/2020,True
ab0c8eaa-e3b4-41f1-9408-3a80096518a4,Woolworths Supermarket,"Dairy, Eggs & Fridge",Flora Proactiv Margarine Buttery 750g,763453,$10.00,$1.33 / 100G,https://www.woolworths.com.au/shop/productdetails/763453/flora-proactiv-margarine-buttery,https://cdn0.woolworths.media/content/wowproductimages/medium/763453.jpg,2020-09-21 17:27:05,,0,,True
6288e8f5-f6b7-4311-b49c-eb7cea5a8e4f,Woolworths Supermarket,"Dairy, Eggs & Fridge",A2 Full Cream Milk 2l,208064,$5.30,$2.65 / 1L,https://www.woolworths.com.au/shop/productdetails/208064/a2-full-cream-milk,https://cdn0.woolworths.media/content/wowproductimages/medium/208064.jpg,2020-09-21 17:27:05,,0,,True
63f2aef2-94c5-43ec-af1d-40e561c907f0,Woolworths Supermarket,"Dairy, Eggs & Fridge",Woolworths Baby Leaf Spinach 120g,524322,$3.00,$25.00 / 1KG,https://www.woolworths.com.au/shop/productdetails/524322/woolworths-baby-leaf-spinach,https://cdn0.woolworths.media/content/wowproductimages/medium/524322.jpg,2020-09-21 17:27:05,Average product rating out of 5: 4.7. Product score is based on 2842 ratings,2842,,True
19e05e79-f02f-44de-bb76-33324eb7255e,Woolworths Supermarket,"Dairy, Eggs & Fridge",Woolworths Drought Relief Lite Milk 3l,807386,$3.59,$1.20 / 1L,https://www.woolworths.com.au/shop/productdetails/807386/woolworths-drought-relief-lite-milk,https://cdn0.woolworths.media/content/wowproductimages/medium/807386.jpg,2020-09-21 17:27:05,,0,,True
a32191f8-5608-4d7e-a69b-dbb12449f803,Woolworths Supermarket,"Dairy, Eggs & Fridge",Just 4 You 12 Extra Large Caged Eggs 700g,893974,$3.50,$0.50 / 100G,https://www.woolworths.com.au/shop/productdetails/893974/just-4-you-12-extra-large-caged-eggs,https://cdn0.woolworths.media/content/wowproductimages/medium/893974.jpg,2020-09-21 17:27:05,,0,,True
ba7c6ef5-9ec1-4fb9-a861-f30147cd8011,Woolworths Supermarket,"Dairy, Eggs & Fridge",Woolworths Drought Relief Full Cream Milk 2l,807383,$2.39,$1.20 / 1L,https://www.woolworths.com.au/shop/productdetails/807383/woolworths-drought-relief-full-cream-milk,https://cdn0.woolworths.media/content/wowproductimages/medium/807383.jpg,2020-09-21 17:27:05,Average product rating out of 5: 4.7. Product score is based on 385 ratings,385,,True
cb32f22e-0788-467d-9d4b-0fb2428650e2,Woolworths Supermarket,"Dairy, Eggs & Fridge",Woolworths Drought Relief Lite Milk 2l,807385,$2.39,$1.20 / 1L,https://www.woolworths.com.au/shop/productdetails/807385/woolworths-drought-relief-lite-milk,https://cdn0.woolworths.media/content/wowproductimages/medium/807385.jpg,2020-09-21 17:27:05,,0,,True
e16b6c2a-4687-4e63-98f7-54608da91086,Woolworths Supermarket,"Dairy, Eggs & Fridge",Woolworths Tasty Shredded Cheese 500g,729026,$6.00,$12.00 / 1KG,https://www.woolworths.com.au/shop/productdetails/729026/woolworths-tasty-shredded-cheese,https://cdn0.woolworths.media/content/wowproductimages/medium/729026.jpg,2020-09-21 17:27:05,Average product rating out of 5: 4.6. Product score is based on 500 ratings,500,,True
9226f4bf-ff3e-49de-ae65-cd20ca9564e2,Woolworths Supermarket,"Dairy, Eggs & Fridge",Woolworths Thickened Cream 600ml,048720,$3.00,$0.50 / 100ML,https://www.woolworths.com.au/shop/productdetails/48720/woolworths-thickened-cream,https://cdn0.woolworths.media/content/wowproductimages/medium/048720.jpg,2020-09-21 17:27:05,Average product rating out of 5: 4.8. Product score is based on 740 ratings,740,,True
701ed465-7370-4bbd-a822-483632cbf679,Woolworths Supermarket,"Dairy, Eggs & Fridge",Hillview Tasty Shredded Cheese 700g,491820,$6.60,$9.43 / 1KG,https://www.woolworths.com.au/shop/productdetails/491820/hillview-tasty-shredded-cheese,https://cdn0.woolworths.media/content/wowproductimages/medium/491820.jpg,2020-09-21 17:27:05,Average product rating out of 5: 4.5. Product score is based on 48 ratings,48,,True
0df03494-0fe7-4370-8edf-9c44c78ebbd1,Woolworths Supermarket,"Dairy, Eggs & Fridge",Woolworths Single Leaf Baby Spinach 280g,524336,$5.00,$17.86 / 1KG,https://www.woolworths.com.au/shop/productdetails/524336/woolworths-single-leaf-baby-spinach,https://cdn0.woolworths.media/content/wowproductimages/medium/524336.jpg,2020-09-21 17:27:05,Average product rating out of 5: 4.8. Product score is based on 532 ratings,532,,True
813ef416-dfa8-46ae-accf-9ffa32d91070,Woolworths Supermarket,"Dairy, Eggs & Fridge",Woolworths Drought Relief Full Cream Milk 3l,807384,$3.59,$1.20 / 1L,https://www.woolworths.com.au/shop/productdetails/807384/woolworths-drought-relief-full-cream-milk,https://cdn0.woolworths.media/content/wowproductimages/medium/807384.jpg,2020-09-21 17:27:05,,0,,True
6ec2a93e-80d6-4e9b-8197-f1b6cd656674,Woolworths Supermarket,"Dairy, Eggs & Fridge",Almond Breeze Unsweetened Almond Milk 1l,761604,$2.50,$2.50 / 1L,https://www.woolworths.com.au/shop/productdetails/761604/almond-breeze-unsweetened-almond-milk,https://cdn0.woolworths.media/content/wowproductimages/medium/761604.jpg,2020-09-21 17:27:05,,0,Was $3.25 13/03/2017,True
55ac2b93-43e4-4d09-b791-b3cd66d43157,Woolworths Supermarket,"Dairy, Eggs & Fridge",Woolworths Uht Full Cream Milk 1l,748595,$1.25,$1.25 / 1L,https://www.woolworths.com.au/shop/productdetails/748595/woolworths-uht-full-cream-milk,https://cdn0.woolworths.media/content/wowproductimages/medium/748595.jpg,2020-09-21 17:27:05,Average product rating out of 5: 4.9. Product score is based on 36 ratings,36,,True
686a523c-0d5d-43cc-94df-5802a50cedef,Woolworths Supermarket,"Dairy, Eggs & Fridge",Western Star Original Spreadable 500g,069756,$6.00,$1.20 / 100G,https://www.woolworths.com.au/shop/productdetails/69756/western-star-original-spreadable,https://cdn0.woolworths.media/content/wowproductimages/medium/069756.jpg,2020-09-21 17:27:05,,0,,True
59be2983-a31c-404e-a6cb-785249abd83c,Woolworths Supermarket,"Dairy, Eggs & Fridge",Hillview Cheese Block 1kg,500187,$8.00,$8.00 / 1KG,https://www.woolworths.com.au/shop/productdetails/500187/hillview-cheese-block,https://cdn0.woolworths.media/content/wowproductimages/medium/500187.jpg,2020-09-21 17:27:05,Average product rating out of 5: 4.5. Product score is based on 66 ratings,66,,True
febcfc82-30a8-4b58-81d2-b34509db552c,Woolworths Supermarket,"Dairy, Eggs & Fridge",Woolworths Mozzarella Shredded Cheese 500g,728983,$6.00,$12.00 / 1KG,https://www.woolworths.com.au/shop/productdetails/728983/woolworths-mozzarella-shredded-cheese,https://cdn0.woolworths.media/content/wowproductimages/medium/728983.jpg,2020-09-21 17:27:05,Average product rating out of 5: 4.5. Product score is based on 469 ratings,469,,True
fdd86bdd-69c8-4464-90f4-26a13d6b48b7,Woolworths Supermarket,"Dairy, Eggs & Fridge",Woolworths Baby Spinach Salad Bag 60g,379515,$2.00,$33.33 / 1KG,https://www.woolworths.com.au/shop/productdetails/379515/woolworths-baby-spinach-salad-bag,https://cdn0.woolworths.media/content/wowproductimages/medium/379515.jpg,2020-09-21 17:27:05,Average product rating out of 5: 4.7. Product score is based on 725 ratings,725,,True
bb67d6d3-54a3-4a67-91d0-93d59f277f75,Woolworths Supermarket,"Dairy, Eggs & Fridge",A2 Light Milk 2l,208066,$5.30,$2.65 / 1L,https://www.woolworths.com.au/shop/productdetails/208066/a2-light-milk,https://cdn0.woolworths.media/content/wowproductimages/medium/208066.jpg,2020-09-21 17:27:05,,0,,True
a22c8cfc-60e2-49af-8eda-579519e56b03,Woolworths Supermarket,"Dairy, Eggs & Fridge",Jarlsberg Shaved Cheese per kg,085924,$25.00,$25.00 / 1KG,https://www.woolworths.com.au/shop/productdetails/85924/jarlsberg-shaved-cheese,https://cdn0.woolworths.media/content/wowproductimages/medium/085924.jpg,2020-09-21 17:27:05,,0,,True
7cc68a4e-6bf0-4d40-b2a3-b74219160b03,Woolworths Supermarket,"Dairy, Eggs & Fridge",Pureharvest Organic Oat Milk 1l,086298,$2.80,$2.80 / 1L,https://www.woolworths.com.au/shop/productdetails/86298/pureharvest-organic-oat-milk,https://cdn0.woolworths.media/content/wowproductimages/medium/086298.jpg,2020-09-21 17:27:05,,0,,True
f002beda-7719-4d91-92a3-c51150f03b78,Woolworths Supermarket,"Dairy, Eggs & Fridge",Wicked Sister Chocolate Panna Cotta With Salted Caramel 2 x150g,086558,$3.20,$1.07 / 100G,https://www.woolworths.com.au/shop/productdetails/86558/wicked-sister-chocolate-panna-cotta-with-salted-caramel,https://cdn0.woolworths.media/content/wowproductimages/medium/086558.jpg,2020-09-21 17:27:05,,0,,True
94ab178f-6428-4128-85a8-3361c54cf87a,Woolworths Supermarket,"Dairy, Eggs & Fridge",Lurpak Spreadable Slightly Salted 400g,087702,$6.50,$1.63 / 100G,https://www.woolworths.com.au/shop/productdetails/87702/lurpak-spreadable-slightly-salted,https://cdn0.woolworths.media/content/wowproductimages/medium/087702.jpg,2020-09-21 17:27:05,,0,,True
8409b686-1744-4e1b-bcbe-cb9b71e59cd2,Woolworths Supermarket,"Dairy, Eggs & Fridge",Westgold Full Cream Uht Milk 1kg,087769,$1.50,$1.50 / 1L,https://www.woolworths.com.au/shop/productdetails/87769/westgold-full-cream-uht-milk,https://cdn0.woolworths.media/content/wowproductimages/medium/087769.jpg,2020-09-21 17:27:05,,0,,True
dd42070b-f3cb-42d2-8849-123aa1fa78be,Woolworths Supermarket,"Dairy, Eggs & Fridge",Oak Nestle Peppermint Crisp Flavoured Milk 600ml,087880,$2.75,$4.58 / 1L,https://www.woolworths.com.au/shop/productdetails/87880/oak-nestle-peppermint-crisp-flavoured-milk,https://cdn0.woolworths.media/content/wowproductimages/medium/087880.jpg,2020-09-21 17:27:05,,0,,True
59169696-1307-4830-801d-20338c18cca8,Woolworths Supermarket,"Dairy, Eggs & Fridge",Westgold Full Cream Milk Powder 1l,088194,$10.00,$1.00 / 100G,https://www.woolworths.com.au/shop/productdetails/88194/westgold-full-cream-milk-powder,https://cdn0.woolworths.media/content/wowproductimages/medium/088194.jpg,2020-09-21 17:27:05,,0,,True
64134a3d-05da-4675-9215-30693e5e0195,Woolworths Supermarket,"Dairy, Eggs & Fridge",Oak Allen's Pineapples Flavoured Milk 600ml,088336,$2.75,$4.58 / 1L,https://www.woolworths.com.au/shop/productdetails/88336/oak-allen-s-pineapples-flavoured-milk,https://cdn0.woolworths.media/content/wowproductimages/medium/088336.jpg,2020-09-21 17:27:05,,0,,True
a068b65b-7c27-4e54-a017-a93a8acf7745,Woolworths Supermarket,"Dairy, Eggs & Fridge",Senza Gluten Free Pizza Base 220g,088352,$5.00,$2.27 / 100G,https://www.woolworths.com.au/shop/productdetails/88352/senza-gluten-free-pizza-base,https://cdn0.woolworths.media/content/wowproductimages/medium/088352.jpg,2020-09-21 17:27:05,,0,,True
593338ec-b2fe-4061-bf90-08c50cb96dff,Woolworths Supermarket,"Dairy, Eggs & Fridge",Senza Gluten Free Garlic & Herb Focaccia 250g,088385,$5.00,$2.00 / 100G,https://www.woolworths.com.au/shop/productdetails/88385/senza-gluten-free-garlic-herb-focaccia,https://cdn0.woolworths.media/content/wowproductimages/medium/088385.jpg,2020-09-21 17:27:05,,0,,True
a1d5b166-6b2e-4f61-822f-70697acdb33f,Woolworths Supermarket,"Dairy, Eggs & Fridge",Oak Allen's Fantales Flavoured Milk 600ml,088676,$2.75,$4.58 / 1L,https://www.woolworths.com.au/shop/productdetails/88676/oak-allen-s-fantales-flavoured-milk,https://cdn0.woolworths.media/content/wowproductimages/medium/088676.jpg,2020-09-21 17:27:05,,0,,True
c50d71ee-09cc-4327-9057-1b89f269460e,Woolworths Supermarket,"Dairy, Eggs & Fridge",Yumi's Traditional Garlic Dip 1kg,089320,$7.00,$0.70 / 100G,https://www.woolworths.com.au/shop/productdetails/89320/yumi-s-traditional-garlic-dip,https://cdn0.woolworths.media/content/wowproductimages/medium/089320.jpg,2020-09-21 17:27:05,,0,,True
c7b59ce0-ae46-4aa3-945b-ff29c3b97842,Woolworths Supermarket,"Dairy, Eggs & Fridge",Made With Plants Meat Free Tikka Masal With Rice & Corn 400g,090347,$9.00,$22.50 / 1KG,https://www.woolworths.com.au/shop/productdetails/90347/made-with-plants-meat-free-tikka-masal-with-rice-corn,https://cdn0.woolworths.media/content/wowproductimages/medium/090347.jpg,2020-09-21 17:27:05,,0,,True
b1b997f4-e05f-4789-9722-ecde26fa7387,Woolworths Supermarket,"Dairy, Eggs & Fridge",Made With Plants Meat Free Bacon 200g,090398,$8.00,$40.00 / 1KG,https://www.woolworths.com.au/shop/productdetails/90398/made-with-plants-meat-free-bacon,https://cdn0.woolworths.media/content/wowproductimages/medium/090398.jpg,2020-09-21 17:27:05,,0,,True
2cb77ddb-42a9-4e31-8070-3f614abb3456,Woolworths Supermarket,"Dairy, Eggs & Fridge",Made With Plants Meat Free Butter Chicken With Rice & Peas 400g,090628,$9.00,$22.50 / 1KG,https://www.woolworths.com.au/shop/productdetails/90628/made-with-plants-meat-free-butter-chicken-with-rice-peas,https://cdn0.woolworths.media/content/wowproductimages/medium/090628.jpg,2020-09-21 17:27:05,,0,,True
39c4ab12-41fa-47f2-900e-53199b920626,Woolworths Supermarket,"Dairy, Eggs & Fridge",Made With Plants Meat-free Meatballs In Mushroom Sauce With Mash 400g,090911,$9.00,$22.50 / 1KG,https://www.woolworths.com.au/shop/productdetails/90911/made-with-plants-meat-free-meatballs-in-mushroom-sauce-with-mash,https://cdn0.woolworths.media/content/wowproductimages/medium/090911.jpg,2020-09-21 17:27:05,,0,,True
d5da84c9-4d94-40e7-8cfe-b4931c3ce37f,Woolworths Supermarket,"Dairy, Eggs & Fridge",Antoniou Fillo Pastry 375g,090922,$4.00,$1.07 / 100G,https://www.woolworths.com.au/shop/productdetails/90922/antoniou-fillo-pastry,https://cdn0.woolworths.media/content/wowproductimages/medium/090922.jpg,2020-09-21 17:27:05,,0,,True
8da468b6-f8d5-4a08-87e5-519440ef008b,Woolworths Supermarket,"Dairy, Eggs & Fridge",Marsh's Extra Tasty Cheese min. 300g,091380,$13.90,$13.90 / 1KG,https://www.woolworths.com.au/shop/productdetails/91380/marsh-s-extra-tasty-cheese,https://cdn0.woolworths.media/content/wowproductimages/medium/091380.jpg,2020-09-21 17:27:05,,0,,True
eb8f1c3f-d0e2-4ac7-8817-686efcbbb26d,Woolworths Supermarket,"Dairy, Eggs & Fridge",Darikay Classic Vegetable Soup 550g,091550,$6.50,$1.18 / 100G,https://www.woolworths.com.au/shop/productdetails/91550/darikay-classic-vegetable-soup,https://cdn0.woolworths.media/content/wowproductimages/medium/091550.jpg,2020-09-21 17:27:05,,0,,True
58c15a88-25ad-467c-9cc2-9078635a0de7,Woolworths Supermarket,"Dairy, Eggs & Fridge",Macro Vegie-lish Mexican Inspired Burger 250g,091794,$3.25,$13.00 / 1KG,https://www.woolworths.com.au/shop/productdetails/91794/macro-vegie-lish-mexican-inspired-burger,https://cdn0.woolworths.media/content/wowproductimages/medium/091794.jpg,2020-09-21 17:27:05,,0,,True
2575cd01-5da2-469a-a69a-1eea075ca16b,Woolworths Supermarket,"Dairy, Eggs & Fridge",Yumi's Classic Veggie Burger 250g,092303,$7.00,$28.00 / 1KG,https://www.woolworths.com.au/shop/productdetails/92303/yumi-s-classic-veggie-burger,https://cdn0.woolworths.media/content/wowproductimages/medium/092303.jpg,2020-09-21 17:27:05,,0,,True
c61d711b-5343-481a-8621-6877cee39e7a,Woolworths Supermarket,"Dairy, Eggs & Fridge",Pace Farm 12 Extra Large Free Range Eggs 700g,092953,$5.95,$0.85 / 100G,https://www.woolworths.com.au/shop/productdetails/92953/pace-farm-12-extra-large-free-range-eggs,https://cdn0.woolworths.media/content/wowproductimages/medium/092953.jpg,2020-09-21 17:27:05,,0,,True
6b41fc85-d89d-4553-9120-6d4c4ffbf486,Woolworths Supermarket,"Dairy, Eggs & Fridge",Pace Farm 12 Jumbo Free Range Eggs 800g,092955,$6.50,$0.81 / 100G,https://www.woolworths.com.au/shop/productdetails/92955/pace-farm-12-jumbo-free-range-eggs,https://cdn0.woolworths.media/content/wowproductimages/medium/092955.jpg,2020-09-21 17:27:05,,0,,True
9d7fa996-0494-4a44-b390-882a61c06b23,Woolworths Supermarket,"Dairy, Eggs & Fridge",Jarlsberg Sliced Cheese per kg,093235,$25.00,$25.00 / 1KG,https://www.woolworths.com.au/shop/productdetails/93235/jarlsberg-sliced-cheese,https://cdn0.woolworths.media/content/wowproductimages/medium/093235.jpg,2020-09-21 17:27:05,,0,,True
4984fc4b-0511-418c-ad11-858d6172acf2,Woolworths Supermarket,"Dairy, Eggs & Fridge",Coon Cheese Slices Tasty 750g,187899,$10.00,$13.33 / 1KG,https://www.woolworths.com.au/shop/productdetails/187899/coon-cheese-slices-tasty,https://cdn0.woolworths.media/content/wowproductimages/medium/187899.jpg,2020-09-21 17:27:05,,0,Was $12.00 07/07/2020,True
3d8e3d65-d4e6-496d-b84f-7d72be3fabb2,Woolworths Supermarket,"Dairy, Eggs & Fridge",A2 Light Milk 2l,208066,$5.30,$2.65 / 1L,https://www.woolworths.com.au/shop/productdetails/208066/a2-light-milk,https://cdn0.woolworths.media/content/wowproductimages/medium/208066.jpg,2020-09-21 17:27:05,,0,,True
3a99b8f1-c73f-4a27-9504-c910cb407d50,Woolworths Supermarket,"Dairy, Eggs & Fridge",Woolworths Uht Full Cream Milk 1l,748595,$1.25,$1.25 / 1L,https://www.woolworths.com.au/shop/productdetails/748595/woolworths-uht-full-cream-milk,https://cdn0.woolworths.media/content/wowproductimages/medium/748595.jpg,2020-09-21 17:27:05,Average product rating out of 5: 4.9. Product score is based on 36 ratings,36,,True
d601cc4c-4226-4292-b620-fb1df3e1d354,Woolworths Supermarket,"Dairy, Eggs & Fridge",A2 Full Cream Milk 2l,208064,$5.30,$2.65 / 1L,https://www.woolworths.com.au/shop/productdetails/208064/a2-full-cream-milk,https://cdn0.woolworths.media/content/wowproductimages/medium/208064.jpg,2020-09-21 17:27:05,,0,,True
56e24e9b-536f-4e0f-8c7f-79c840513123,Woolworths Supermarket,"Dairy, Eggs & Fridge",Woolworths Drought Relief Full Cream Milk 2l,807383,$2.39,$1.20 / 1L,https://www.woolworths.com.au/shop/productdetails/807383/woolworths-drought-relief-full-cream-milk,https://cdn0.woolworths.media/content/wowproductimages/medium/807383.jpg,2020-09-21 17:27:05,Average product rating out of 5: 4.7. Product score is based on 385 ratings,385,,True
add10df9-ff9c-4c57-8697-764bae604340,Woolworths Supermarket,"Dairy, Eggs & Fridge",Woolworths Drought Relief Full Cream Milk 3l,807384,$3.59,$1.20 / 1L,https://www.woolworths.com.au/shop/productdetails/807384/woolworths-drought-relief-full-cream-milk,https://cdn0.woolworths.media/content/wowproductimages/medium/807384.jpg,2020-09-21 17:27:05,,0,,True
e61d29ce-e659-4dfb-9d0d-a8dd966f3e3a,Woolworths Supermarket,"Dairy, Eggs & Fridge",Just 4 You 12 Extra Large Caged Eggs 700g,893974,$3.50,$0.50 / 100G,https://www.woolworths.com.au/shop/productdetails/893974/just-4-you-12-extra-large-caged-eggs,https://cdn0.woolworths.media/content/wowproductimages/medium/893974.jpg,2020-09-21 17:27:05,,0,,True
dcb45601-c6b6-40be-98c2-000d72053080,Woolworths Supermarket,"Dairy, Eggs & Fridge",Woolworths Thickened Cream 600ml,048720,$3.00,$0.50 / 100ML,https://www.woolworths.com.au/shop/productdetails/48720/woolworths-thickened-cream,https://cdn0.woolworths.media/content/wowproductimages/medium/048720.jpg,2020-09-21 17:27:05,Average product rating out of 5: 4.8. Product score is based on 740 ratings,740,,True
73a4732b-edb4-4056-b027-8d26b4644073,Woolworths Supermarket,"Dairy, Eggs & Fridge",Woolworths Baby Leaf Spinach 120g,524322,$3.00,$25.00 / 1KG,https://www.woolworths.com.au/shop/productdetails/524322/woolworths-baby-leaf-spinach,https://cdn0.woolworths.media/content/wowproductimages/medium/524322.jpg,2020-09-21 17:27:05,Average product rating out of 5: 4.7. Product score is based on 2842 ratings,2842,,True
4ea910a5-ce12-41d4-a793-2b69e836598e,Woolworths Supermarket,"Dairy, Eggs & Fridge",Woolworths Single Leaf Baby Spinach 280g,524336,$5.00,$17.86 / 1KG,https://www.woolworths.com.au/shop/productdetails/524336/woolworths-single-leaf-baby-spinach,https://cdn0.woolworths.media/content/wowproductimages/medium/524336.jpg,2020-09-21 17:27:05,Average product rating out of 5: 4.8. Product score is based on 532 ratings,532,,True
c831b7cc-2bd8-44d1-876a-0ac101880790,Woolworths Supermarket,"Dairy, Eggs & Fridge",Western Star Original Spreadable 500g,069756,$6.00,$1.20 / 100G,https://www.woolworths.com.au/shop/productdetails/69756/western-star-original-spreadable,https://cdn0.woolworths.media/content/wowproductimages/medium/069756.jpg,2020-09-21 17:27:05,,0,,True
45badaad-66ca-4878-91d3-de857278b89b,Woolworths Supermarket,"Dairy, Eggs & Fridge",Hillview Cheese Block 1kg,500187,$8.00,$8.00 / 1KG,https://www.woolworths.com.au/shop/productdetails/500187/hillview-cheese-block,https://cdn0.woolworths.media/content/wowproductimages/medium/500187.jpg,2020-09-21 17:27:05,Average product rating out of 5: 4.5. Product score is based on 66 ratings,66,,True
e10381f1-0618-47c5-a9cf-79e7a04251c1,Woolworths Supermarket,"Dairy, Eggs & Fridge",Woolworths Mozzarella Shredded Cheese 500g,728983,$6.00,$12.00 / 1KG,https://www.woolworths.com.au/shop/productdetails/728983/woolworths-mozzarella-shredded-cheese,https://cdn0.woolworths.media/content/wowproductimages/medium/728983.jpg,2020-09-21 17:27:05,Average product rating out of 5: 4.5. Product score is based on 469 ratings,469,,True
d717c330-47fe-43ef-93c6-f9fd8ef06020,Woolworths Supermarket,"Dairy, Eggs & Fridge",Almond Breeze Unsweetened Almond Milk 1l,761604,$2.50,$2.50 / 1L,https://www.woolworths.com.au/shop/productdetails/761604/almond-breeze-unsweetened-almond-milk,https://cdn0.woolworths.media/content/wowproductimages/medium/761604.jpg,2020-09-21 17:27:05,,0,Was $3.25 13/03/2017,True
e3a8e3c5-f448-4654-a2c3-de4460025f76,Woolworths Supermarket,"Dairy, Eggs & Fridge",Woolworths Drought Relief Lite Milk 2l,807385,$2.39,$1.20 / 1L,https://www.woolworths.com.au/shop/productdetails/807385/woolworths-drought-relief-lite-milk,https://cdn0.woolworths.media/content/wowproductimages/medium/807385.jpg,2020-09-21 17:27:05,,0,,True
d314b4b9-6020-490d-a7ad-380b3cc04bb3,Woolworths Supermarket,"Dairy, Eggs & Fridge",Woolworths Tasty Shredded Cheese 500g,729026,$6.00,$12.00 / 1KG,https://www.woolworths.com.au/shop/productdetails/729026/woolworths-tasty-shredded-cheese,https://cdn0.woolworths.media/content/wowproductimages/medium/729026.jpg,2020-09-21 17:27:05,Average product rating out of 5: 4.6. Product score is based on 500 ratings,500,,True
8ec390bd-c6f7-4f12-9f0e-8c713e0968df,Woolworths Supermarket,"Dairy, Eggs & Fridge",Hillview Tasty Shredded Cheese 700g,491820,$6.60,$9.43 / 1KG,https://www.woolworths.com.au/shop/productdetails/491820/hillview-tasty-shredded-cheese,https://cdn0.woolworths.media/content/wowproductimages/medium/491820.jpg,2020-09-21 17:27:05,Average product rating out of 5: 4.5. Product score is based on 48 ratings,48,,True
89027bab-c11b-4055-84a1-065c2b597fb6,Woolworths Supermarket,"Dairy, Eggs & Fridge",Woolworths Baby Spinach Salad Bag 60g,379515,$2.00,$33.33 / 1KG,https://www.woolworths.com.au/shop/productdetails/379515/woolworths-baby-spinach-salad-bag,https://cdn0.woolworths.media/content/wowproductimages/medium/379515.jpg,2020-09-21 17:27:05,Average product rating out of 5: 4.7. Product score is based on 725 ratings,725,,True
f55bc89a-9275-4b60-9ab4-59c88680523f,Woolworths Supermarket,"Dairy, Eggs & Fridge",Flora Proactiv Margarine Buttery 750g,763453,$10.00,$1.33 / 100G,https://www.woolworths.com.au/shop/productdetails/763453/flora-proactiv-margarine-buttery,https://cdn0.woolworths.media/content/wowproductimages/medium/763453.jpg,2020-09-21 17:27:05,,0,,True
0a6f95b4-1a5c-4ea9-8b51-baac83fc6b1a,Woolworths Supermarket,"Dairy, Eggs & Fridge",Woolworths Drought Relief Lite Milk 3l,807386,$3.59,$1.20 / 1L,https://www.woolworths.com.au/shop/productdetails/807386/woolworths-drought-relief-lite-milk,https://cdn0.woolworths.media/content/wowproductimages/medium/807386.jpg,2020-09-21 17:27:05,,0,,True
863a41a9-2755-4ab6-ad89-4f38ee24e83d,Woolworths Supermarket,"Dairy, Eggs & Fridge",Pauls Custard Low Fat Vanilla 1kg,093557,$4.20,$0.42 / 100G,https://www.woolworths.com.au/shop/productdetails/93557/pauls-custard-low-fat-vanilla,https://cdn0.woolworths.media/content/wowproductimages/medium/093557.jpg,2020-09-21 17:27:05,,0,,True
ad350f14-beed-4d8e-82af-5eb9c01e4334,Woolworths Supermarket,"Dairy, Eggs & Fridge",Perfect Italiano Perfect Bakes 150g,094119,$3.25,$21.67 / 1KG,https://www.woolworths.com.au/shop/productdetails/94119/perfect-italiano-perfect-bakes,https://cdn0.woolworths.media/content/wowproductimages/medium/094119.jpg,2020-09-21 17:27:05,,0,,True
b8c66bf3-cfb2-4009-98d1-2dcf0488009a,Woolworths Supermarket,"Dairy, Eggs & Fridge",The Smokeman Brothers Pulled Chicken 400g,094254,$12.00,$3.00 / 100G,https://www.woolworths.com.au/shop/productdetails/94254/the-smokeman-brothers-pulled-chicken,https://cdn0.woolworths.media/content/wowproductimages/medium/094254.jpg,2020-09-21 17:27:05,,0,,True
1e227e25-ac41-44a9-8c26-695caee2a60b,Woolworths Supermarket,"Dairy, Eggs & Fridge",Wicked Sister Strawberry Panna Cotta 150g x2 pack,094368,$3.20,$1.07 / 100G,https://www.woolworths.com.au/shop/productdetails/94368/wicked-sister-strawberry-panna-cotta,https://cdn0.woolworths.media/content/wowproductimages/medium/094368.jpg,2020-09-21 17:27:05,,0,,True
3252f8dd-6ac6-49e1-8ec9-e9cbf7701016,Woolworths Supermarket,"Dairy, Eggs & Fridge",The Smokeman Brothers Pulled Chipotle Pork 400g,094435,$12.00,$3.00 / 100G,https://www.woolworths.com.au/shop/productdetails/94435/the-smokeman-brothers-pulled-chipotle-pork,https://cdn0.woolworths.media/content/wowproductimages/medium/094435.jpg,2020-09-21 17:27:05,,0,,True
ec22b498-ce8f-46ed-90b3-6292e68dff50,Woolworths Supermarket,"Dairy, Eggs & Fridge",The Smokeman Brothers Smokey Beef Brisket 400g,094474,$12.00,$3.00 / 100G,https://www.woolworths.com.au/shop/productdetails/94474/the-smokeman-brothers-smokey-beef-brisket,https://cdn0.woolworths.media/content/wowproductimages/medium/094474.jpg,2020-09-21 17:27:05,,0,,True
5f5ceda3-f575-4801-8139-290c7412cc3f,Woolworths Supermarket,"Dairy, Eggs & Fridge",Mainland On The Go Chilli Jam With Cheddar Slices & Crackers 110g,094731,$5.00,$45.45 / 1KG,https://www.woolworths.com.au/shop/productdetails/94731/mainland-on-the-go-chilli-jam-with-cheddar-slices-crackers,https://cdn0.woolworths.media/content/wowproductimages/medium/094731.jpg,2020-09-21 17:27:05,,0,,True
ab3f4fd6-3d8e-4092-b374-536e896f64e0,Woolworths Supermarket,"Dairy, Eggs & Fridge",Bulla Premium Sour Cream 200ml,095502,$2.70,$1.35 / 100ML,https://www.woolworths.com.au/shop/productdetails/95502/bulla-premium-sour-cream,https://cdn0.woolworths.media/content/wowproductimages/medium/095502.jpg,2020-09-21 17:27:05,,0,,True
3de6046c-389f-4366-ac0b-bfe4850ef757,Woolworths Supermarket,"Dairy, Eggs & Fridge",Coon Classics Aussie Jack Burger Slices 250g,095788,$6.00,$24.00 / 1KG,https://www.woolworths.com.au/shop/productdetails/95788/coon-classics-aussie-jack-burger-slices,https://cdn0.woolworths.media/content/wowproductimages/medium/095788.jpg,2020-09-21 17:27:05,,0,,True
3a080c65-c406-4734-84b5-4818c7bafb6e,Woolworths Supermarket,"Dairy, Eggs & Fridge",Weight Watchers Healthy Kitchen Lamb Meatballs 400g,095832,$10.00,$2.50 / 100G,https://www.woolworths.com.au/shop/productdetails/95832/weight-watchers-healthy-kitchen-lamb-meatballs,https://cdn0.woolworths.media/content/wowproductimages/medium/095832.jpg,2020-09-21 17:27:05,,0,,True
0e46aa94-b07d-4700-89bb-76513b80fb7a,Woolworths Supermarket,"Dairy, Eggs & Fridge",Castello Marinated Fetta Cubes 265g,095977,$6.00,$22.64 / 1KG,https://www.woolworths.com.au/shop/productdetails/95977/castello-marinated-fetta-cubes,https://cdn0.woolworths.media/content/wowproductimages/medium/095977.jpg,2020-09-21 17:27:05,,0,,True
3054926e-21ee-4713-b3fb-f3cd5a2415fa,Woolworths Supermarket,"Dairy, Eggs & Fridge",Philadelphia Cream Cheese Spread Light 250g,096422,$3.75,$15.00 / 1KG,https://www.woolworths.com.au/shop/productdetails/96422/philadelphia-cream-cheese-spread-light,https://cdn0.woolworths.media/content/wowproductimages/medium/096422.jpg,2020-09-21 17:27:05,,0,,True
2860c2ad-0db9-4a4a-92e2-95541acc4707,Woolworths Supermarket,"Dairy, Eggs & Fridge",Coon Classics Mozzarella Slices 250g,096465,$6.00,$24.00 / 1KG,https://www.woolworths.com.au/shop/productdetails/96465/coon-classics-mozzarella-slices,https://cdn0.woolworths.media/content/wowproductimages/medium/096465.jpg,2020-09-21 17:27:05,,0,,True
06d37094-2640-4ea0-a772-4e4c2f6064b6,Woolworths Supermarket,"Dairy, Eggs & Fridge",Mifroma Emmental 140g,096488,$9.90,$70.71 / 1KG,https://www.woolworths.com.au/shop/productdetails/96488/mifroma-emmental,https://cdn0.woolworths.media/content/wowproductimages/medium/096488.jpg,2020-09-21 17:27:05,,0,,True
c9a6c37b-9de5-4d59-a8c7-aee3c128900d,Woolworths Supermarket,"Dairy, Eggs & Fridge",Unicorn Classic Chilli Brie 125g,096489,$4.00,$32.00 / 1KG,https://www.woolworths.com.au/shop/productdetails/96489/unicorn-classic-chilli-brie,https://cdn0.woolworths.media/content/wowproductimages/medium/096489.jpg,2020-09-21 17:27:05,,0,,True
116c80ed-e03d-4fef-9dbc-cce4a5a62f08,Woolworths Supermarket,"Dairy, Eggs & Fridge",Zanetti Grana Padano Grated 100g,096490,$4.50,$45.00 / 1KG,https://www.woolworths.com.au/shop/productdetails/96490/zanetti-grana-padano-grated,https://cdn0.woolworths.media/content/wowproductimages/medium/096490.jpg,2020-09-21 17:27:05,,0,,True
f657fd44-aa13-4e72-a24b-6628e8d9e0e1,Woolworths Supermarket,"Dairy, Eggs & Fridge",Farmers Union Natural Greek Style Yogurt 500g,096888,$3.50,$0.70 / 100G,https://www.woolworths.com.au/shop/productdetails/96888/farmers-union-natural-greek-style-yogurt,https://cdn0.woolworths.media/content/wowproductimages/medium/096888.jpg,2020-09-21 17:27:05,,0,,True
8bff90d4-9796-424a-93a4-70f0e7cc1bf4,Woolworths Supermarket,"Dairy, Eggs & Fridge",Primo Stackers Chicken Breast With Cheddar Cheese & Crackers 45g,096938,$4.00,$88.89 / 1KG,https://www.woolworths.com.au/shop/productdetails/96938/primo-stackers-chicken-breast-with-cheddar-cheese-crackers,https://cdn0.woolworths.media/content/wowproductimages/medium/096938.jpg,2020-09-21 17:27:05,,0,,True
67dd82fa-6bdf-42ac-aea7-87440ead5f07,Woolworths Supermarket,"Dairy, Eggs & Fridge",Mil Lel Shredded Parmesan 170g,097106,$5.00,$29.41 / 1KG,https://www.woolworths.com.au/shop/productdetails/97106/mil-lel-shredded-parmesan,https://cdn0.woolworths.media/content/wowproductimages/medium/097106.jpg,2020-09-21 17:27:05,,0,,True
e34f46a1-8c35-40b3-b163-aaea142e9f63,Woolworths Supermarket,"Dairy, Eggs & Fridge",Castello Feta Cubes In Brine With Citrus & Herbs 430g,097255,$5.00,$11.63 / 1KG,https://www.woolworths.com.au/shop/productdetails/97255/castello-feta-cubes-in-brine-with-citrus-herbs,https://cdn0.woolworths.media/content/wowproductimages/medium/097255.jpg,2020-09-21 17:27:05,,0,,True
91e2ea5d-27c7-4eac-a441-2b0acf5715b0,Woolworths Supermarket,"Dairy, Eggs & Fridge",Mil Lel Grated Parmesan 170g,097276,$5.00,$29.41 / 1KG,https://www.woolworths.com.au/shop/productdetails/97276/mil-lel-grated-parmesan,https://cdn0.woolworths.media/content/wowproductimages/medium/097276.jpg,2020-09-21 17:27:05,,0,,True
322a9343-10a0-4da8-bbc9-e5224025e78c,Woolworths Supermarket,"Dairy, Eggs & Fridge",Perfect Italiano Mozzarella Block 300g,097292,$5.00,$16.67 / 1KG,https://www.woolworths.com.au/shop/productdetails/97292/perfect-italiano-mozzarella-block,https://cdn0.woolworths.media/content/wowproductimages/medium/097292.jpg,2020-09-21 17:27:05,,0,,True
e1fc0ee4-1726-4be3-987c-55bdb985414d,Woolworths Supermarket,"Dairy, Eggs & Fridge",Perfect Italiano Original Ricotta 250g,097321,$4.30,$17.20 / 1KG,https://www.woolworths.com.au/shop/productdetails/97321/perfect-italiano-original-ricotta,https://cdn0.woolworths.media/content/wowproductimages/medium/097321.jpg,2020-09-21 17:27:05,,0,,True
c85879f5-a71c-4ebf-84ae-0052a4691800,Woolworths Supermarket,"Dairy, Eggs & Fridge",Liddells Shredded Parmesan Cheese 125g,097379,$3.95,$31.60 / 1KG,https://www.woolworths.com.au/shop/productdetails/97379/liddells-shredded-parmesan-cheese,https://cdn0.woolworths.media/content/wowproductimages/medium/097379.jpg,2020-09-21 17:27:05,,0,,True
503494cc-5c77-41f1-bded-97bb9a651972,Woolworths Supermarket,"Dairy, Eggs & Fridge",Perfect Italiano Shaved Parmesan 125g,360904,$3.25,$26.00 / 1KG,https://www.woolworths.com.au/shop/productdetails/360904/perfect-italiano-shaved-parmesan,https://cdn0.woolworths.media/content/wowproductimages/medium/360904.jpg,2020-09-21 17:27:05,,0,,True
f932a5cb-9e5f-48ed-8a8a-233a6f778b82,Woolworths Supermarket,"Dairy, Eggs & Fridge",Perfect Italiano Extra Sharp Grated Parmesan 125g,302306,$3.25,$26.00 / 1KG,https://www.woolworths.com.au/shop/productdetails/302306/perfect-italiano-extra-sharp-grated-parmesan,https://cdn0.woolworths.media/content/wowproductimages/medium/302306.jpg,2020-09-21 17:27:05,,0,,True
2842968a-d41a-4cba-9dec-bc442a07610f,Woolworths Supermarket,"Dairy, Eggs & Fridge",Just 4 You 12 Extra Large Caged Eggs 700g,893974,$3.50,$0.50 / 100G,https://www.woolworths.com.au/shop/productdetails/893974/just-4-you-12-extra-large-caged-eggs,https://cdn0.woolworths.media/content/wowproductimages/medium/893974.jpg,2020-09-21 17:27:05,,0,,True
452b2ecc-b530-4ff7-a590-a233141362b7,Woolworths Supermarket,"Dairy, Eggs & Fridge",Woolworths Thickened Cream 300ml,044317,$1.90,$0.63 / 100ML,https://www.woolworths.com.au/shop/productdetails/44317/woolworths-thickened-cream,https://cdn0.woolworths.media/content/wowproductimages/medium/044317.jpg,2020-09-21 17:27:05,Average product rating out of 5: 4.9. Product score is based on 629 ratings,629,,True
064d072d-23e7-4f72-b063-9a9eecfad496,Woolworths Supermarket,"Dairy, Eggs & Fridge",Woolworths Mozzarella Shredded Cheese 500g,728983,$6.00,$12.00 / 1KG,https://www.woolworths.com.au/shop/productdetails/728983/woolworths-mozzarella-shredded-cheese,https://cdn0.woolworths.media/content/wowproductimages/medium/728983.jpg,2020-09-21 17:27:05,Average product rating out of 5: 4.5. Product score is based on 469 ratings,469,,True
fdcc12d2-b678-4208-b71a-de5b4648fe3e,Woolworths Supermarket,"Dairy, Eggs & Fridge",Woolworths Baby Spinach Salad Bag 60g,379515,$2.00,$33.33 / 1KG,https://www.woolworths.com.au/shop/productdetails/379515/woolworths-baby-spinach-salad-bag,https://cdn0.woolworths.media/content/wowproductimages/medium/379515.jpg,2020-09-21 17:27:05,Average product rating out of 5: 4.7. Product score is based on 725 ratings,725,,True
14bf22ea-698b-4bc6-b37f-03fb767fcc17,Woolworths Supermarket,"Dairy, Eggs & Fridge",Almond Breeze Unsweetened Almond Milk 1l,761604,$2.50,$2.50 / 1L,https://www.woolworths.com.au/shop/productdetails/761604/almond-breeze-unsweetened-almond-milk,https://cdn0.woolworths.media/content/wowproductimages/medium/761604.jpg,2020-09-21 17:27:05,,0,Was $3.25 13/03/2017,True
d646f089-fc74-4a18-a8d6-4f7e0f85b967,Woolworths Supermarket,"Dairy, Eggs & Fridge",Woolworths Tasty Shredded Cheese 500g,729026,$6.00,$12.00 / 1KG,https://www.woolworths.com.au/shop/productdetails/729026/woolworths-tasty-shredded-cheese,https://cdn0.woolworths.media/content/wowproductimages/medium/729026.jpg,2020-09-21 17:27:05,Average product rating out of 5: 4.6. Product score is based on 500 ratings,500,,True
740e2621-9704-4976-8be7-665d0c9c3c1e,Woolworths Supermarket,"Dairy, Eggs & Fridge",Woolworths Drought Relief Lite Milk 2l,807385,$2.39,$1.20 / 1L,https://www.woolworths.com.au/shop/productdetails/807385/woolworths-drought-relief-lite-milk,https://cdn0.woolworths.media/content/wowproductimages/medium/807385.jpg,2020-09-21 17:27:05,,0,,True
af6f96a0-5f7f-4536-b380-abd178ec1ef0,Woolworths Supermarket,"Dairy, Eggs & Fridge",Hillview Tasty Shredded Cheese 700g,491820,$6.60,$9.43 / 1KG,https://www.woolworths.com.au/shop/productdetails/491820/hillview-tasty-shredded-cheese,https://cdn0.woolworths.media/content/wowproductimages/medium/491820.jpg,2020-09-21 17:27:05,Average product rating out of 5: 4.5. Product score is based on 48 ratings,48,,True
b2810da6-5b7a-4953-917d-de734e7a2d3a,Woolworths Supermarket,"Dairy, Eggs & Fridge",Woolworths Thickened Cream 600ml,048720,$3.00,$0.50 / 100ML,https://www.woolworths.com.au/shop/productdetails/48720/woolworths-thickened-cream,https://cdn0.woolworths.media/content/wowproductimages/medium/048720.jpg,2020-09-21 17:27:05,Average product rating out of 5: 4.8. Product score is based on 740 ratings,740,,True
9e39c0ad-37fe-4865-8e7a-3d53c010c129,Woolworths Supermarket,"Dairy, Eggs & Fridge",Woolworths Drought Relief Full Cream Milk 2l,807383,$2.39,$1.20 / 1L,https://www.woolworths.com.au/shop/productdetails/807383/woolworths-drought-relief-full-cream-milk,https://cdn0.woolworths.media/content/wowproductimages/medium/807383.jpg,2020-09-21 17:27:05,Average product rating out of 5: 4.7. Product score is based on 385 ratings,385,,True
0beb7177-bf35-4b8e-8a63-337010de2fc7,Woolworths Supermarket,"Dairy, Eggs & Fridge",Woolworths Drought Relief Lite Milk 3l,807386,$3.59,$1.20 / 1L,https://www.woolworths.com.au/shop/productdetails/807386/woolworths-drought-relief-lite-milk,https://cdn0.woolworths.media/content/wowproductimages/medium/807386.jpg,2020-09-21 17:27:05,,0,,True
d04b7795-11af-4b54-858a-f47d509cba9a,Woolworths Supermarket,"Dairy, Eggs & Fridge",Hillview Cheese Block 1kg,500187,$8.00,$8.00 / 1KG,https://www.woolworths.com.au/shop/productdetails/500187/hillview-cheese-block,https://cdn0.woolworths.media/content/wowproductimages/medium/500187.jpg,2020-09-21 17:27:05,Average product rating out of 5: 4.5. Product score is based on 66 ratings,66,,True
7d6cd97a-24dd-4c96-8e25-aedd94c83d03,Woolworths Supermarket,"Dairy, Eggs & Fridge",Western Star Original Spreadable 500g,069756,$6.00,$1.20 / 100G,https://www.woolworths.com.au/shop/productdetails/69756/western-star-original-spreadable,https://cdn0.woolworths.media/content/wowproductimages/medium/069756.jpg,2020-09-21 17:27:05,,0,,True
0eb3ee52-d1f7-4d27-b61c-2749e4aa68ab,Woolworths Supermarket,"Dairy, Eggs & Fridge",Woolworths Baby Leaf Spinach 120g,524322,$3.00,$25.00 / 1KG,https://www.woolworths.com.au/shop/productdetails/524322/woolworths-baby-leaf-spinach,https://cdn0.woolworths.media/content/wowproductimages/medium/524322.jpg,2020-09-21 17:27:05,Average product rating out of 5: 4.7. Product score is based on 2842 ratings,2842,,True
3b01247a-a54a-486b-aff2-3823ae440849,Woolworths Supermarket,"Dairy, Eggs & Fridge",Woolworths Uht Full Cream Milk 1l,748595,$1.25,$1.25 / 1L,https://www.woolworths.com.au/shop/productdetails/748595/woolworths-uht-full-cream-milk,https://cdn0.woolworths.media/content/wowproductimages/medium/748595.jpg,2020-09-21 17:27:05,Average product rating out of 5: 4.9. Product score is based on 36 ratings,36,,True
3a8d65a6-feec-49f4-af23-e1f82a20fc4e,Woolworths Supermarket,"Dairy, Eggs & Fridge",Woolworths Single Leaf Baby Spinach 280g,524336,$5.00,$17.86 / 1KG,https://www.woolworths.com.au/shop/productdetails/524336/woolworths-single-leaf-baby-spinach,https://cdn0.woolworths.media/content/wowproductimages/medium/524336.jpg,2020-09-21 17:27:05,Average product rating out of 5: 4.8. Product score is based on 532 ratings,532,,True
47f0675c-03e3-4f34-aed6-ae7cffd27db7,Woolworths Supermarket,"Dairy, Eggs & Fridge",Woolworths Drought Relief Full Cream Milk 3l,807384,$3.59,$1.20 / 1L,https://www.woolworths.com.au/shop/productdetails/807384/woolworths-drought-relief-full-cream-milk,https://cdn0.woolworths.media/content/wowproductimages/medium/807384.jpg,2020-09-21 17:27:05,,0,,True
4e4fbb04-782a-4d2e-9f04-b4c28f5a0da7,Woolworths Supermarket,"Dairy, Eggs & Fridge",Woolworths Sour Cream 300ml,105609,$2.10,$0.70 / 100ML,https://www.woolworths.com.au/shop/productdetails/105609/woolworths-sour-cream,https://cdn0.woolworths.media/content/wowproductimages/medium/105609.jpg,2020-09-21 17:27:05,Average product rating out of 5: 4.5. Product score is based on 1353 ratings,1353,,True
f332c39a-3b84-4b0c-ab39-67b1ea520fbb,Woolworths Supermarket,"Dairy, Eggs & Fridge",Liddells Tasty Cheese Slices 250g,097557,$6.50,$26.00 / 1KG,https://www.woolworths.com.au/shop/productdetails/97557/liddells-tasty-cheese-slices,https://cdn0.woolworths.media/content/wowproductimages/medium/097557.jpg,2020-09-21 17:27:05,,0,,True
8a69fc9b-e779-4fbc-bd39-66c5d72deb90,Woolworths Supermarket,"Dairy, Eggs & Fridge",Mifroma Le Gruyere 150g,097912,$9.90,$66.00 / 1KG,https://www.woolworths.com.au/shop/productdetails/97912/mifroma-le-gruyere,https://cdn0.woolworths.media/content/wowproductimages/medium/097912.jpg,2020-09-21 17:27:05,,0,,True
e94cdf90-208f-48b9-ab7a-0971401c40ed,Woolworths Supermarket,"Dairy, Eggs & Fridge",Maggie Beer Caramelised Onion Cheddar 170g,097988,$5.90,$34.71 / 1KG,https://www.woolworths.com.au/shop/productdetails/97988/maggie-beer-caramelised-onion-cheddar,https://cdn0.woolworths.media/content/wowproductimages/medium/097988.jpg,2020-09-21 17:27:05,,0,,True
20ff51ec-eaae-4be2-9e0f-bc9a095070c1,Woolworths Supermarket,"Dairy, Eggs & Fridge",Mil Lel Extra Sharp Parmesan & Pecorino 170g,097995,$5.00,$29.41 / 1KG,https://www.woolworths.com.au/shop/productdetails/97995/mil-lel-extra-sharp-parmesan-pecorino,https://cdn0.woolworths.media/content/wowproductimages/medium/097995.jpg,2020-09-21 17:27:05,,0,,True
8caf1b57-03f9-4f19-8bdc-b9a3b9bfcd3e,Woolworths Supermarket,"Dairy, Eggs & Fridge",Yarra Valley Double Brie 200g,098018,$7.50,$37.50 / 1KG,https://www.woolworths.com.au/shop/productdetails/98018/yarra-valley-double-brie,https://cdn0.woolworths.media/content/wowproductimages/medium/098018.jpg,2020-09-21 17:27:05,,0,Was $9.00 07/09/2020,True
d00a54e8-0b7c-44df-80cf-b2ad9ce95a83,Woolworths Supermarket,"Dairy, Eggs & Fridge",Maggie Beer Ploughman's Chutney 170g,098060,$5.90,$34.71 / 1KG,https://www.woolworths.com.au/shop/productdetails/98060/maggie-beer-ploughman-s-chutney,https://cdn0.woolworths.media/content/wowproductimages/medium/098060.jpg,2020-09-21 17:27:05,,0,,True
2d54afc1-4bd7-4a4a-8a84-163b35363a7d,Woolworths Supermarket,"Dairy, Eggs & Fridge",Mil Lel Shaved Parmesan 170g,098063,$5.00,$29.41 / 1KG,https://www.woolworths.com.au/shop/productdetails/98063/mil-lel-shaved-parmesan,https://cdn0.woolworths.media/content/wowproductimages/medium/098063.jpg,2020-09-21 17:27:05,,0,,True
b4a250bb-7cec-442f-8b20-5430e24aeca0,Woolworths Supermarket,"Dairy, Eggs & Fridge",Philadelphia Cream Cheese Block Light 250g,098070,$4.70,$18.80 / 1KG,https://www.woolworths.com.au/shop/productdetails/98070/philadelphia-cream-cheese-block-light,https://cdn0.woolworths.media/content/wowproductimages/medium/098070.jpg,2020-09-21 17:27:05,,0,,True
8d6403ee-a67c-41cd-85e9-8b9c2f231553,Woolworths Supermarket,"Dairy, Eggs & Fridge",Mersey Valley Jalapeno Cheese 80g,098090,$3.50,$43.75 / 1KG,https://www.woolworths.com.au/shop/productdetails/98090/mersey-valley-jalapeno-cheese,https://cdn0.woolworths.media/content/wowproductimages/medium/098090.jpg,2020-09-21 17:27:05,,0,3 for $9.00 $37.50/1KG,True
d8ff3ebb-a017-467a-b8b0-4b7cf3d9bf0b,Woolworths Supermarket,"Dairy, Eggs & Fridge",Evia Skim Greek Yoghurt 700g,098399,$5.50,$0.79 / 100G,https://www.woolworths.com.au/shop/productdetails/98399/evia-skim-greek-yoghurt,https://cdn0.woolworths.media/content/wowproductimages/medium/098399.jpg,2020-09-21 17:27:05,,0,,True
b3a2f5bb-1ae7-4c8c-bf55-1052355016e0,Woolworths Supermarket,"Dairy, Eggs & Fridge",Yarra Valley Camembert 200g,098976,$7.50,$37.50 / 1KG,https://www.woolworths.com.au/shop/productdetails/98976/yarra-valley-camembert,https://cdn0.woolworths.media/content/wowproductimages/medium/098976.jpg,2020-09-21 17:27:05,,0,Was $9.00 07/09/2020,True
19556b37-9da5-4751-bf3f-aa48f13df846,Woolworths Supermarket,"Dairy, Eggs & Fridge",Mersey Valley Jalapeno Cheese 235g,099054,$5.50,$23.40 / 1KG,https://www.woolworths.com.au/shop/productdetails/99054/mersey-valley-jalapeno-cheese,https://cdn0.woolworths.media/content/wowproductimages/medium/099054.jpg,2020-09-21 17:27:05,,0,,True
fe77686d-7df2-4417-9a48-a796023974aa,Woolworths Supermarket,"Dairy, Eggs & Fridge",Devondale Sandwich Cheese Slices 250g,099415,$3.50,$14.00 / 1KG,https://www.woolworths.com.au/shop/productdetails/99415/devondale-sandwich-cheese-slices,https://cdn0.woolworths.media/content/wowproductimages/medium/099415.jpg,2020-09-21 17:27:05,,0,,True
3938e6e1-8f80-42a4-a164-0d48e20565dc,Woolworths Supermarket,"Dairy, Eggs & Fridge",Woolworths Sour Cream 300ml,105609,$2.10,$0.70 / 100ML,https://www.woolworths.com.au/shop/productdetails/105609/woolworths-sour-cream,https://cdn0.woolworths.media/content/wowproductimages/medium/105609.jpg,2020-09-21 17:27:05,Average product rating out of 5: 4.5. Product score is based on 1353 ratings,1353,,True
fc08fc53-06be-4444-af9e-255a3681f0a8,Woolworths Supermarket,"Dairy, Eggs & Fridge",Nestle Sweetened Skim Condensed Milk 400g,105913,$3.20,$0.80 / 100G,https://www.woolworths.com.au/shop/productdetails/105913/nestle-sweetened-skim-condensed-milk,https://cdn0.woolworths.media/content/wowproductimages/medium/105913.jpg,2020-09-21 17:27:05,,0,,True
a7f0deb0-a554-43a3-8f20-1ef8669a031e,Woolworths Supermarket,"Dairy, Eggs & Fridge",Nestle Sweetened Condensed Milk 395g,105914,$3.20,$0.81 / 100G,https://www.woolworths.com.au/shop/productdetails/105914/nestle-sweetened-condensed-milk,https://cdn0.woolworths.media/content/wowproductimages/medium/105914.jpg,2020-09-21 17:27:05,,0,,True
7e3c1621-b3d6-40bf-907f-958f3cd19432,Woolworths Supermarket,"Dairy, Eggs & Fridge",Australia's Own Whipping Cream Uht 200ml,106388,$1.75,$8.75 / 1L,https://www.woolworths.com.au/shop/productdetails/106388/australia-s-own-whipping-cream-uht,https://cdn0.woolworths.media/content/wowproductimages/medium/106388.jpg,2020-09-21 17:27:05,,0,,True
96d5a864-c0cb-46bd-91ad-25ec86de8a02,Woolworths Supermarket,"Dairy, Eggs & Fridge",Australia's Own Barista Macadamia Milk 1l,106509,$4.50,$4.50 / 1L,https://www.woolworths.com.au/shop/productdetails/106509/australia-s-own-barista-macadamia-milk,https://cdn0.woolworths.media/content/wowproductimages/medium/106509.jpg,2020-09-21 17:27:05,,0,,True
7fa7eded-f296-4a01-8804-caa3abc992d5,Woolworths Supermarket,"Dairy, Eggs & Fridge",Della Rosa Family Cheese Pizza 470g,107089,$4.00,$0.85 / 100G,https://www.woolworths.com.au/shop/productdetails/107089/della-rosa-family-cheese-pizza,https://cdn0.woolworths.media/content/wowproductimages/medium/107089.jpg,2020-09-21 17:27:05,,0,,True
bff38fa8-fceb-4854-b1fb-a81448949e91,Woolworths Supermarket,"Dairy, Eggs & Fridge",Easiyo Reduced Sugar Banana Yoghurt 176g,107931,$4.50,$2.56 / 100G,https://www.woolworths.com.au/shop/productdetails/107931/easiyo-reduced-sugar-banana-yoghurt,https://cdn0.woolworths.media/content/wowproductimages/medium/107931.jpg,2020-09-21 17:27:05,,0,,True
c900b70c-7726-48bc-b3f1-4acee6d90d1c,Woolworths Supermarket,"Dairy, Eggs & Fridge",Australia's Own Skim Uht Milk 1l,108395,$1.30,$1.30 / 1L,https://www.woolworths.com.au/shop/productdetails/108395/australia-s-own-skim-uht-milk,https://cdn0.woolworths.media/content/wowproductimages/medium/108395.jpg,2020-09-21 17:27:05,,0,,True
103418d7-d40d-4de4-990a-343a0d8150be,Woolworths Supermarket,"Dairy, Eggs & Fridge",Della Rosa Fest Italiana Pizza 450g,108397,$7.50,$1.67 / 100G,https://www.woolworths.com.au/shop/productdetails/108397/della-rosa-fest-italiana-pizza,https://cdn0.woolworths.media/content/wowproductimages/medium/108397.jpg,2020-09-21 17:27:05,,0,,True
988b65a7-c9c3-4356-8383-0bf7113553ee,Woolworths Supermarket,"Dairy, Eggs & Fridge",Australia's Own Own Almond Protein Uht Milk 1l,108429,$3.80,$3.80 / 1L,https://www.woolworths.com.au/shop/productdetails/108429/australia-s-own-own-almond-protein-uht-milk,https://cdn0.woolworths.media/content/wowproductimages/medium/108429.jpg,2020-09-21 17:27:05,,0,,True
eb558af6-6a4c-48a6-87d9-4d5bad25e2fd,Woolworths Supermarket,"Dairy, Eggs & Fridge",Picasso Kitchen Stone Baked Super Supreme Pizza 470g,108440,$5.00,$1.06 / 100G,https://www.woolworths.com.au/shop/productdetails/108440/picasso-kitchen-stone-baked-super-supreme-pizza,https://cdn0.woolworths.media/content/wowproductimages/medium/108440.jpg,2020-09-21 17:27:05,,0,2 for $9.00,True
8cc1f240-b108-4339-b1b8-7362b0b9fd95,Woolworths Supermarket,"Dairy, Eggs & Fridge",Coon Cheese Slices Tasty 750g,187899,$10.00,$13.33 / 1KG,https://www.woolworths.com.au/shop/productdetails/187899/coon-cheese-slices-tasty,https://cdn0.woolworths.media/content/wowproductimages/medium/187899.jpg,2020-09-21 17:27:05,,0,Was $12.00 07/07/2020,True
631da5ca-c8bf-4ad8-9052-c6d860f13647,Woolworths Supermarket,"Dairy, Eggs & Fridge",Woolworths Baby Spinach Salad Bag 60g,379515,$2.00,$33.33 / 1KG,https://www.woolworths.com.au/shop/productdetails/379515/woolworths-baby-spinach-salad-bag,https://cdn0.woolworths.media/content/wowproductimages/medium/379515.jpg,2020-09-21 17:27:05,Average product rating out of 5: 4.7. Product score is based on 725 ratings,725,,True
96874f07-5389-435c-a398-d3e44f6abd31,Woolworths Supermarket,"Dairy, Eggs & Fridge",Just 4 You 12 Extra Large Caged Eggs 700g,893974,$3.50,$0.50 / 100G,https://www.woolworths.com.au/shop/productdetails/893974/just-4-you-12-extra-large-caged-eggs,https://cdn0.woolworths.media/content/wowproductimages/medium/893974.jpg,2020-09-21 17:27:05,,0,,True
2afd1adf-1f13-42d0-b05d-ad7662445b22,Woolworths Supermarket,"Dairy, Eggs & Fridge",Western Star Original Spreadable 500g,069756,$6.00,$1.20 / 100G,https://www.woolworths.com.au/shop/productdetails/69756/western-star-original-spreadable,https://cdn0.woolworths.media/content/wowproductimages/medium/069756.jpg,2020-09-21 17:27:05,,0,,True
a5f28d05-5d38-4d5f-a396-fb5abb960d63,Woolworths Supermarket,"Dairy, Eggs & Fridge",A2 Full Cream Milk 2l,208064,$5.30,$2.65 / 1L,https://www.woolworths.com.au/shop/productdetails/208064/a2-full-cream-milk,https://cdn0.woolworths.media/content/wowproductimages/medium/208064.jpg,2020-09-21 17:27:05,,0,,True
21eaa00b-5044-44cb-9050-928c1cd13c01,Woolworths Supermarket,"Dairy, Eggs & Fridge",Woolworths Drought Relief Lite Milk 3l,807386,$3.59,$1.20 / 1L,https://www.woolworths.com.au/shop/productdetails/807386/woolworths-drought-relief-lite-milk,https://cdn0.woolworths.media/content/wowproductimages/medium/807386.jpg,2020-09-21 17:27:05,,0,,True
76f22e80-7a8c-44af-8757-7cc27c6f414a,Woolworths Supermarket,"Dairy, Eggs & Fridge",Woolworths Thickened Cream 600ml,048720,$3.00,$0.50 / 100ML,https://www.woolworths.com.au/shop/productdetails/48720/woolworths-thickened-cream,https://cdn0.woolworths.media/content/wowproductimages/medium/048720.jpg,2020-09-21 17:27:05,Average product rating out of 5: 4.8. Product score is based on 740 ratings,740,,True
2b0f2c6a-a03d-4486-b094-ddf22a394376,Woolworths Supermarket,"Dairy, Eggs & Fridge",Woolworths Mozzarella Shredded Cheese 500g,728983,$6.00,$12.00 / 1KG,https://www.woolworths.com.au/shop/productdetails/728983/woolworths-mozzarella-shredded-cheese,https://cdn0.woolworths.media/content/wowproductimages/medium/728983.jpg,2020-09-21 17:27:05,Average product rating out of 5: 4.5. Product score is based on 469 ratings,469,,True
17b01d7e-67f8-4968-8ad5-736e93361c05,Woolworths Supermarket,"Dairy, Eggs & Fridge",Woolworths Drought Relief Lite Milk 2l,807385,$2.39,$1.20 / 1L,https://www.woolworths.com.au/shop/productdetails/807385/woolworths-drought-relief-lite-milk,https://cdn0.woolworths.media/content/wowproductimages/medium/807385.jpg,2020-09-21 17:27:05,,0,,True
8b32a5c0-7bdb-4742-9d40-4fa4d3330270,Woolworths Supermarket,"Dairy, Eggs & Fridge",Woolworths Tasty Shredded Cheese 500g,729026,$6.00,$12.00 / 1KG,https://www.woolworths.com.au/shop/productdetails/729026/woolworths-tasty-shredded-cheese,https://cdn0.woolworths.media/content/wowproductimages/medium/729026.jpg,2020-09-21 17:27:05,Average product rating out of 5: 4.6. Product score is based on 500 ratings,500,,True
ab68b4b9-f563-4081-822f-0a23d84bf7d1,Woolworths Supermarket,"Dairy, Eggs & Fridge",Woolworths Uht Full Cream Milk 1l,748595,$1.25,$1.25 / 1L,https://www.woolworths.com.au/shop/productdetails/748595/woolworths-uht-full-cream-milk,https://cdn0.woolworths.media/content/wowproductimages/medium/748595.jpg,2020-09-21 17:27:05,Average product rating out of 5: 4.9. Product score is based on 36 ratings,36,,True
1b8968ba-8959-4307-8a25-dd51e6486e55,Woolworths Supermarket,"Dairy, Eggs & Fridge",Hillview Cheese Block 1kg,500187,$8.00,$8.00 / 1KG,https://www.woolworths.com.au/shop/productdetails/500187/hillview-cheese-block,https://cdn0.woolworths.media/content/wowproductimages/medium/500187.jpg,2020-09-21 17:27:05,Average product rating out of 5: 4.5. Product score is based on 66 ratings,66,,True
ee9ebcd7-10be-4dd0-8d30-33c9f6fbc63d,Woolworths Supermarket,"Dairy, Eggs & Fridge",Hillview Tasty Shredded Cheese 700g,491820,$6.60,$9.43 / 1KG,https://www.woolworths.com.au/shop/productdetails/491820/hillview-tasty-shredded-cheese,https://cdn0.woolworths.media/content/wowproductimages/medium/491820.jpg,2020-09-21 17:27:05,Average product rating out of 5: 4.5. Product score is based on 48 ratings,48,,True
5f22accb-fff6-4173-94d0-315126d90cef,Woolworths Supermarket,"Dairy, Eggs & Fridge",Woolworths Drought Relief Full Cream Milk 3l,807384,$3.59,$1.20 / 1L,https://www.woolworths.com.au/shop/productdetails/807384/woolworths-drought-relief-full-cream-milk,https://cdn0.woolworths.media/content/wowproductimages/medium/807384.jpg,2020-09-21 17:27:05,,0,,True
7fd7c5dc-afbc-43cb-a733-7168daece237,Woolworths Supermarket,"Dairy, Eggs & Fridge",Almond Breeze Unsweetened Almond Milk 1l,761604,$2.50,$2.50 / 1L,https://www.woolworths.com.au/shop/productdetails/761604/almond-breeze-unsweetened-almond-milk,https://cdn0.woolworths.media/content/wowproductimages/medium/761604.jpg,2020-09-21 17:27:05,,0,Was $3.25 13/03/2017,True
6c65a0b3-ff94-4529-8161-6df43f4266fd,Woolworths Supermarket,"Dairy, Eggs & Fridge",Woolworths Single Leaf Baby Spinach 280g,524336,$5.00,$17.86 / 1KG,https://www.woolworths.com.au/shop/productdetails/524336/woolworths-single-leaf-baby-spinach,https://cdn0.woolworths.media/content/wowproductimages/medium/524336.jpg,2020-09-21 17:27:05,Average product rating out of 5: 4.8. Product score is based on 532 ratings,532,,True
af6f033c-9352-4a0c-96f6-f37515b98079,Woolworths Supermarket,"Dairy, Eggs & Fridge",Flora Proactiv Margarine Buttery 750g,763453,$10.00,$1.33 / 100G,https://www.woolworths.com.au/shop/productdetails/763453/flora-proactiv-margarine-buttery,https://cdn0.woolworths.media/content/wowproductimages/medium/763453.jpg,2020-09-21 17:27:05,,0,,True
cecb2cdc-f5f2-4da6-9c6f-c09c286214f5,Woolworths Supermarket,"Dairy, Eggs & Fridge",Woolworths Baby Leaf Spinach 120g,524322,$3.00,$25.00 / 1KG,https://www.woolworths.com.au/shop/productdetails/524322/woolworths-baby-leaf-spinach,https://cdn0.woolworths.media/content/wowproductimages/medium/524322.jpg,2020-09-21 17:27:05,Average product rating out of 5: 4.7. Product score is based on 2842 ratings,2842,,True
d3de86d6-6a62-4cc1-8324-31f7ab4d3511,Woolworths Supermarket,"Dairy, Eggs & Fridge",Woolworths Drought Relief Full Cream Milk 2l,807383,$2.39,$1.20 / 1L,https://www.woolworths.com.au/shop/productdetails/807383/woolworths-drought-relief-full-cream-milk,https://cdn0.woolworths.media/content/wowproductimages/medium/807383.jpg,2020-09-21 17:27:05,Average product rating out of 5: 4.7. Product score is based on 385 ratings,385,,True
02ee8e2b-0fe5-4fff-a099-f414a2740620,Woolworths Supermarket,"Dairy, Eggs & Fridge",A2 Light Milk 2l,208066,$5.30,$2.65 / 1L,https://www.woolworths.com.au/shop/productdetails/208066/a2-light-milk,https://cdn0.woolworths.media/content/wowproductimages/medium/208066.jpg,2020-09-21 17:27:05,,0,,True
a8a33c74-65a6-4239-b67d-c8def9456ddd,Woolworths Supermarket,"Dairy, Eggs & Fridge",Picasso Kitchen Stone Baked Bbq Chicken & Bacon Pizza 470g,108464,$5.00,$1.06 / 100G,https://www.woolworths.com.au/shop/productdetails/108464/picasso-kitchen-stone-baked-bbq-chicken-bacon-pizza,https://cdn0.woolworths.media/content/wowproductimages/medium/108464.jpg,2020-09-21 17:27:05,,0,2 for $9.00,True
46654874-bbfc-43d1-b1e9-112cf7792da5,Woolworths Supermarket,"Dairy, Eggs & Fridge",Della Rosa Family Bbq Bacon & Cheese Pizza 470g,108516,$4.00,,https://www.woolworths.com.au/shop/productdetails/108516/della-rosa-family-bbq-bacon-cheese-pizza,https://cdn0.woolworths.media/content/wowproductimages/medium/108516.jpg,2020-09-21 17:27:05,,0,,True
9d9c070d-e2f5-47ff-a5d4-1d95ec3d67a8,Woolworths Supermarket,"Dairy, Eggs & Fridge",Della Rosa Peri Peri Chicken Pizza 470g,108540,$5.00,,https://www.woolworths.com.au/shop/productdetails/108540/della-rosa-peri-peri-chicken-pizza,https://cdn0.woolworths.media/content/wowproductimages/medium/108540.jpg,2020-09-21 17:27:05,,0,2 for $9.00,True
032424c1-8a44-4993-9fdf-02c6877881b9,Woolworths Supermarket,"Dairy, Eggs & Fridge",Australia's Own A2 Full Cream Uht Milk 6 pack,108593,$5.00,$4.17 / 1L,https://www.woolworths.com.au/shop/productdetails/108593/australia-s-own-a2-full-cream-uht-milk,https://cdn0.woolworths.media/content/wowproductimages/medium/108593.jpg,2020-09-21 17:27:05,,0,,True
f1eda3df-01b5-46fd-ab17-197d1bb107fe,Woolworths Supermarket,"Dairy, Eggs & Fridge",Della Rosa Pumpkin & Feta Pizza 470g,108615,$5.00,,https://www.woolworths.com.au/shop/productdetails/108615/della-rosa-pumpkin-feta-pizza,https://cdn0.woolworths.media/content/wowproductimages/medium/108615.jpg,2020-09-21 17:27:05,,0,2 for $9.00,True
93cd5684-8ec3-4e62-b87e-88b0a0ecbfa6,Woolworths Supermarket,"Dairy, Eggs & Fridge",Australia's Own Full Cream Uht Milk 6 pack,109361,$3.50,$2.92 / 1L,https://www.woolworths.com.au/shop/productdetails/109361/australia-s-own-full-cream-uht-milk,https://cdn0.woolworths.media/content/wowproductimages/medium/109361.jpg,2020-09-21 17:27:05,,0,,True
93282458-be81-4bad-a5da-4d27e4f3582f,Woolworths Supermarket,"Dairy, Eggs & Fridge",Picasso Kitchen Stone Baked Bbq Meat Deluxe Pizza 470g,109475,$5.00,$1.06 / 100G,https://www.woolworths.com.au/shop/productdetails/109475/picasso-kitchen-stone-baked-bbq-meat-deluxe-pizza,https://cdn0.woolworths.media/content/wowproductimages/medium/109475.jpg,2020-09-21 17:27:05,,0,2 for $9.00,True
8cc82885-5b81-47ac-8738-6364e858ae67,Woolworths Supermarket,"Dairy, Eggs & Fridge",Australia's Own A2 Protein Full Cream Uht Milk 1l,109483,$2.20,$2.20 / 1L,https://www.woolworths.com.au/shop/productdetails/109483/australia-s-own-a2-protein-full-cream-uht-milk,https://cdn0.woolworths.media/content/wowproductimages/medium/109483.jpg,2020-09-21 17:27:05,,0,,True
48ab876d-8fa5-40b0-bec7-eab49e6642d8,Woolworths Supermarket,"Dairy, Eggs & Fridge",Australia's Own Full Cream Uht Milk 1l,109502,$1.30,$1.30 / 1L,https://www.woolworths.com.au/shop/productdetails/109502/australia-s-own-full-cream-uht-milk,https://cdn0.woolworths.media/content/wowproductimages/medium/109502.jpg,2020-09-21 17:27:05,,0,,True
f033efa5-e598-4145-aba3-28a3d0a4576d,Woolworths Supermarket,"Dairy, Eggs & Fridge",Della Rosa Family Ham & Pineapple Pizza 470g,109548,,,https://www.woolworths.com.au/shop/productdetails/109548/della-rosa-family-ham-pineapple-pizza,https://cdn0.woolworths.media/content/wowproductimages/medium/109548.jpg,2020-09-21 17:27:05,,0,,False
5701b799-b0d8-41b2-bf92-df38fce3467d,Woolworths Supermarket,"Dairy, Eggs & Fridge",Della Rosa La Primavera Pizza 450g,109922,$7.50,$1.67 / 100G,https://www.woolworths.com.au/shop/productdetails/109922/della-rosa-la-primavera-pizza,https://cdn0.woolworths.media/content/wowproductimages/medium/109922.jpg,2020-09-21 17:27:05,,0,,True
1d87f56a-3732-4fff-ae29-36dfc0c9140d,Woolworths Supermarket,"Dairy, Eggs & Fridge",Red Rock Deli Sweet Chilli & Sour Cream 150g,110559,$4.50,$3.00 / 100G,https://www.woolworths.com.au/shop/productdetails/110559/red-rock-deli-sweet-chilli-sour-cream,https://cdn0.woolworths.media/content/wowproductimages/medium/110559.jpg,2020-09-21 17:27:05,,0,2 for $7.00,True
943e19be-a734-4c5b-9dfe-3bec7a14824d,Woolworths Supermarket,"Dairy, Eggs & Fridge",Castello Soft Mild Blue Cheese 300g,110572,$9.00,$30.00 / 1KG,https://www.woolworths.com.au/shop/productdetails/110572/castello-soft-mild-blue-cheese,https://cdn0.woolworths.media/content/wowproductimages/medium/110572.jpg,2020-09-21 17:27:05,,0,,True
1d0e785b-0f92-4ca2-bff2-36e446c51dd2,Woolworths Supermarket,"Dairy, Eggs & Fridge",Castello Double Cream Brie 300g,110573,$9.00,$30.00 / 1KG,https://www.woolworths.com.au/shop/productdetails/110573/castello-double-cream-brie,https://cdn0.woolworths.media/content/wowproductimages/medium/110573.jpg,2020-09-21 17:27:05,,0,,True
a81029d1-820f-483b-9802-cb8325aa84fd,Woolworths Supermarket,"Dairy, Eggs & Fridge",Strength Meals Co Tex Mex Pork 350g,110696,$7.00,$2.00 / 100G,https://www.woolworths.com.au/shop/productdetails/110696/strength-meals-co-tex-mex-pork,https://cdn0.woolworths.media/content/wowproductimages/medium/110696.jpg,2020-09-21 17:27:05,,0,,True
0a7ca20a-cd30-4328-9038-91a89776046b,Woolworths Supermarket,"Dairy, Eggs & Fridge",Strength Meals Co Braised Beef Ragu 350g,110876,,,https://www.woolworths.com.au/shop/productdetails/110876/strength-meals-co-braised-beef-ragu,https://cdn0.woolworths.media/content/wowproductimages/medium/110876.jpg,2020-09-21 17:27:05,,0,,False
08126b85-5df6-4744-b0aa-d7c94bec9528,Woolworths Supermarket,"Dairy, Eggs & Fridge",Strength Meals Co Lemon Herb Chicken 350g,110878,$7.00,$2.00 / 100G,https://www.woolworths.com.au/shop/productdetails/110878/strength-meals-co-lemon-herb-chicken,https://cdn0.woolworths.media/content/wowproductimages/medium/110878.jpg,2020-09-21 17:27:05,,0,,True
67253f5e-421b-4644-9a19-ac4e4b735562,Woolworths Supermarket,"Dairy, Eggs & Fridge",Nestle Chocolate Mousse 2x62g,111943,$2.75,$2.22 / 100G,https://www.woolworths.com.au/shop/productdetails/111943/nestle-chocolate-mousse,https://cdn0.woolworths.media/content/wowproductimages/medium/111943.jpg,2020-09-21 17:27:05,,0,,True
1972f6f5-aaf8-4b50-8b3c-4f92791652cb,Woolworths Supermarket,"Dairy, Eggs & Fridge",Pauls Low Fat Chocolate Mousse 2 pack,111944,$2.75,$2.22 / 100G,https://www.woolworths.com.au/shop/productdetails/111944/pauls-low-fat-chocolate-mousse,https://cdn0.woolworths.media/content/wowproductimages/medium/111944.jpg,2020-09-21 17:27:05,,0,,True
397812fc-ad73-4ed7-912e-91e50ab252c5,Woolworths Supermarket,"Dairy, Eggs & Fridge",Chris' Homestyle French Onion Dip 100g x3 pack,113591,$6.00,$2.00 / 100G,https://www.woolworths.com.au/shop/productdetails/113591/chris-homestyle-french-onion-dip,https://cdn0.woolworths.media/content/wowproductimages/medium/113591.jpg,2020-09-21 17:27:05,,0,,True
85671e15-f0ce-4675-bbda-214318a8c35a,Woolworths Supermarket,"Dairy, Eggs & Fridge",Chris' Flip & Dip Sweet Chilli On Cream Cheese 200g,113656,$3.00,$1.50 / 100G,https://www.woolworths.com.au/shop/productdetails/113656/chris-flip-dip-sweet-chilli-on-cream-cheese,https://cdn0.woolworths.media/content/wowproductimages/medium/113656.jpg,2020-09-21 17:27:05,,0,,True
ac3a95f9-6bf6-4cb7-87e9-c8b8e2dc5ce4,Woolworths Supermarket,"Dairy, Eggs & Fridge",Picante Fresh Avocado With Capsicum Coriander & Lime 170g,113938,$4.50,$2.65 / 100G,https://www.woolworths.com.au/shop/productdetails/113938/picante-fresh-avocado-with-capsicum-coriander-lime,https://cdn0.woolworths.media/content/wowproductimages/medium/113938.jpg,2020-09-21 17:27:05,,0,,True
c12858bf-8f77-4f59-a1c6-397be892bf83,Woolworths Supermarket,"Dairy, Eggs & Fridge",Chris' Homestyle Hommus 100g x3 pack,113963,$6.00,$2.00 / 100G,https://www.woolworths.com.au/shop/productdetails/113963/chris-homestyle-hommus,https://cdn0.woolworths.media/content/wowproductimages/medium/113963.jpg,2020-09-21 17:27:05,,0,,True
7252a0fd-9fda-4f87-b13f-3e6ea4717de4,Woolworths Supermarket,"Dairy, Eggs & Fridge",Picante Chargrilled Peppers Smoky Chipotle & Panela Cheese 170g,114593,$4.50,$2.65 / 100G,https://www.woolworths.com.au/shop/productdetails/114593/picante-chargrilled-peppers-smoky-chipotle-panela-cheese,https://cdn0.woolworths.media/content/wowproductimages/medium/114593.jpg,2020-09-21 17:27:05,,0,,True
cbbfc05e-9fb5-4de3-85fe-923859f52032,Woolworths Supermarket,"Dairy, Eggs & Fridge",Coon Cheese Slices Tasty 750g,187899,$10.00,$13.33 / 1KG,https://www.woolworths.com.au/shop/productdetails/187899/coon-cheese-slices-tasty,https://cdn0.woolworths.media/content/wowproductimages/medium/187899.jpg,2020-09-21 17:27:05,,0,Was $12.00 07/07/2020,True
119a25fc-a9be-443f-b76a-12ed46152193,Woolworths Supermarket,"Dairy, Eggs & Fridge",Woolworths Baby Spinach Salad Bag 60g,379515,$2.00,$33.33 / 1KG,https://www.woolworths.com.au/shop/productdetails/379515/woolworths-baby-spinach-salad-bag,https://cdn0.woolworths.media/content/wowproductimages/medium/379515.jpg,2020-09-21 17:27:05,Average product rating out of 5: 4.7. Product score is based on 725 ratings,725,,True
bedca417-1fb6-4bbd-b0c8-994e78d091a9,Woolworths Supermarket,"Dairy, Eggs & Fridge",Flora Proactiv Margarine Buttery 750g,763453,$10.00,$1.33 / 100G,https://www.woolworths.com.au/shop/productdetails/763453/flora-proactiv-margarine-buttery,https://cdn0.woolworths.media/content/wowproductimages/medium/763453.jpg,2020-09-21 17:27:05,,0,,True
26e3edfa-cda8-468f-a12e-48faa3d3ec3a,Woolworths Supermarket,"Dairy, Eggs & Fridge",Woolworths Drought Relief Lite Milk 3l,807386,$3.59,$1.20 / 1L,https://www.woolworths.com.au/shop/productdetails/807386/woolworths-drought-relief-lite-milk,https://cdn0.woolworths.media/content/wowproductimages/medium/807386.jpg,2020-09-21 17:27:05,,0,,True
85b536f1-a865-4a12-8dc2-41a6a0060eb8,Woolworths Supermarket,"Dairy, Eggs & Fridge",A2 Full Cream Milk 2l,208064,$5.30,$2.65 / 1L,https://www.woolworths.com.au/shop/productdetails/208064/a2-full-cream-milk,https://cdn0.woolworths.media/content/wowproductimages/medium/208064.jpg,2020-09-21 17:27:05,,0,,True
8fc4a749-1fab-4a3e-acec-ed3ed9316a52,Woolworths Supermarket,"Dairy, Eggs & Fridge",Woolworths Drought Relief Full Cream Milk 3l,807384,$3.59,$1.20 / 1L,https://www.woolworths.com.au/shop/productdetails/807384/woolworths-drought-relief-full-cream-milk,https://cdn0.woolworths.media/content/wowproductimages/medium/807384.jpg,2020-09-21 17:27:05,,0,,True
07ff8660-e07e-4ba3-b2f5-62863db4d5d6,Woolworths Supermarket,"Dairy, Eggs & Fridge",Woolworths Drought Relief Lite Milk 2l,807385,$2.39,$1.20 / 1L,https://www.woolworths.com.au/shop/productdetails/807385/woolworths-drought-relief-lite-milk,https://cdn0.woolworths.media/content/wowproductimages/medium/807385.jpg,2020-09-21 17:27:05,,0,,True
a625c4f2-4c39-4d30-8845-80ad43e3f5c7,Woolworths Supermarket,"Dairy, Eggs & Fridge",Almond Breeze Unsweetened Almond Milk 1l,761604,$2.50,$2.50 / 1L,https://www.woolworths.com.au/shop/productdetails/761604/almond-breeze-unsweetened-almond-milk,https://cdn0.woolworths.media/content/wowproductimages/medium/761604.jpg,2020-09-21 17:27:05,,0,Was $3.25 13/03/2017,True
93ff7592-0cfa-417e-9a55-25bdb28309a2,Woolworths Supermarket,"Dairy, Eggs & Fridge",Western Star Original Spreadable 500g,069756,$6.00,$1.20 / 100G,https://www.woolworths.com.au/shop/productdetails/69756/western-star-original-spreadable,https://cdn0.woolworths.media/content/wowproductimages/medium/069756.jpg,2020-09-21 17:27:05,,0,,True
e88f5c37-b0b1-4275-8ee5-e61e33f04def,Woolworths Supermarket,"Dairy, Eggs & Fridge",Woolworths Single Leaf Baby Spinach 280g,524336,$5.00,$17.86 / 1KG,https://www.woolworths.com.au/shop/productdetails/524336/woolworths-single-leaf-baby-spinach,https://cdn0.woolworths.media/content/wowproductimages/medium/524336.jpg,2020-09-21 17:27:05,Average product rating out of 5: 4.8. Product score is based on 532 ratings,532,,True
d88175e3-f2da-42ca-b377-be7b55e035f4,Woolworths Supermarket,"Dairy, Eggs & Fridge",Hillview Tasty Shredded Cheese 700g,491820,$6.60,$9.43 / 1KG,https://www.woolworths.com.au/shop/productdetails/491820/hillview-tasty-shredded-cheese,https://cdn0.woolworths.media/content/wowproductimages/medium/491820.jpg,2020-09-21 17:27:05,Average product rating out of 5: 4.5. Product score is based on 48 ratings,48,,True
a1363160-329d-4608-bc06-2444bc9b5e6d,Woolworths Supermarket,"Dairy, Eggs & Fridge",Hillview Cheese Block 1kg,500187,$8.00,$8.00 / 1KG,https://www.woolworths.com.au/shop/productdetails/500187/hillview-cheese-block,https://cdn0.woolworths.media/content/wowproductimages/medium/500187.jpg,2020-09-21 17:27:05,Average product rating out of 5: 4.5. Product score is based on 66 ratings,66,,True
18c2eb43-295a-46ac-84e1-db0ddc571042,Woolworths Supermarket,"Dairy, Eggs & Fridge",Woolworths Drought Relief Full Cream Milk 2l,807383,$2.39,$1.20 / 1L,https://www.woolworths.com.au/shop/productdetails/807383/woolworths-drought-relief-full-cream-milk,https://cdn0.woolworths.media/content/wowproductimages/medium/807383.jpg,2020-09-21 17:27:05,Average product rating out of 5: 4.7. Product score is based on 385 ratings,385,,True
bcd7a7d5-8603-4e9d-bda2-2c1417ccd56d,Woolworths Supermarket,"Dairy, Eggs & Fridge",Woolworths Tasty Shredded Cheese 500g,729026,$6.00,$12.00 / 1KG,https://www.woolworths.com.au/shop/productdetails/729026/woolworths-tasty-shredded-cheese,https://cdn0.woolworths.media/content/wowproductimages/medium/729026.jpg,2020-09-21 17:27:05,Average product rating out of 5: 4.6. Product score is based on 500 ratings,500,,True
b995d8de-4462-47b3-9b5c-a41c50ad3cc4,Woolworths Supermarket,"Dairy, Eggs & Fridge",Woolworths Mozzarella Shredded Cheese 500g,728983,$6.00,$12.00 / 1KG,https://www.woolworths.com.au/shop/productdetails/728983/woolworths-mozzarella-shredded-cheese,https://cdn0.woolworths.media/content/wowproductimages/medium/728983.jpg,2020-09-21 17:27:05,Average product rating out of 5: 4.5. Product score is based on 469 ratings,469,,True
0c7350e1-69f4-4835-aebe-5590d875e6f6,Woolworths Supermarket,"Dairy, Eggs & Fridge",Woolworths Thickened Cream 600ml,048720,$3.00,$0.50 / 100ML,https://www.woolworths.com.au/shop/productdetails/48720/woolworths-thickened-cream,https://cdn0.woolworths.media/content/wowproductimages/medium/048720.jpg,2020-09-21 17:27:05,Average product rating out of 5: 4.8. Product score is based on 740 ratings,740,,True
d916c79f-73e5-48fc-8ec9-bdf88a0ca614,Woolworths Supermarket,"Dairy, Eggs & Fridge",Just 4 You 12 Extra Large Caged Eggs 700g,893974,$3.50,$0.50 / 100G,https://www.woolworths.com.au/shop/productdetails/893974/just-4-you-12-extra-large-caged-eggs,https://cdn0.woolworths.media/content/wowproductimages/medium/893974.jpg,2020-09-21 17:27:05,,0,,True
a804c5c5-b827-4ba1-b722-e636de1ab33f,Woolworths Supermarket,"Dairy, Eggs & Fridge",Woolworths Uht Full Cream Milk 1l,748595,$1.25,$1.25 / 1L,https://www.woolworths.com.au/shop/productdetails/748595/woolworths-uht-full-cream-milk,https://cdn0.woolworths.media/content/wowproductimages/medium/748595.jpg,2020-09-21 17:27:05,Average product rating out of 5: 4.9. Product score is based on 36 ratings,36,,True
9c222052-23f6-407c-ac24-912fdb9590a1,Woolworths Supermarket,"Dairy, Eggs & Fridge",Woolworths Baby Leaf Spinach 120g,524322,$3.00,$25.00 / 1KG,https://www.woolworths.com.au/shop/productdetails/524322/woolworths-baby-leaf-spinach,https://cdn0.woolworths.media/content/wowproductimages/medium/524322.jpg,2020-09-21 17:27:05,Average product rating out of 5: 4.7. Product score is based on 2842 ratings,2842,,True
a5d585d1-eefd-4ddd-b057-964257c2bba5,Woolworths Supermarket,"Dairy, Eggs & Fridge",A2 Light Milk 2l,208066,$5.30,$2.65 / 1L,https://www.woolworths.com.au/shop/productdetails/208066/a2-light-milk,https://cdn0.woolworths.media/content/wowproductimages/medium/208066.jpg,2020-09-21 17:27:05,,0,,True
e008af07-0963-4ad0-ae21-eda2afe64db6,Woolworths Supermarket,"Dairy, Eggs & Fridge",Nestle Reduced Fat Cream 250ml,114701,$3.50,$14.00 / 1L,https://www.woolworths.com.au/shop/productdetails/114701/nestle-reduced-fat-cream,https://cdn0.woolworths.media/content/wowproductimages/medium/114701.jpg,2020-09-21 17:27:05,,0,,True
e14f4756-771f-4556-a418-9679b92dcfd9,Woolworths Supermarket,"Dairy, Eggs & Fridge",Chris' Homestyle Hommus 1kg,115088,$6.50,$0.65 / 100G,https://www.woolworths.com.au/shop/productdetails/115088/chris-homestyle-hommus,https://cdn0.woolworths.media/content/wowproductimages/medium/115088.jpg,2020-09-21 17:27:05,,0,,True
117199cf-eb8b-4159-95cc-39292dc501f5,Woolworths Supermarket,"Dairy, Eggs & Fridge",Easiyo Reduced Sugar Strawberry Yoghurt 176g,115727,$4.50,$2.56 / 100G,https://www.woolworths.com.au/shop/productdetails/115727/easiyo-reduced-sugar-strawberry-yoghurt,https://cdn0.woolworths.media/content/wowproductimages/medium/115727.jpg,2020-09-21 17:27:05,,0,,True
3b2d5b86-e082-4a1e-b0a9-c40105c930c9,Woolworths Supermarket,"Dairy, Eggs & Fridge",Chris' Flip & Dip Corn Relish On Cream Cheese 200g,116252,$3.00,$1.50 / 100G,https://www.woolworths.com.au/shop/productdetails/116252/chris-flip-dip-corn-relish-on-cream-cheese,https://cdn0.woolworths.media/content/wowproductimages/medium/116252.jpg,2020-09-21 17:27:05,,0,,True
e1da2c98-c68e-406f-bc23-c6343c804c6b,Woolworths Supermarket,"Dairy, Eggs & Fridge",Yumi's Veggie Bites Roasted Veggies & Peas 225g,116292,$5.50,$24.44 / 1KG,https://www.woolworths.com.au/shop/productdetails/116292/yumi-s-veggie-bites-roasted-veggies-peas,https://cdn0.woolworths.media/content/wowproductimages/medium/116292.jpg,2020-09-21 17:27:05,,0,,True
07523687-4634-4837-8318-a25e55b641f8,Woolworths Supermarket,"Dairy, Eggs & Fridge",Sa Gourmet Food Co Strawberry Custard 120g,116561,,,https://www.woolworths.com.au/shop/productdetails/116561/sa-gourmet-food-co-strawberry-custard,https://cdn0.woolworths.media/content/wowproductimages/medium/116561.jpg,2020-09-21 17:27:05,,0,,False
a79be3fe-0e60-4e3f-87eb-29e36f0e6373,Woolworths Supermarket,"Dairy, Eggs & Fridge",V2 Plant Based Burgers 4 pack,116675,$9.00,$19.91 / 1KG,https://www.woolworths.com.au/shop/productdetails/116675/v2-plant-based-burgers,https://cdn0.woolworths.media/content/wowproductimages/medium/116675.jpg,2020-09-21 17:27:05,,0,,True
9d8309d7-3352-43df-ab03-f19d3ba46c41,Woolworths Supermarket,"Dairy, Eggs & Fridge",Sa Gourmet Food Co Apple Fruit Custard 120g,117135,$1.70,$1.42 / 100G,https://www.woolworths.com.au/shop/productdetails/117135/sa-gourmet-food-co-apple-fruit-custard,https://cdn0.woolworths.media/content/wowproductimages/medium/117135.jpg,2020-09-21 17:27:05,,0,,True
59745620-9475-47e4-89f2-211d16f33262,Woolworths Supermarket,"Dairy, Eggs & Fridge",Made With Plants Sweet Chilli Tofu 200g,117321,$4.00,$20.00 / 1KG,https://www.woolworths.com.au/shop/productdetails/117321/made-with-plants-sweet-chilli-tofu,https://cdn0.woolworths.media/content/wowproductimages/medium/117321.jpg,2020-09-21 17:27:05,,0,,True
0fea46a0-1f2a-4517-b668-496ee3d5d6ec,Woolworths Supermarket,"Dairy, Eggs & Fridge",Sa Gourmet Food Co Banana Custard 120g,117430,,,https://www.woolworths.com.au/shop/productdetails/117430/sa-gourmet-food-co-banana-custard,https://cdn0.woolworths.media/content/wowproductimages/medium/117430.jpg,2020-09-21 17:27:05,,0,,False
460d4bf6-7fdf-4a60-ac5e-beed049aebc3,Woolworths Supermarket,"Dairy, Eggs & Fridge",Made With Plants Teriyaki Tofu 200g,117532,$4.00,$20.00 / 1KG,https://www.woolworths.com.au/shop/productdetails/117532/made-with-plants-teriyaki-tofu,https://cdn0.woolworths.media/content/wowproductimages/medium/117532.jpg,2020-09-21 17:27:05,,0,,True
9ae7e9f4-025c-44d2-bbd1-3df048a276fe,Woolworths Supermarket,"Dairy, Eggs & Fridge",Made With Plants Sesame & Garlic Tofu 200g,117716,$4.00,$20.00 / 1KG,https://www.woolworths.com.au/shop/productdetails/117716/made-with-plants-sesame-garlic-tofu,https://cdn0.woolworths.media/content/wowproductimages/medium/117716.jpg,2020-09-21 17:27:05,,0,,True
fdab115b-ecb3-4289-a339-30c750451ab8,Woolworths Supermarket,"Dairy, Eggs & Fridge",V2 Plant Based Mince 500g,118439,$8.50,$17.00 / 1KG,https://www.woolworths.com.au/shop/productdetails/118439/v2-plant-based-mince,https://cdn0.woolworths.media/content/wowproductimages/medium/118439.jpg,2020-09-21 17:27:05,,0,,True
f21f79d0-7ae5-4c65-9251-a0f29fef4635,Woolworths Supermarket,"Dairy, Eggs & Fridge",Made With Plants Meat Free Beef & Black Bean With Rice 400g,118720,$9.00,$2.25 / 100G,https://www.woolworths.com.au/shop/productdetails/118720/made-with-plants-meat-free-beef-black-bean-with-rice,https://cdn0.woolworths.media/content/wowproductimages/medium/118720.jpg,2020-09-21 17:27:05,,0,,True
08c2025b-c6c0-49ca-a4e0-b3d95a0bacef,Woolworths Supermarket,"Dairy, Eggs & Fridge",Easiyo Greek Style Unsweetened Yogurt Base 170g,118746,$4.20,$2.47 / 100G,https://www.woolworths.com.au/shop/productdetails/118746/easiyo-greek-style-unsweetened-yogurt-base,https://cdn0.woolworths.media/content/wowproductimages/medium/118746.jpg,2020-09-21 17:27:05,,0,,True
d1ef7bf4-383d-49e7-977f-54952ee78fca,Woolworths Supermarket,"Dairy, Eggs & Fridge",Ice Break Regular Strength 750ml,120981,$3.00,$4.00 / 1L,https://www.woolworths.com.au/shop/productdetails/120981/ice-break-regular-strength,https://cdn0.woolworths.media/content/wowproductimages/medium/120981.jpg,2020-09-21 17:27:05,,0,,True
39417e86-011b-4711-ac3e-fa8873e622ba,Woolworths Supermarket,"Dairy, Eggs & Fridge",Tasmanian Pate Smoked Salmon & Cracked Pepper Pate 130g,133471,$4.66,$35.85 / 1KG,https://www.woolworths.com.au/shop/productdetails/133471/tasmanian-pate-smoked-salmon-cracked-pepper-pate,https://cdn0.woolworths.media/content/wowproductimages/medium/133471.jpg,2020-09-21 17:27:05,,0,,True
fa5682aa-08ce-4d91-9523-9418f3c7424e,Woolworths Supermarket,"Dairy, Eggs & Fridge",Meredith Dairy Goat Cheese In Olive Oil 320g,135884,$12.99,$40.59 / 1KG,https://www.woolworths.com.au/shop/productdetails/135884/meredith-dairy-goat-cheese-in-olive-oil,https://cdn0.woolworths.media/content/wowproductimages/medium/135884.jpg,2020-09-21 17:27:05,,0,,True
36be0e91-b325-4e40-905f-c90c62b6e54a,Woolworths Supermarket,"Dairy, Eggs & Fridge",Cracker Barrel Block Special Reserve 250g,139943,$6.80,$27.20 / 1KG,https://www.woolworths.com.au/shop/productdetails/139943/cracker-barrel-block-special-reserve,https://cdn0.woolworths.media/content/wowproductimages/medium/139943.jpg,2020-09-21 17:27:05,,0,,True
b5a6a7ca-4534-404e-9b81-5dc18296295b,Woolworths Supermarket,"Dairy, Eggs & Fridge",Flora Proactiv Margarine Spread Original 500g,140985,$6.00,$1.20 / 100G,https://www.woolworths.com.au/shop/productdetails/140985/flora-proactiv-margarine-spread-original,https://cdn0.woolworths.media/content/wowproductimages/medium/140985.jpg,2020-09-21 17:27:05,,0,,True
aa642ba5-0d79-4977-b8fd-ae644a06d437,Woolworths Supermarket,"Dairy, Eggs & Fridge",Pauls Zymil Light Lactose Free Milk 1l,144000,$3.10,$3.10 / 1L,https://www.woolworths.com.au/shop/productdetails/144000/pauls-zymil-light-lactose-free-milk,https://cdn0.woolworths.media/content/wowproductimages/medium/144000.jpg,2020-09-21 17:27:05,,0,,True
dfeb99f9-0e94-4893-b0f2-6964dd47c06c,Woolworths Supermarket,"Dairy, Eggs & Fridge",Fantastic Fresh Noodles Hokkien 450g,145566,$2.70,$0.60 / 100G,https://www.woolworths.com.au/shop/productdetails/145566/fantastic-fresh-noodles-hokkien,https://cdn0.woolworths.media/content/wowproductimages/medium/145566.jpg,2020-09-21 17:27:05,,0,,True
ab2a20ed-a681-49a9-88db-9c2832142cbe,Woolworths Supermarket,"Dairy, Eggs & Fridge",Fantastic Fresh Noodles Thin Hokkien 450g,145567,$2.70,$0.60 / 100G,https://www.woolworths.com.au/shop/productdetails/145567/fantastic-fresh-noodles-thin-hokkien,https://cdn0.woolworths.media/content/wowproductimages/medium/145567.jpg,2020-09-21 17:27:05,,0,,True
def409b3-e127-469f-94ca-d4c3c8dcda65,Woolworths Supermarket,"Dairy, Eggs & Fridge",Casa Leonardi Gorgonazola Dolce Blue Cheese 195g,146232,$7.30,$37.44 / 1KG,https://www.woolworths.com.au/shop/productdetails/146232/casa-leonardi-gorgonazola-dolce-blue-cheese,https://cdn0.woolworths.media/content/wowproductimages/medium/146232.jpg,2020-09-21 17:27:05,,0,,True
422755fd-df0e-4e95-92da-76f80a263b96,Woolworths Supermarket,"Dairy, Eggs & Fridge",Perfect Italiano Shaved Parmesan 125g,360904,$3.25,$26.00 / 1KG,https://www.woolworths.com.au/shop/productdetails/360904/perfect-italiano-shaved-parmesan,https://cdn0.woolworths.media/content/wowproductimages/medium/360904.jpg,2020-09-21 17:27:05,,0,,True
2243afff-f6b6-4c75-b1be-d82de423aff2,Woolworths Supermarket,"Dairy, Eggs & Fridge",Perfect Italiano Extra Sharp Grated Parmesan 125g,302306,$3.25,$26.00 / 1KG,https://www.woolworths.com.au/shop/productdetails/302306/perfect-italiano-extra-sharp-grated-parmesan,https://cdn0.woolworths.media/content/wowproductimages/medium/302306.jpg,2020-09-21 17:27:05,,0,,True
4e30b23a-555d-48bc-8bc9-9ea44fd294cd,Woolworths Supermarket,"Dairy, Eggs & Fridge",Almond Breeze Unsweetened Almond Milk 1l,761604,$2.50,$2.50 / 1L,https://www.woolworths.com.au/shop/productdetails/761604/almond-breeze-unsweetened-almond-milk,https://cdn0.woolworths.media/content/wowproductimages/medium/761604.jpg,2020-09-21 17:27:05,,0,Was $3.25 13/03/2017,True
d1c5a028-9359-43c3-98c0-b3c0fc0467dd,Woolworths Supermarket,"Dairy, Eggs & Fridge",Woolworths Mozzarella Shredded Cheese 500g,728983,$6.00,$12.00 / 1KG,https://www.woolworths.com.au/shop/productdetails/728983/woolworths-mozzarella-shredded-cheese,https://cdn0.woolworths.media/content/wowproductimages/medium/728983.jpg,2020-09-21 17:27:05,Average product rating out of 5: 4.5. Product score is based on 469 ratings,469,,True
cff4df97-d414-4193-b451-797904bd2d3d,Woolworths Supermarket,"Dairy, Eggs & Fridge",Woolworths Baby Leaf Spinach 120g,524322,$3.00,$25.00 / 1KG,https://www.woolworths.com.au/shop/productdetails/524322/woolworths-baby-leaf-spinach,https://cdn0.woolworths.media/content/wowproductimages/medium/524322.jpg,2020-09-21 17:27:05,Average product rating out of 5: 4.7. Product score is based on 2842 ratings,2842,,True
e4a3aae1-1a19-42ab-a884-f378dd6d56a8,Woolworths Supermarket,"Dairy, Eggs & Fridge",Woolworths Sour Cream 300ml,105609,$2.10,$0.70 / 100ML,https://www.woolworths.com.au/shop/productdetails/105609/woolworths-sour-cream,https://cdn0.woolworths.media/content/wowproductimages/medium/105609.jpg,2020-09-21 17:27:05,Average product rating out of 5: 4.5. Product score is based on 1353 ratings,1353,,True
89c6991b-124c-400a-98e5-9037ebaf1ec2,Woolworths Supermarket,"Dairy, Eggs & Fridge",Woolworths Single Leaf Baby Spinach 280g,524336,$5.00,$17.86 / 1KG,https://www.woolworths.com.au/shop/productdetails/524336/woolworths-single-leaf-baby-spinach,https://cdn0.woolworths.media/content/wowproductimages/medium/524336.jpg,2020-09-21 17:27:05,Average product rating out of 5: 4.8. Product score is based on 532 ratings,532,,True
26615723-69bb-4c45-9628-c7690a1b22cc,Woolworths Supermarket,"Dairy, Eggs & Fridge",Woolworths Uht Full Cream Milk 1l,748595,$1.25,$1.25 / 1L,https://www.woolworths.com.au/shop/productdetails/748595/woolworths-uht-full-cream-milk,https://cdn0.woolworths.media/content/wowproductimages/medium/748595.jpg,2020-09-21 17:27:05,Average product rating out of 5: 4.9. Product score is based on 36 ratings,36,,True
5b6e431a-4b09-4879-ac12-84c4f13260b1,Woolworths Supermarket,"Dairy, Eggs & Fridge",Woolworths Drought Relief Full Cream Milk 2l,807383,$2.39,$1.20 / 1L,https://www.woolworths.com.au/shop/productdetails/807383/woolworths-drought-relief-full-cream-milk,https://cdn0.woolworths.media/content/wowproductimages/medium/807383.jpg,2020-09-21 17:27:05,Average product rating out of 5: 4.7. Product score is based on 385 ratings,385,,True
d00f4cca-c34b-4b13-9bf8-9483912be7a4,Woolworths Supermarket,"Dairy, Eggs & Fridge",Hillview Cheese Block 1kg,500187,$8.00,$8.00 / 1KG,https://www.woolworths.com.au/shop/productdetails/500187/hillview-cheese-block,https://cdn0.woolworths.media/content/wowproductimages/medium/500187.jpg,2020-09-21 17:27:05,Average product rating out of 5: 4.5. Product score is based on 66 ratings,66,,True
80c36745-97d2-485f-93b1-4455286872bb,Woolworths Supermarket,"Dairy, Eggs & Fridge",Woolworths Drought Relief Full Cream Milk 3l,807384,$3.59,$1.20 / 1L,https://www.woolworths.com.au/shop/productdetails/807384/woolworths-drought-relief-full-cream-milk,https://cdn0.woolworths.media/content/wowproductimages/medium/807384.jpg,2020-09-21 17:27:05,,0,,True
48b9fa03-d2ec-48b1-91f1-5278dcebfd31,Woolworths Supermarket,"Dairy, Eggs & Fridge",Woolworths Drought Relief Lite Milk 2l,807385,$2.39,$1.20 / 1L,https://www.woolworths.com.au/shop/productdetails/807385/woolworths-drought-relief-lite-milk,https://cdn0.woolworths.media/content/wowproductimages/medium/807385.jpg,2020-09-21 17:27:05,,0,,True
125340ea-d62b-4c51-bed9-5ce24f0ed66b,Woolworths Supermarket,"Dairy, Eggs & Fridge",Woolworths Thickened Cream 600ml,048720,$3.00,$0.50 / 100ML,https://www.woolworths.com.au/shop/productdetails/48720/woolworths-thickened-cream,https://cdn0.woolworths.media/content/wowproductimages/medium/048720.jpg,2020-09-21 17:27:05,Average product rating out of 5: 4.8. Product score is based on 740 ratings,740,,True
08a7a8f4-706a-40a2-b173-251511d7bf6c,Woolworths Supermarket,"Dairy, Eggs & Fridge",Woolworths Tasty Shredded Cheese 500g,729026,$6.00,$12.00 / 1KG,https://www.woolworths.com.au/shop/productdetails/729026/woolworths-tasty-shredded-cheese,https://cdn0.woolworths.media/content/wowproductimages/medium/729026.jpg,2020-09-21 17:27:05,Average product rating out of 5: 4.6. Product score is based on 500 ratings,500,,True
be247ba7-9945-40c8-a99f-fae962df767c,Woolworths Supermarket,"Dairy, Eggs & Fridge",Woolworths Drought Relief Lite Milk 3l,807386,$3.59,$1.20 / 1L,https://www.woolworths.com.au/shop/productdetails/807386/woolworths-drought-relief-lite-milk,https://cdn0.woolworths.media/content/wowproductimages/medium/807386.jpg,2020-09-21 17:27:05,,0,,True
a3bc9be5-3a40-4268-84f5-942ec00614b3,Woolworths Supermarket,"Dairy, Eggs & Fridge",Woolworths Baby Spinach Salad Bag 60g,379515,$2.00,$33.33 / 1KG,https://www.woolworths.com.au/shop/productdetails/379515/woolworths-baby-spinach-salad-bag,https://cdn0.woolworths.media/content/wowproductimages/medium/379515.jpg,2020-09-21 17:27:05,Average product rating out of 5: 4.7. Product score is based on 725 ratings,725,,True
66f1bab4-fb42-4d78-b4c1-26cd3304008f,Woolworths Supermarket,"Dairy, Eggs & Fridge",Hillview Tasty Shredded Cheese 700g,491820,$6.60,$9.43 / 1KG,https://www.woolworths.com.au/shop/productdetails/491820/hillview-tasty-shredded-cheese,https://cdn0.woolworths.media/content/wowproductimages/medium/491820.jpg,2020-09-21 17:27:05,Average product rating out of 5: 4.5. Product score is based on 48 ratings,48,,True
c066af2e-613d-435e-b67a-cebf111bbbc3,Woolworths Supermarket,"Dairy, Eggs & Fridge",Woolworths Thickened Cream 300ml,044317,$1.90,$0.63 / 100ML,https://www.woolworths.com.au/shop/productdetails/44317/woolworths-thickened-cream,https://cdn0.woolworths.media/content/wowproductimages/medium/044317.jpg,2020-09-21 17:27:05,Average product rating out of 5: 4.9. Product score is based on 629 ratings,629,,True
8f733320-bc9d-475e-9e22-c6cc062b2ebc,Woolworths Supermarket,"Dairy, Eggs & Fridge",Just 4 You 12 Extra Large Caged Eggs 700g,893974,$3.50,$0.50 / 100G,https://www.woolworths.com.au/shop/productdetails/893974/just-4-you-12-extra-large-caged-eggs,https://cdn0.woolworths.media/content/wowproductimages/medium/893974.jpg,2020-09-21 17:27:05,,0,,True
73c3fea4-ed4d-49f2-8aad-42419543e03d,Woolworths Supermarket,"Dairy, Eggs & Fridge",Western Star Original Spreadable 500g,069756,$6.00,$1.20 / 100G,https://www.woolworths.com.au/shop/productdetails/69756/western-star-original-spreadable,https://cdn0.woolworths.media/content/wowproductimages/medium/069756.jpg,2020-09-21 17:27:05,,0,,True
7160ccef-6770-4334-bde3-acb301f57d30,Woolworths Supermarket,"Dairy, Eggs & Fridge",Pauls Zymil Lactose Free Long Life Milk 1l,146547,$2.25,$2.25 / 1L,https://www.woolworths.com.au/shop/productdetails/146547/pauls-zymil-lactose-free-long-life-milk,https://cdn0.woolworths.media/content/wowproductimages/medium/146547.jpg,2020-09-21 17:27:05,,0,Was $2.70 10/08/2020,True
7680a552-2f7f-46c0-9661-6ce2392c4120,Woolworths Supermarket,"Dairy, Eggs & Fridge",Tasmanian Heritage Camembert Cheese 250g,155990,$11.80,$47.20 / 1KG,https://www.woolworths.com.au/shop/productdetails/155990/tasmanian-heritage-camembert-cheese,https://cdn0.woolworths.media/content/wowproductimages/medium/155990.jpg,2020-09-21 17:27:05,,0,,True
a629d5ae-6058-4abe-be41-0c4912038a50,Woolworths Supermarket,"Dairy, Eggs & Fridge",Yogo Choc Rock Dessert 12x100g,156293,$7.00,$0.58 / 100G,https://www.woolworths.com.au/shop/productdetails/156293/yogo-choc-rock-dessert,https://cdn0.woolworths.media/content/wowproductimages/medium/156293.jpg,2020-09-21 17:27:05,,0,,True
a089cb44-13e8-4338-b385-b8f155a664ef,Woolworths Supermarket,"Dairy, Eggs & Fridge",Yogo Chocolate With Choc Chip Dessert 150g,156294,$2.50,$1.67 / 100G,https://www.woolworths.com.au/shop/productdetails/156294/yogo-chocolate-with-choc-chip-dessert,https://cdn0.woolworths.media/content/wowproductimages/medium/156294.jpg,2020-09-21 17:27:05,,0,,True
9cd67bd1-5511-4b3b-8804-3dd70d91f9e9,Woolworths Supermarket,"Dairy, Eggs & Fridge",Yogo Chocolate With Mini M&m's Dessert 150g,156295,$2.50,$1.67 / 100G,https://www.woolworths.com.au/shop/productdetails/156295/yogo-chocolate-with-mini-m-m-s-dessert,https://cdn0.woolworths.media/content/wowproductimages/medium/156295.jpg,2020-09-21 17:27:05,,0,,True
c2bf9f97-a629-4af8-bdd0-77094551de4e,Woolworths Supermarket,"Dairy, Eggs & Fridge",Pauls Pure Organic Unhomogenised Full Cream Milk 1l,157575,$3.20,$3.20 / 1L,https://www.woolworths.com.au/shop/productdetails/157575/pauls-pure-organic-unhomogenised-full-cream-milk,https://cdn0.woolworths.media/content/wowproductimages/medium/157575.jpg,2020-09-21 17:27:05,,0,,True
1969cf62-18cc-459c-a430-256ee620aecc,Woolworths Supermarket,"Dairy, Eggs & Fridge",Lemnos Traditional Fetta 180g,162581,$4.50,$25.00 / 1KG,https://www.woolworths.com.au/shop/productdetails/162581/lemnos-traditional-fetta,https://cdn0.woolworths.media/content/wowproductimages/medium/162581.jpg,2020-09-21 17:27:05,,0,Was $4.75 24/03/2019,True
c744c3b2-6b26-46b5-acf5-b3c45e35ccd9,Woolworths Supermarket,"Dairy, Eggs & Fridge",Lemnos Halloumi Cheese 180g,162588,$5.00,$27.78 / 1KG,https://www.woolworths.com.au/shop/productdetails/162588/lemnos-halloumi-cheese,https://cdn0.woolworths.media/content/wowproductimages/medium/162588.jpg,2020-09-21 17:27:05,,0,,True
2f735ae2-f338-4a75-adb1-be34049ad4ff,Woolworths Supermarket,"Dairy, Eggs & Fridge",Woolworths Caesar Salad Tub 250g,169160,$6.00,$24.00 / 1KG,https://www.woolworths.com.au/shop/productdetails/169160/woolworths-caesar-salad-tub,https://cdn0.woolworths.media/content/wowproductimages/medium/169160.jpg,2020-09-21 17:27:05,Average product rating out of 5: 4.2. Product score is based on 344 ratings,344,,True
433641be-5b88-4be7-af85-1ed67e77b255,Woolworths Supermarket,"Dairy, Eggs & Fridge",Jalna Biodynamic Whole Milk Yoghurt 1kg,169222,$7.95,$0.80 / 100G,https://www.woolworths.com.au/shop/productdetails/169222/jalna-biodynamic-whole-milk-yoghurt,https://cdn0.woolworths.media/content/wowproductimages/medium/169222.jpg,2020-09-21 17:27:05,,0,,True
7d5cff21-96d4-4caa-9ed2-fc8bcb5fcf9c,Woolworths Supermarket,"Dairy, Eggs & Fridge",Woolworths Beef Lasagne 500g,169226,$7.00,$14.00 / 1KG,https://www.woolworths.com.au/shop/productdetails/169226/woolworths-beef-lasagne,https://cdn0.woolworths.media/content/wowproductimages/medium/169226.jpg,2020-09-21 17:27:05,Average product rating out of 5: 3.1. Product score is based on 264 ratings,264,,True
2b5f530e-57d2-4dc9-b275-871d092070b8,Woolworths Supermarket,"Dairy, Eggs & Fridge",Yakult Probiotic Drink 10x65ml,170740,$7.70,$11.85 / 1L,https://www.woolworths.com.au/shop/productdetails/170740/yakult-probiotic-drink,https://cdn0.woolworths.media/content/wowproductimages/medium/170740.jpg,2020-09-21 17:27:05,,0,,True
90443166-ce74-4fa6-991c-5226d499399d,Woolworths Supermarket,"Dairy, Eggs & Fridge",Easiyo Strawberry Flavour Yoghurt Base 230g,173166,$4.50,$1.96 / 100G,https://www.woolworths.com.au/shop/productdetails/173166/easiyo-strawberry-flavour-yoghurt-base,https://cdn0.woolworths.media/content/wowproductimages/medium/173166.jpg,2020-09-21 17:27:05,,0,,True
ebf85a3e-f9b3-42aa-950c-66f6ee75f95d,Woolworths Supermarket,"Dairy, Eggs & Fridge",Easiyo Sweet Vanilla Yoghurt Base 230g,173193,$4.50,$1.96 / 100G,https://www.woolworths.com.au/shop/productdetails/173193/easiyo-sweet-vanilla-yoghurt-base,https://cdn0.woolworths.media/content/wowproductimages/medium/173193.jpg,2020-09-21 17:27:05,,0,,True
4ccd228f-f458-49f2-84c9-9c17b64ac7b0,Woolworths Supermarket,"Dairy, Eggs & Fridge",Woolworths 12 Extra Large Cage Free Eggs 700g,175902,$3.95,$0.56 / 100G,https://www.woolworths.com.au/shop/productdetails/175902/woolworths-12-extra-large-cage-free-eggs,https://cdn0.woolworths.media/content/wowproductimages/medium/175902.jpg,2020-09-21 17:27:05,,0,,True
52d81c03-50eb-4bcb-9233-8229938f2f39,Woolworths Supermarket,"Dairy, Eggs & Fridge",Jalna Premium Vanilla Yoghurt 1kg,178437,$7.50,$0.75 / 100G,https://www.woolworths.com.au/shop/productdetails/178437/jalna-premium-vanilla-yoghurt,https://cdn0.woolworths.media/content/wowproductimages/medium/178437.jpg,2020-09-21 17:27:05,,0,,True
4d2a730a-382a-44b9-8629-991812d67f0c,Woolworths Supermarket,"Dairy, Eggs & Fridge",Jarlsberg Cheese Loaf per kg,182723,$25.00,$25.00 / 1KG,https://www.woolworths.com.au/shop/productdetails/182723/jarlsberg-cheese-loaf,https://cdn0.woolworths.media/content/wowproductimages/medium/182723.jpg,2020-09-21 17:27:05,,0,,True
63e4733b-5406-4632-9a14-ca5bcfa58971,Woolworths Supermarket,"Dairy, Eggs & Fridge",La Famiglia Garlic Bread Slices 270g,184335,$3.00,$1.11 / 100G,https://www.woolworths.com.au/shop/productdetails/184335/la-famiglia-garlic-bread-slices,https://cdn0.woolworths.media/content/wowproductimages/medium/184335.jpg,2020-09-21 17:27:05,,0,,True
3fcc974f-cc98-4656-9f4f-e64700d99245,Woolworths Supermarket,"Dairy, Eggs & Fridge",Coon Cheese Slices Tasty Light 750g,187890,$10.00,$13.33 / 1KG,https://www.woolworths.com.au/shop/productdetails/187890/coon-cheese-slices-tasty-light,https://cdn0.woolworths.media/content/wowproductimages/medium/187890.jpg,2020-09-21 17:27:05,,0,Was $12.00 07/07/2020,True
57f3393d-8ff6-4812-914a-8e07f4771839,Woolworths Supermarket,"Dairy, Eggs & Fridge",Coon Cheese Slices Tasty 750g,187899,$10.00,$13.33 / 1KG,https://www.woolworths.com.au/shop/productdetails/187899/coon-cheese-slices-tasty,https://cdn0.woolworths.media/content/wowproductimages/medium/187899.jpg,2020-09-21 17:27:05,,0,Was $12.00 07/07/2020,True
041dc62b-f297-49ee-8729-e302f2c8bf54,Woolworths Supermarket,"Dairy, Eggs & Fridge",Pureharvest Organic Malt Free Soy Milk 1l,192366,$1.70,$1.70 / 1L,https://www.woolworths.com.au/shop/productdetails/192366/pureharvest-organic-malt-free-soy-milk,https://cdn0.woolworths.media/content/wowproductimages/medium/192366.jpg,2020-09-21 17:27:05,,0,,True
71374785-9746-4997-b8ba-618bf0cf2135,Woolworths Supermarket,"Dairy, Eggs & Fridge",Woolworths Crunchy Noodle Coleslaw Kit 520g,193753,$4.00,$7.69 / 1KG,https://www.woolworths.com.au/shop/productdetails/193753/woolworths-crunchy-noodle-coleslaw-kit,https://cdn0.woolworths.media/content/wowproductimages/medium/193753.jpg,2020-09-21 17:27:05,Average product rating out of 5: 4.1. Product score is based on 363 ratings,363,,True
7b7a6388-62fc-4d06-aa0a-bb52616cdd2f,Woolworths Supermarket,"Dairy, Eggs & Fridge",Devondale Colby Cheese Block 625g,193761,$7.50,$12.00 / 1KG,https://www.woolworths.com.au/shop/productdetails/193761/devondale-colby-cheese-block,https://cdn0.woolworths.media/content/wowproductimages/medium/193761.jpg,2020-09-21 17:27:05,,0,,True
b317449b-9ea4-4e18-bce0-a99582abff1d,Woolworths Supermarket,"Dairy, Eggs & Fridge",Devondale Tasty Cheese Block 625g,193763,$7.50,$12.00 / 1KG,https://www.woolworths.com.au/shop/productdetails/193763/devondale-tasty-cheese-block,https://cdn0.woolworths.media/content/wowproductimages/medium/193763.jpg,2020-09-21 17:27:05,,0,,True
7ad6d0ee-4576-4903-97fa-87281e11103e,Woolworths Supermarket,"Dairy, Eggs & Fridge",Coon Cheese Slices Tasty 750g,187899,$10.00,$13.33 / 1KG,https://www.woolworths.com.au/shop/productdetails/187899/coon-cheese-slices-tasty,https://cdn0.woolworths.media/content/wowproductimages/medium/187899.jpg,2020-09-21 17:27:05,,0,Was $12.00 07/07/2020,True
5bb9e5d5-976c-4175-be1f-299f5cc56681,Woolworths Supermarket,"Dairy, Eggs & Fridge",A2 Light Milk 2l,208066,$5.30,$2.65 / 1L,https://www.woolworths.com.au/shop/productdetails/208066/a2-light-milk,https://cdn0.woolworths.media/content/wowproductimages/medium/208066.jpg,2020-09-21 17:27:05,,0,,True
3ebed291-6ec8-41c6-9755-4e45a06562d0,Woolworths Supermarket,"Dairy, Eggs & Fridge",Flora Proactiv Margarine Buttery 750g,763453,$10.00,$1.33 / 100G,https://www.woolworths.com.au/shop/productdetails/763453/flora-proactiv-margarine-buttery,https://cdn0.woolworths.media/content/wowproductimages/medium/763453.jpg,2020-09-21 17:27:05,,0,,True
688e7247-a3e4-48ed-8cd6-d4f3e719779f,Woolworths Supermarket,"Dairy, Eggs & Fridge",Just 4 You 12 Extra Large Caged Eggs 700g,893974,$3.50,$0.50 / 100G,https://www.woolworths.com.au/shop/productdetails/893974/just-4-you-12-extra-large-caged-eggs,https://cdn0.woolworths.media/content/wowproductimages/medium/893974.jpg,2020-09-21 17:27:05,,0,,True
77ceeb9f-7b0d-472e-8d05-199e79ac5f43,Woolworths Supermarket,"Dairy, Eggs & Fridge",Woolworths Drought Relief Full Cream Milk 3l,807384,$3.59,$1.20 / 1L,https://www.woolworths.com.au/shop/productdetails/807384/woolworths-drought-relief-full-cream-milk,https://cdn0.woolworths.media/content/wowproductimages/medium/807384.jpg,2020-09-21 17:27:05,,0,,True
268e87d9-af10-4b10-9cb3-936cc43349e8,Woolworths Supermarket,"Dairy, Eggs & Fridge",Hillview Tasty Shredded Cheese 700g,491820,$6.60,$9.43 / 1KG,https://www.woolworths.com.au/shop/productdetails/491820/hillview-tasty-shredded-cheese,https://cdn0.woolworths.media/content/wowproductimages/medium/491820.jpg,2020-09-21 17:27:05,Average product rating out of 5: 4.5. Product score is based on 48 ratings,48,,True
04758e33-fda8-43e1-b62d-5f825301879f,Woolworths Supermarket,"Dairy, Eggs & Fridge",Almond Breeze Unsweetened Almond Milk 1l,761604,$2.50,$2.50 / 1L,https://www.woolworths.com.au/shop/productdetails/761604/almond-breeze-unsweetened-almond-milk,https://cdn0.woolworths.media/content/wowproductimages/medium/761604.jpg,2020-09-21 17:27:05,,0,Was $3.25 13/03/2017,True
aa4c2789-8bd1-4322-8c9d-cb13904c75aa,Woolworths Supermarket,"Dairy, Eggs & Fridge",Hillview Cheese Block 1kg,500187,$8.00,$8.00 / 1KG,https://www.woolworths.com.au/shop/productdetails/500187/hillview-cheese-block,https://cdn0.woolworths.media/content/wowproductimages/medium/500187.jpg,2020-09-21 17:27:05,Average product rating out of 5: 4.5. Product score is based on 66 ratings,66,,True
5b48f4de-7ffe-43b7-a291-29fdc7c3ba48,Woolworths Supermarket,"Dairy, Eggs & Fridge",Western Star Original Spreadable 500g,069756,$6.00,$1.20 / 100G,https://www.woolworths.com.au/shop/productdetails/69756/western-star-original-spreadable,https://cdn0.woolworths.media/content/wowproductimages/medium/069756.jpg,2020-09-21 17:27:05,,0,,True
419569a4-db63-4246-8d41-0d020776214d,Woolworths Supermarket,"Dairy, Eggs & Fridge",Woolworths Single Leaf Baby Spinach 280g,524336,$5.00,$17.86 / 1KG,https://www.woolworths.com.au/shop/productdetails/524336/woolworths-single-leaf-baby-spinach,https://cdn0.woolworths.media/content/wowproductimages/medium/524336.jpg,2020-09-21 17:27:05,Average product rating out of 5: 4.8. Product score is based on 532 ratings,532,,True
51aa1a7b-c524-4866-9807-e7b736d56c0b,Woolworths Supermarket,"Dairy, Eggs & Fridge",Woolworths Drought Relief Full Cream Milk 2l,807383,$2.39,$1.20 / 1L,https://www.woolworths.com.au/shop/productdetails/807383/woolworths-drought-relief-full-cream-milk,https://cdn0.woolworths.media/content/wowproductimages/medium/807383.jpg,2020-09-21 17:27:05,Average product rating out of 5: 4.7. Product score is based on 385 ratings,385,,True
17184150-6361-4a6c-9fff-f1c34ba31b06,Woolworths Supermarket,"Dairy, Eggs & Fridge",Woolworths Drought Relief Lite Milk 3l,807386,$3.59,$1.20 / 1L,https://www.woolworths.com.au/shop/productdetails/807386/woolworths-drought-relief-lite-milk,https://cdn0.woolworths.media/content/wowproductimages/medium/807386.jpg,2020-09-21 17:27:05,,0,,True
2994a443-8df7-40c6-8a9b-a3b72cade3b5,Woolworths Supermarket,"Dairy, Eggs & Fridge",Woolworths Tasty Shredded Cheese 500g,729026,$6.00,$12.00 / 1KG,https://www.woolworths.com.au/shop/productdetails/729026/woolworths-tasty-shredded-cheese,https://cdn0.woolworths.media/content/wowproductimages/medium/729026.jpg,2020-09-21 17:27:05,Average product rating out of 5: 4.6. Product score is based on 500 ratings,500,,True
42044dde-4d99-48fe-ab20-f05bcb3f174c,Woolworths Supermarket,"Dairy, Eggs & Fridge",Woolworths Baby Leaf Spinach 120g,524322,$3.00,$25.00 / 1KG,https://www.woolworths.com.au/shop/productdetails/524322/woolworths-baby-leaf-spinach,https://cdn0.woolworths.media/content/wowproductimages/medium/524322.jpg,2020-09-21 17:27:05,Average product rating out of 5: 4.7. Product score is based on 2842 ratings,2842,,True
eb90b85f-782c-467a-99ff-7e8b4a614ae0,Woolworths Supermarket,"Dairy, Eggs & Fridge",Woolworths Mozzarella Shredded Cheese 500g,728983,$6.00,$12.00 / 1KG,https://www.woolworths.com.au/shop/productdetails/728983/woolworths-mozzarella-shredded-cheese,https://cdn0.woolworths.media/content/wowproductimages/medium/728983.jpg,2020-09-21 17:27:05,Average product rating out of 5: 4.5. Product score is based on 469 ratings,469,,True
83957b3f-d38a-4b9f-9c90-abe862b0ab96,Woolworths Supermarket,"Dairy, Eggs & Fridge",Woolworths Thickened Cream 600ml,048720,$3.00,$0.50 / 100ML,https://www.woolworths.com.au/shop/productdetails/48720/woolworths-thickened-cream,https://cdn0.woolworths.media/content/wowproductimages/medium/048720.jpg,2020-09-21 17:27:05,Average product rating out of 5: 4.8. Product score is based on 740 ratings,740,,True
e924a72e-dba2-4ded-ae60-486d726acb4b,Woolworths Supermarket,"Dairy, Eggs & Fridge",Woolworths Drought Relief Lite Milk 2l,807385,$2.39,$1.20 / 1L,https://www.woolworths.com.au/shop/productdetails/807385/woolworths-drought-relief-lite-milk,https://cdn0.woolworths.media/content/wowproductimages/medium/807385.jpg,2020-09-21 17:27:05,,0,,True
2985a436-7bc3-4cd5-b6a4-e357092bbc40,Woolworths Supermarket,"Dairy, Eggs & Fridge",Woolworths Uht Full Cream Milk 1l,748595,$1.25,$1.25 / 1L,https://www.woolworths.com.au/shop/productdetails/748595/woolworths-uht-full-cream-milk,https://cdn0.woolworths.media/content/wowproductimages/medium/748595.jpg,2020-09-21 17:27:05,Average product rating out of 5: 4.9. Product score is based on 36 ratings,36,,True
f0741d0c-e062-4c5d-98c8-35eb77fb9a9b,Woolworths Supermarket,"Dairy, Eggs & Fridge",A2 Full Cream Milk 2l,208064,$5.30,$2.65 / 1L,https://www.woolworths.com.au/shop/productdetails/208064/a2-full-cream-milk,https://cdn0.woolworths.media/content/wowproductimages/medium/208064.jpg,2020-09-21 17:27:05,,0,,True
d86b9eed-77c0-4d41-945a-71f4b48ccbab,Woolworths Supermarket,"Dairy, Eggs & Fridge",Woolworths Baby Spinach Salad Bag 60g,379515,$2.00,$33.33 / 1KG,https://www.woolworths.com.au/shop/productdetails/379515/woolworths-baby-spinach-salad-bag,https://cdn0.woolworths.media/content/wowproductimages/medium/379515.jpg,2020-09-21 17:27:05,Average product rating out of 5: 4.7. Product score is based on 725 ratings,725,,True
99b07aa9-631d-4b6b-a95a-d849a635ef05,Woolworths Supermarket,"Dairy, Eggs & Fridge",Flora Pro-activ Light Margarine 500g,194348,$6.00,$1.20 / 100G,https://www.woolworths.com.au/shop/productdetails/194348/flora-pro-activ-light-margarine,https://cdn0.woolworths.media/content/wowproductimages/medium/194348.jpg,2020-09-21 17:27:05,,0,,True
082e13e2-f10e-4c1f-b959-ab8d868f44ee,Woolworths Supermarket,"Dairy, Eggs & Fridge",Woolworths Beef Lasagne 2kg,194648,$12.50,$6.25 / 1KG,https://www.woolworths.com.au/shop/productdetails/194648/woolworths-beef-lasagne,https://cdn0.woolworths.media/content/wowproductimages/medium/194648.jpg,2020-09-21 17:27:05,Average product rating out of 5: 3.5. Product score is based on 598 ratings,598,Was $15.5 24/09/2018,True
4c263d24-0341-4079-beb8-348affe1336f,Woolworths Supermarket,"Dairy, Eggs & Fridge",Vaalia Low Fat Lemon Creme Yoghurt 4x150g,197074,$4.30,$0.72 / 100G,https://www.woolworths.com.au/shop/productdetails/197074/vaalia-low-fat-lemon-creme-yoghurt,https://cdn0.woolworths.media/content/wowproductimages/medium/197074.jpg,2020-09-21 17:27:05,,0,,True
9ae1dfd7-7a0f-4c35-b3d1-554db2a9849f,Woolworths Supermarket,"Dairy, Eggs & Fridge",Western Star Spreadable Supersoft 375g,199418,$5.00,$1.33 / 100G,https://www.woolworths.com.au/shop/productdetails/199418/western-star-spreadable-supersoft,https://cdn0.woolworths.media/content/wowproductimages/medium/199418.jpg,2020-09-21 17:27:05,,0,,True
3380653d-e4cd-4a55-8674-0275cefae4f4,Woolworths Supermarket,"Dairy, Eggs & Fridge",Western Star Supersoft Spreadable 500g,199420,$6.00,$1.20 / 100G,https://www.woolworths.com.au/shop/productdetails/199420/western-star-supersoft-spreadable,https://cdn0.woolworths.media/content/wowproductimages/medium/199420.jpg,2020-09-21 17:27:05,,0,,True
c15c0151-b65d-47ac-a793-81b6c1899e2a,Woolworths Supermarket,"Dairy, Eggs & Fridge",Devondale Shredded Tasty Cheese 600g,202498,$7.50,$12.50 / 1KG,https://www.woolworths.com.au/shop/productdetails/202498/devondale-shredded-tasty-cheese,https://cdn0.woolworths.media/content/wowproductimages/medium/202498.jpg,2020-09-21 17:27:05,,0,,True
7b427d3d-6773-40dc-b05c-cccfeeecf879,Woolworths Supermarket,"Dairy, Eggs & Fridge",Pauls Smarter White Milk 2l,204746,$3.50,$1.75 / 1L,https://www.woolworths.com.au/shop/productdetails/204746/pauls-smarter-white-milk,https://cdn0.woolworths.media/content/wowproductimages/medium/204746.jpg,2020-09-21 17:27:05,,0,,True
b5c9735b-e829-4769-89b3-e4dd4d6e529d,Woolworths Supermarket,"Dairy, Eggs & Fridge",Pauls Smarter Reduced Fat Milk 1l,204747,$2.50,$2.50 / 1L,https://www.woolworths.com.au/shop/productdetails/204747/pauls-smarter-reduced-fat-milk,https://cdn0.woolworths.media/content/wowproductimages/medium/204747.jpg,2020-09-21 17:27:05,,0,,True
6e42e739-e4ac-4a01-9913-af823ced4945,Woolworths Supermarket,"Dairy, Eggs & Fridge",Woolworths Light Sour Cream 300ml,205663,$2.10,$0.70 / 100ML,https://www.woolworths.com.au/shop/productdetails/205663/woolworths-light-sour-cream,https://cdn0.woolworths.media/content/wowproductimages/medium/205663.jpg,2020-09-21 17:27:05,Average product rating out of 5: 4.3. Product score is based on 774 ratings,774,,True
894452e5-d585-49f5-923d-af55e11e5e4c,Woolworths Supermarket,"Dairy, Eggs & Fridge",Bega Light Vintage 25% Reduced Fat Cheese Slices 15 pack 250g,206424,$6.00,$24.00 / 1KG,https://www.woolworths.com.au/shop/productdetails/206424/bega-light-vintage-25-reduced-fat-cheese-slices,https://cdn0.woolworths.media/content/wowproductimages/medium/206424.jpg,2020-09-21 17:27:05,,0,,True
b22db5ba-0ed6-4a1f-80ce-17f3ae20ca54,Woolworths Supermarket,"Dairy, Eggs & Fridge",Bega Strong & Bitey Cheese Slices 15 pack 250g,206426,$6.00,$24.00 / 1KG,https://www.woolworths.com.au/shop/productdetails/206426/bega-strong-bitey-cheese-slices,https://cdn0.woolworths.media/content/wowproductimages/medium/206426.jpg,2020-09-21 17:27:05,,0,,True
c087a5a7-0e7b-4383-9dd0-8ddc1e6f45fd,Woolworths Supermarket,"Dairy, Eggs & Fridge",Mersey Valley Original Spreadable Cheddar Cheese 150g,206493,$4.20,$28.00 / 1KG,https://www.woolworths.com.au/shop/productdetails/206493/mersey-valley-original-spreadable-cheddar-cheese,https://cdn0.woolworths.media/content/wowproductimages/medium/206493.jpg,2020-09-21 17:27:05,,0,,True
9ac6adea-7f7e-4ef2-ace3-29c98edb46a3,Woolworths Supermarket,"Dairy, Eggs & Fridge",Pantalica Parmesan Cheese 100g,207794,$2.40,$24.00 / 1KG,https://www.woolworths.com.au/shop/productdetails/207794/pantalica-parmesan-cheese,https://cdn0.woolworths.media/content/wowproductimages/medium/207794.jpg,2020-09-21 17:27:05,,0,,True
149963b9-15a9-4474-bdbd-73d22c425510,Woolworths Supermarket,"Dairy, Eggs & Fridge",A2 Full Cream Milk 2l,208064,$5.30,$2.65 / 1L,https://www.woolworths.com.au/shop/productdetails/208064/a2-full-cream-milk,https://cdn0.woolworths.media/content/wowproductimages/medium/208064.jpg,2020-09-21 17:27:05,,0,,True
5da1eb06-7200-43d9-b867-7d8d928299a7,Woolworths Supermarket,"Dairy, Eggs & Fridge",A2 Light Milk 2l,208066,$5.30,$2.65 / 1L,https://www.woolworths.com.au/shop/productdetails/208066/a2-light-milk,https://cdn0.woolworths.media/content/wowproductimages/medium/208066.jpg,2020-09-21 17:27:05,,0,,True
83cb5e8d-8efd-4e4b-b7a0-d3c7bff23320,Woolworths Supermarket,"Dairy, Eggs & Fridge",Vitasoy Chocolate Milk 1l,208817,$3.00,$3.00 / 1L,https://www.woolworths.com.au/shop/productdetails/208817/vitasoy-chocolate-milk,https://cdn0.woolworths.media/content/wowproductimages/medium/208817.jpg,2020-09-21 17:27:05,,0,,True
73797dea-9079-46b6-be8b-7f8452948c55,Woolworths Supermarket,"Dairy, Eggs & Fridge",Diploma Full Cream Long Life Milk Powder 400g,208818,$6.00,$1.50 / 100G,https://www.woolworths.com.au/shop/productdetails/208818/diploma-full-cream-long-life-milk-powder,https://cdn0.woolworths.media/content/wowproductimages/medium/208818.jpg,2020-09-21 17:27:05,,0,,True
978f3bcc-6669-4ee6-aa7a-20e3622312e0,Woolworths Supermarket,"Dairy, Eggs & Fridge",Liddells Skim Long Life Milk Lactose Free 1l,209144,$2.25,$2.25 / 1L,https://www.woolworths.com.au/shop/productdetails/209144/liddells-skim-long-life-milk-lactose-free,https://cdn0.woolworths.media/content/wowproductimages/medium/209144.jpg,2020-09-21 17:27:05,,0,,True
27ca16a1-42e7-47a7-b468-76b4a0ed8122,Woolworths Supermarket,"Dairy, Eggs & Fridge",Vitasoy Rice Milk 1l,209424,$2.00,$2.00 / 1L,https://www.woolworths.com.au/shop/productdetails/209424/vitasoy-rice-milk,https://cdn0.woolworths.media/content/wowproductimages/medium/209424.jpg,2020-09-21 17:27:05,,0,,True
d457f58b-8a3a-45aa-942d-b9de33d1c0a0,Woolworths Supermarket,"Dairy, Eggs & Fridge",Lemnos Smooth Fetta Cheese 200g,211134,$4.50,$22.50 / 1KG,https://www.woolworths.com.au/shop/productdetails/211134/lemnos-smooth-fetta-cheese,https://cdn0.woolworths.media/content/wowproductimages/medium/211134.jpg,2020-09-21 17:27:05,,0,Was $4.75 24/03/2019,True
270f9a53-1532-441e-9973-48897a25a5e2,Woolworths Supermarket,"Dairy, Eggs & Fridge",Pace Farm 6 Large Organic Free Range Eggs 300g,212721,$5.50,$1.83 / 100G,https://www.woolworths.com.au/shop/productdetails/212721/pace-farm-6-large-organic-free-range-eggs,https://cdn0.woolworths.media/content/wowproductimages/medium/212721.jpg,2020-09-21 17:27:05,,0,,True
fb012c0e-803e-4ac8-b78d-b3312cb571dc,Woolworths Supermarket,"Dairy, Eggs & Fridge",Vitasoy Soy Milky Regular 1l,212840,$2.45,$2.45 / 1L,https://www.woolworths.com.au/shop/productdetails/212840/vitasoy-soy-milky-regular,https://cdn0.woolworths.media/content/wowproductimages/medium/212840.jpg,2020-09-21 17:27:05,,0,,True
4a83b863-5223-47ba-ac8c-c08409374250,Woolworths Supermarket,"Dairy, Eggs & Fridge",Vitasoy Soy Milky Lite 1l,212841,$2.45,$2.45 / 1L,https://www.woolworths.com.au/shop/productdetails/212841/vitasoy-soy-milky-lite,https://cdn0.woolworths.media/content/wowproductimages/medium/212841.jpg,2020-09-21 17:27:05,,0,,True
8514130c-b6a7-4b5a-9dae-e10bc282bd2a,Woolworths Supermarket,"Dairy, Eggs & Fridge",Fruche Vanilla Bean Dessert 2x150g,213853,$2.50,$0.83 / 100G,https://www.woolworths.com.au/shop/productdetails/213853/fruche-vanilla-bean-dessert,https://cdn0.woolworths.media/content/wowproductimages/medium/213853.jpg,2020-09-21 17:27:05,,0,,True
103531e4-a74c-49b1-96d4-3786528b5154,Woolworths Supermarket,"Dairy, Eggs & Fridge",Perfect Italiano Shaved Parmesan 125g,360904,$3.25,$26.00 / 1KG,https://www.woolworths.com.au/shop/productdetails/360904/perfect-italiano-shaved-parmesan,https://cdn0.woolworths.media/content/wowproductimages/medium/360904.jpg,2020-09-21 17:27:05,,0,,True
d2a5669b-eeac-4241-a3cf-764904e098f7,Woolworths Supermarket,"Dairy, Eggs & Fridge",Woolworths Drought Relief Lite Milk 2l,807385,$2.39,$1.20 / 1L,https://www.woolworths.com.au/shop/productdetails/807385/woolworths-drought-relief-lite-milk,https://cdn0.woolworths.media/content/wowproductimages/medium/807385.jpg,2020-09-21 17:27:05,,0,,True
c69953e3-dbaa-4191-8cc3-75055ca8a5b0,Woolworths Supermarket,"Dairy, Eggs & Fridge",Almond Breeze Unsweetened Almond Milk 1l,761604,$2.50,$2.50 / 1L,https://www.woolworths.com.au/shop/productdetails/761604/almond-breeze-unsweetened-almond-milk,https://cdn0.woolworths.media/content/wowproductimages/medium/761604.jpg,2020-09-21 17:27:05,,0,Was $3.25 13/03/2017,True
fbca24bc-5b28-4a1f-842f-7771c7ad430f,Woolworths Supermarket,"Dairy, Eggs & Fridge",Just 4 You 12 Extra Large Caged Eggs 700g,893974,$3.50,$0.50 / 100G,https://www.woolworths.com.au/shop/productdetails/893974/just-4-you-12-extra-large-caged-eggs,https://cdn0.woolworths.media/content/wowproductimages/medium/893974.jpg,2020-09-21 17:27:05,,0,,True
53f32b58-e6c9-4811-93bf-5cf0e991f65d,Woolworths Supermarket,"Dairy, Eggs & Fridge",Woolworths Tasty Shredded Cheese 500g,729026,$6.00,$12.00 / 1KG,https://www.woolworths.com.au/shop/productdetails/729026/woolworths-tasty-shredded-cheese,https://cdn0.woolworths.media/content/wowproductimages/medium/729026.jpg,2020-09-21 17:27:05,Average product rating out of 5: 4.6. Product score is based on 500 ratings,500,,True
87368eec-6cc8-405b-8ddb-2460e3eb67c7,Woolworths Supermarket,"Dairy, Eggs & Fridge",Woolworths Baby Leaf Spinach 120g,524322,$3.00,$25.00 / 1KG,https://www.woolworths.com.au/shop/productdetails/524322/woolworths-baby-leaf-spinach,https://cdn0.woolworths.media/content/wowproductimages/medium/524322.jpg,2020-09-21 17:27:05,Average product rating out of 5: 4.7. Product score is based on 2842 ratings,2842,,True
1b915838-c556-45b0-9a4d-0e8ea646832b,Woolworths Supermarket,"Dairy, Eggs & Fridge",Woolworths Baby Spinach Salad Bag 60g,379515,$2.00,$33.33 / 1KG,https://www.woolworths.com.au/shop/productdetails/379515/woolworths-baby-spinach-salad-bag,https://cdn0.woolworths.media/content/wowproductimages/medium/379515.jpg,2020-09-21 17:27:05,Average product rating out of 5: 4.7. Product score is based on 725 ratings,725,,True
38c18516-0cb2-46cb-8a15-3738f3826a72,Woolworths Supermarket,"Dairy, Eggs & Fridge",Woolworths Thickened Cream 600ml,048720,$3.00,$0.50 / 100ML,https://www.woolworths.com.au/shop/productdetails/48720/woolworths-thickened-cream,https://cdn0.woolworths.media/content/wowproductimages/medium/048720.jpg,2020-09-21 17:27:05,Average product rating out of 5: 4.8. Product score is based on 740 ratings,740,,True
087cdeda-1567-49f5-b268-9177ef475863,Woolworths Supermarket,"Dairy, Eggs & Fridge",Woolworths Drought Relief Lite Milk 3l,807386,$3.59,$1.20 / 1L,https://www.woolworths.com.au/shop/productdetails/807386/woolworths-drought-relief-lite-milk,https://cdn0.woolworths.media/content/wowproductimages/medium/807386.jpg,2020-09-21 17:27:05,,0,,True
623b36bc-bf28-46b8-a020-4b97e143ab5b,Woolworths Supermarket,"Dairy, Eggs & Fridge",Woolworths Drought Relief Full Cream Milk 3l,807384,$3.59,$1.20 / 1L,https://www.woolworths.com.au/shop/productdetails/807384/woolworths-drought-relief-full-cream-milk,https://cdn0.woolworths.media/content/wowproductimages/medium/807384.jpg,2020-09-21 17:27:05,,0,,True
3baeba25-e085-4e06-a6c9-20f961228dbf,Woolworths Supermarket,"Dairy, Eggs & Fridge",Hillview Tasty Shredded Cheese 700g,491820,$6.60,$9.43 / 1KG,https://www.woolworths.com.au/shop/productdetails/491820/hillview-tasty-shredded-cheese,https://cdn0.woolworths.media/content/wowproductimages/medium/491820.jpg,2020-09-21 17:27:05,Average product rating out of 5: 4.5. Product score is based on 48 ratings,48,,True
2fea002f-e301-4d97-b525-d1bcb8653775,Woolworths Supermarket,"Dairy, Eggs & Fridge",Woolworths Drought Relief Full Cream Milk 2l,807383,$2.39,$1.20 / 1L,https://www.woolworths.com.au/shop/productdetails/807383/woolworths-drought-relief-full-cream-milk,https://cdn0.woolworths.media/content/wowproductimages/medium/807383.jpg,2020-09-21 17:27:05,Average product rating out of 5: 4.7. Product score is based on 385 ratings,385,,True
38f6b95a-67c9-4cba-a98f-57466eca1c95,Woolworths Supermarket,"Dairy, Eggs & Fridge",Woolworths Single Leaf Baby Spinach 280g,524336,$5.00,$17.86 / 1KG,https://www.woolworths.com.au/shop/productdetails/524336/woolworths-single-leaf-baby-spinach,https://cdn0.woolworths.media/content/wowproductimages/medium/524336.jpg,2020-09-21 17:27:05,Average product rating out of 5: 4.8. Product score is based on 532 ratings,532,,True
9a854bc5-1093-47aa-b700-14f803aff876,Woolworths Supermarket,"Dairy, Eggs & Fridge",Woolworths Sour Cream 300ml,105609,$2.10,$0.70 / 100ML,https://www.woolworths.com.au/shop/productdetails/105609/woolworths-sour-cream,https://cdn0.woolworths.media/content/wowproductimages/medium/105609.jpg,2020-09-21 17:27:05,Average product rating out of 5: 4.5. Product score is based on 1353 ratings,1353,,True
203b7649-3a2e-45bd-ac0b-ba4f85f414b5,Woolworths Supermarket,"Dairy, Eggs & Fridge",Western Star Original Spreadable 500g,069756,$6.00,$1.20 / 100G,https://www.woolworths.com.au/shop/productdetails/69756/western-star-original-spreadable,https://cdn0.woolworths.media/content/wowproductimages/medium/069756.jpg,2020-09-21 17:27:05,,0,,True
9a186302-8ef0-4aa4-8215-2dce32a4dfef,Woolworths Supermarket,"Dairy, Eggs & Fridge",Woolworths Thickened Cream 300ml,044317,$1.90,$0.63 / 100ML,https://www.woolworths.com.au/shop/productdetails/44317/woolworths-thickened-cream,https://cdn0.woolworths.media/content/wowproductimages/medium/044317.jpg,2020-09-21 17:27:05,Average product rating out of 5: 4.9. Product score is based on 629 ratings,629,,True
9585731b-041a-4d16-99b3-b9f04e44fba4,Woolworths Supermarket,"Dairy, Eggs & Fridge",Woolworths Mozzarella Shredded Cheese 500g,728983,$6.00,$12.00 / 1KG,https://www.woolworths.com.au/shop/productdetails/728983/woolworths-mozzarella-shredded-cheese,https://cdn0.woolworths.media/content/wowproductimages/medium/728983.jpg,2020-09-21 17:27:05,Average product rating out of 5: 4.5. Product score is based on 469 ratings,469,,True
ad3626d6-e3eb-4cd7-a4a6-6ba53723bf92,Woolworths Supermarket,"Dairy, Eggs & Fridge",Hillview Cheese Block 1kg,500187,$8.00,$8.00 / 1KG,https://www.woolworths.com.au/shop/productdetails/500187/hillview-cheese-block,https://cdn0.woolworths.media/content/wowproductimages/medium/500187.jpg,2020-09-21 17:27:05,Average product rating out of 5: 4.5. Product score is based on 66 ratings,66,,True
9b99e2aa-dbb6-42f2-83d1-f0f657cf5558,Woolworths Supermarket,"Dairy, Eggs & Fridge",Woolworths Uht Full Cream Milk 1l,748595,$1.25,$1.25 / 1L,https://www.woolworths.com.au/shop/productdetails/748595/woolworths-uht-full-cream-milk,https://cdn0.woolworths.media/content/wowproductimages/medium/748595.jpg,2020-09-21 17:27:05,Average product rating out of 5: 4.9. Product score is based on 36 ratings,36,,True
55eef848-fd21-44b3-8c4b-98116199498e,Woolworths Supermarket,"Dairy, Eggs & Fridge",Perfect Italiano Extra Sharp Grated Parmesan 125g,302306,$3.25,$26.00 / 1KG,https://www.woolworths.com.au/shop/productdetails/302306/perfect-italiano-extra-sharp-grated-parmesan,https://cdn0.woolworths.media/content/wowproductimages/medium/302306.jpg,2020-09-21 17:27:05,,0,,True
13b5d873-b985-493c-a260-fbbd573c21e3,Woolworths Supermarket,"Dairy, Eggs & Fridge",Macro Organic Soy Long Life Milk 1l,215455,$1.60,$1.60 / 1L,https://www.woolworths.com.au/shop/productdetails/215455/macro-organic-soy-long-life-milk,https://cdn0.woolworths.media/content/wowproductimages/medium/215455.jpg,2020-09-21 17:27:05,Average product rating out of 5: 3.6. Product score is based on 539 ratings,539,,True
c3a39489-02d8-4842-bf3a-1927334715fc,Woolworths Supermarket,"Dairy, Eggs & Fridge",Vitasoy So Milky Soy Milk 1l,216825,$2.60,$2.60 / 1L,https://www.woolworths.com.au/shop/productdetails/216825/vitasoy-so-milky-soy-milk,https://cdn0.woolworths.media/content/wowproductimages/medium/216825.jpg,2020-09-21 17:27:05,,0,,True
c53ae81b-0ed3-4af9-a2ba-80de511fba28,Woolworths Supermarket,"Dairy, Eggs & Fridge",Vitasoy So Milky Lite Soy Milk 1l,216826,$2.60,$2.60 / 1L,https://www.woolworths.com.au/shop/productdetails/216826/vitasoy-so-milky-lite-soy-milk,https://cdn0.woolworths.media/content/wowproductimages/medium/216826.jpg,2020-09-21 17:27:05,,0,,True
84ed26e0-50a6-4796-a4f8-7dc41817479e,Woolworths Supermarket,"Dairy, Eggs & Fridge",A2 Light Milk 1l,216867,$3.20,$3.20 / 1L,https://www.woolworths.com.au/shop/productdetails/216867/a2-light-milk,https://cdn0.woolworths.media/content/wowproductimages/medium/216867.jpg,2020-09-21 17:27:05,,0,,True
1f3c7b07-a642-4b85-8261-e5e6947621a0,Woolworths Supermarket,"Dairy, Eggs & Fridge",A2 Full Cream Milk 1l,216872,$3.20,$3.20 / 1L,https://www.woolworths.com.au/shop/productdetails/216872/a2-full-cream-milk,https://cdn0.woolworths.media/content/wowproductimages/medium/216872.jpg,2020-09-21 17:27:05,,0,,True
4162f56f-a9fd-4e48-bf79-d8d8c20757e6,Woolworths Supermarket,"Dairy, Eggs & Fridge",South Cape Crumbled Fetta 200g,221562,$7.00,$35.00 / 1KG,https://www.woolworths.com.au/shop/productdetails/221562/south-cape-crumbled-fetta,https://cdn0.woolworths.media/content/wowproductimages/medium/221562.jpg,2020-09-21 17:27:05,,0,Was $8.00 22/03/2018,True
2c48e72e-aa09-4167-bb71-ee92cdc8ede0,Woolworths Supermarket,"Dairy, Eggs & Fridge",Lurpak Slightly Salted Spreadable Butter 250g,223865,$5.00,$2.00 / 100G,https://www.woolworths.com.au/shop/productdetails/223865/lurpak-slightly-salted-spreadable-butter,https://cdn0.woolworths.media/content/wowproductimages/medium/223865.jpg,2020-09-21 17:27:05,,0,Was $6.00 17/04/2018,True
bffd7127-acfc-499d-a8be-75bc3f2ae44e,Woolworths Supermarket,"Dairy, Eggs & Fridge",Lurpak Slightly Salted Danish Butter 250g,223867,$4.50,$1.80 / 100G,https://www.woolworths.com.au/shop/productdetails/223867/lurpak-slightly-salted-danish-butter,https://cdn0.woolworths.media/content/wowproductimages/medium/223867.jpg,2020-09-21 17:27:05,,0,,True
f6e440ef-2485-44e6-8ef0-c0419b4abf26,Woolworths Supermarket,"Dairy, Eggs & Fridge",Western Star Chef's Choice Unsalted Butter 250g,224659_5,$4.00,$1.60 / 100G,https://www.woolworths.com.au/shop/productdetails/224659/western-star-chef-s-choice-unsalted-butter,https://cdn0.woolworths.media/content/wowproductimages/medium/224659_5.jpg,2020-09-21 17:27:05,,0,,True
4e58bf97-c0a0-4ddb-a686-f274bec3c8dc,Woolworths Supermarket,"Dairy, Eggs & Fridge",Mainland On The Go Tasty Cheese And Crackers 50g,224795,$2.50,$50.00 / 1KG,https://www.woolworths.com.au/shop/productdetails/224795/mainland-on-the-go-tasty-cheese-and-crackers,https://cdn0.woolworths.media/content/wowproductimages/medium/224795.jpg,2020-09-21 17:27:05,,0,Was $3.00 03/06/2019,True
f399fc93-c98a-4264-9681-d9115fe1ed87,Woolworths Supermarket,"Dairy, Eggs & Fridge",Mainland On The Go Special Reserve Cheese And Crackers 50g,224796,$2.50,$50.00 / 1KG,https://www.woolworths.com.au/shop/productdetails/224796/mainland-on-the-go-special-reserve-cheese-and-crackers,https://cdn0.woolworths.media/content/wowproductimages/medium/224796.jpg,2020-09-21 17:27:05,,0,Was $3 03/06/2019,True
48103ddd-bcdf-48fd-92b4-ac924b5cf261,Woolworths Supermarket,"Dairy, Eggs & Fridge",Woolworths Extra Tasty Cheese Block 250g,224937,$4.20,$16.80 / 1KG,https://www.woolworths.com.au/shop/productdetails/224937/woolworths-extra-tasty-cheese-block,https://cdn0.woolworths.media/content/wowproductimages/medium/224937.jpg,2020-09-21 17:27:05,,0,,True
e307147c-7df6-4563-89cc-1c9a69c17402,Woolworths Supermarket,"Dairy, Eggs & Fridge",Woolworths Tasty Cheese Slices 500g,224941,$7.00,$14.00 / 1KG,https://www.woolworths.com.au/shop/productdetails/224941/woolworths-tasty-cheese-slices,https://cdn0.woolworths.media/content/wowproductimages/medium/224941.jpg,2020-09-21 17:27:05,Average product rating out of 5: 4.5. Product score is based on 2025 ratings,2025,,True
4bbc951e-075d-4894-bf74-d9a4e19db369,Woolworths Supermarket,"Dairy, Eggs & Fridge",Woolworths Tasty Light Cheese Slices 500g,224942,$7.00,$14.00 / 1KG,https://www.woolworths.com.au/shop/productdetails/224942/woolworths-tasty-light-cheese-slices,https://cdn0.woolworths.media/content/wowproductimages/medium/224942.jpg,2020-09-21 17:27:05,Average product rating out of 5: 4.4. Product score is based on 580 ratings,580,,True
71ec4a4c-d9d3-474a-84cd-e73cb74c1e9b,Woolworths Supermarket,"Dairy, Eggs & Fridge",Woolworths Colby Cheese Slices 500G,224943,$7.00,$14.00 / 1KG,https://www.woolworths.com.au/shop/productdetails/224943/woolworths-colby-cheese-slices,https://cdn0.woolworths.media/content/wowproductimages/medium/224943.jpg,2020-09-21 17:27:05,Average product rating out of 5: 4.7. Product score is based on 37 ratings,37,,True
4708e016-18ad-4af5-8199-61fd6e4f3d13,Woolworths Supermarket,"Dairy, Eggs & Fridge",Woolworths Extra Tasty Cheese Slices 500g,224944,$7.00,$14.00 / 1KG,https://www.woolworths.com.au/shop/productdetails/224944/woolworths-extra-tasty-cheese-slices,https://cdn0.woolworths.media/content/wowproductimages/medium/224944.jpg,2020-09-21 17:27:05,Average product rating out of 5: 4.6. Product score is based on 2158 ratings,2158,,True
2b9e770d-9361-46e6-8e75-162187a92391,Woolworths Supermarket,"Dairy, Eggs & Fridge",Bega So Light 50% Reduced Fat Cheese Slices 30 pack,226463,$9.00,$18.00 / 1KG,https://www.woolworths.com.au/shop/productdetails/226463/bega-so-light-50-reduced-fat-cheese-slices,https://cdn0.woolworths.media/content/wowproductimages/medium/226463.jpg,2020-09-21 17:27:05,,0,Was $10.00 06/01/2020,True
561e2d3b-7651-43bb-a8b0-86215927fd92,Woolworths Supermarket,"Dairy, Eggs & Fridge",Perfect Italiano Extra Sharp Parmesan Cheese 200g,226469,$5.00,$25.00 / 1KG,https://www.woolworths.com.au/shop/productdetails/226469/perfect-italiano-extra-sharp-parmesan-cheese,https://cdn0.woolworths.media/content/wowproductimages/medium/226469.jpg,2020-09-21 17:27:05,,0,,True
a11202ba-bc0a-477c-807b-3a2e62bfaf2c,Woolworths Supermarket,"Dairy, Eggs & Fridge",Nevana Pizza Base 12 pack,226581,$4.80,$0.69 / 100G,https://www.woolworths.com.au/shop/productdetails/226581/nevana-pizza-base,https://cdn0.woolworths.media/content/wowproductimages/medium/226581.jpg,2020-09-21 17:27:05,,0,,True
fea726b9-875c-41a4-8b7c-bc5a9a7a94ca,Woolworths Supermarket,"Dairy, Eggs & Fridge",Nuttelex Lite Margarine Spread 500g,233135,$3.50,$0.70 / 100G,https://www.woolworths.com.au/shop/productdetails/233135/nuttelex-lite-margarine-spread,https://cdn0.woolworths.media/content/wowproductimages/medium/233135.jpg,2020-09-21 17:27:05,,0,,True
6d743f93-2ef7-4d6e-9e49-cd227e21693e,Woolworths Supermarket,"Dairy, Eggs & Fridge",Woolworths Caesar Salad Kit 290g,233376,$5.50,$18.97 / 1KG,https://www.woolworths.com.au/shop/productdetails/233376/woolworths-caesar-salad-kit,https://cdn0.woolworths.media/content/wowproductimages/medium/233376.jpg,2020-09-21 17:27:05,Average product rating out of 5: 4.1. Product score is based on 774 ratings,774,,True
2d413812-a390-4feb-9f5f-d95eb4d0cbad,Woolworths Supermarket,"Dairy, Eggs & Fridge",La Casa Del Formaggio Bambini Bocconcini 220g,240822,$5.50,$25.00 / 1KG,https://www.woolworths.com.au/shop/productdetails/240822/la-casa-del-formaggio-bambini-bocconcini,https://cdn0.woolworths.media/content/wowproductimages/medium/240822.jpg,2020-09-21 17:27:05,,0,,True
87681f52-3856-4068-adaa-e15824510ff6,Woolworths Supermarket,"Dairy, Eggs & Fridge",Mersey Valley Peppercorn Medley Cheddar Cheese 235g,244154,$5.50,$23.40 / 1KG,https://www.woolworths.com.au/shop/productdetails/244154/mersey-valley-peppercorn-medley-cheddar-cheese,https://cdn0.woolworths.media/content/wowproductimages/medium/244154.jpg,2020-09-21 17:27:05,,0,,True
2951455c-2b59-4dfb-9482-0f38a8fd2a14,Woolworths Supermarket,"Dairy, Eggs & Fridge",Mersey Valley Classic Cheddar Cheese 235g,244191,$5.50,$23.40 / 1KG,https://www.woolworths.com.au/shop/productdetails/244191/mersey-valley-classic-cheddar-cheese,https://cdn0.woolworths.media/content/wowproductimages/medium/244191.jpg,2020-09-21 17:27:05,,0,,True
0040be63-124b-4af0-9ae5-2487c3e9a324,Woolworths Supermarket,"Dairy, Eggs & Fridge",Perfect Italiano Shaved Parmesan 125g,360904,$3.25,$26.00 / 1KG,https://www.woolworths.com.au/shop/productdetails/360904/perfect-italiano-shaved-parmesan,https://cdn0.woolworths.media/content/wowproductimages/medium/360904.jpg,2020-09-21 17:27:05,,0,,True
ba560782-9f5e-4aa4-bf79-498651938b45,Woolworths Supermarket,"Dairy, Eggs & Fridge",Woolworths Baby Leaf Spinach 120g,524322,$3.00,$25.00 / 1KG,https://www.woolworths.com.au/shop/productdetails/524322/woolworths-baby-leaf-spinach,https://cdn0.woolworths.media/content/wowproductimages/medium/524322.jpg,2020-09-21 17:27:05,Average product rating out of 5: 4.7. Product score is based on 2842 ratings,2842,,True
c523f6e1-2c45-4a21-9511-62be37ad2334,Woolworths Supermarket,"Dairy, Eggs & Fridge",Almond Breeze Unsweetened Almond Milk 1l,761604,$2.50,$2.50 / 1L,https://www.woolworths.com.au/shop/productdetails/761604/almond-breeze-unsweetened-almond-milk,https://cdn0.woolworths.media/content/wowproductimages/medium/761604.jpg,2020-09-21 17:27:05,,0,Was $3.25 13/03/2017,True
29ad0252-338a-4356-bd38-cb697e08e91d,Woolworths Supermarket,"Dairy, Eggs & Fridge",Woolworths Single Leaf Baby Spinach 280g,524336,$5.00,$17.86 / 1KG,https://www.woolworths.com.au/shop/productdetails/524336/woolworths-single-leaf-baby-spinach,https://cdn0.woolworths.media/content/wowproductimages/medium/524336.jpg,2020-09-21 17:27:05,Average product rating out of 5: 4.8. Product score is based on 532 ratings,532,,True
9fea0af5-048b-4364-9a9f-30dd0ef7bda6,Woolworths Supermarket,"Dairy, Eggs & Fridge",Woolworths Mozzarella Shredded Cheese 500g,728983,$6.00,$12.00 / 1KG,https://www.woolworths.com.au/shop/productdetails/728983/woolworths-mozzarella-shredded-cheese,https://cdn0.woolworths.media/content/wowproductimages/medium/728983.jpg,2020-09-21 17:27:05,Average product rating out of 5: 4.5. Product score is based on 469 ratings,469,,True
7a874a6f-61a8-48e0-b4ff-512b424764da,Woolworths Supermarket,"Dairy, Eggs & Fridge",Hillview Cheese Block 1kg,500187,$8.00,$8.00 / 1KG,https://www.woolworths.com.au/shop/productdetails/500187/hillview-cheese-block,https://cdn0.woolworths.media/content/wowproductimages/medium/500187.jpg,2020-09-21 17:27:05,Average product rating out of 5: 4.5. Product score is based on 66 ratings,66,,True
cff4c415-effe-496f-a7f2-d9064cd80038,Woolworths Supermarket,"Dairy, Eggs & Fridge",Woolworths Drought Relief Lite Milk 2l,807385,$2.39,$1.20 / 1L,https://www.woolworths.com.au/shop/productdetails/807385/woolworths-drought-relief-lite-milk,https://cdn0.woolworths.media/content/wowproductimages/medium/807385.jpg,2020-09-21 17:27:05,,0,,True
0d3e6ccf-e9b8-4410-b76e-6b1fdbe254cd,Woolworths Supermarket,"Dairy, Eggs & Fridge",Woolworths Drought Relief Full Cream Milk 2l,807383,$2.39,$1.20 / 1L,https://www.woolworths.com.au/shop/productdetails/807383/woolworths-drought-relief-full-cream-milk,https://cdn0.woolworths.media/content/wowproductimages/medium/807383.jpg,2020-09-21 17:27:05,Average product rating out of 5: 4.7. Product score is based on 385 ratings,385,,True
be51261d-528a-4e74-97e7-a4be94dcaf88,Woolworths Supermarket,"Dairy, Eggs & Fridge",Woolworths Uht Full Cream Milk 1l,748595,$1.25,$1.25 / 1L,https://www.woolworths.com.au/shop/productdetails/748595/woolworths-uht-full-cream-milk,https://cdn0.woolworths.media/content/wowproductimages/medium/748595.jpg,2020-09-21 17:27:05,Average product rating out of 5: 4.9. Product score is based on 36 ratings,36,,True
7e4c94f6-be60-44fe-a54e-b26717c06dca,Woolworths Supermarket,"Dairy, Eggs & Fridge",Woolworths Tasty Shredded Cheese 500g,729026,$6.00,$12.00 / 1KG,https://www.woolworths.com.au/shop/productdetails/729026/woolworths-tasty-shredded-cheese,https://cdn0.woolworths.media/content/wowproductimages/medium/729026.jpg,2020-09-21 17:27:05,Average product rating out of 5: 4.6. Product score is based on 500 ratings,500,,True
5336e9fe-7d89-4aa6-95a9-24ea9244e8a3,Woolworths Supermarket,"Dairy, Eggs & Fridge",Western Star Original Spreadable 500g,069756,$6.00,$1.20 / 100G,https://www.woolworths.com.au/shop/productdetails/69756/western-star-original-spreadable,https://cdn0.woolworths.media/content/wowproductimages/medium/069756.jpg,2020-09-21 17:27:05,,0,,True
dadf62e8-a3a2-453c-bd40-dfc402981330,Woolworths Supermarket,"Dairy, Eggs & Fridge",Woolworths Sour Cream 300ml,105609,$2.10,$0.70 / 100ML,https://www.woolworths.com.au/shop/productdetails/105609/woolworths-sour-cream,https://cdn0.woolworths.media/content/wowproductimages/medium/105609.jpg,2020-09-21 17:27:05,Average product rating out of 5: 4.5. Product score is based on 1353 ratings,1353,,True
16b712c0-20bc-4347-9b79-9123057f3965,Woolworths Supermarket,"Dairy, Eggs & Fridge",Woolworths Thickened Cream 600ml,048720,$3.00,$0.50 / 100ML,https://www.woolworths.com.au/shop/productdetails/48720/woolworths-thickened-cream,https://cdn0.woolworths.media/content/wowproductimages/medium/048720.jpg,2020-09-21 17:27:05,Average product rating out of 5: 4.8. Product score is based on 740 ratings,740,,True
992e886f-356f-48be-a4f9-24e8b102c811,Woolworths Supermarket,"Dairy, Eggs & Fridge",Woolworths Baby Spinach Salad Bag 60g,379515,$2.00,$33.33 / 1KG,https://www.woolworths.com.au/shop/productdetails/379515/woolworths-baby-spinach-salad-bag,https://cdn0.woolworths.media/content/wowproductimages/medium/379515.jpg,2020-09-21 17:27:05,Average product rating out of 5: 4.7. Product score is based on 725 ratings,725,,True
b14e11eb-1186-4255-bef6-64831267b4a6,Woolworths Supermarket,"Dairy, Eggs & Fridge",Woolworths Thickened Cream 300ml,044317,$1.90,$0.63 / 100ML,https://www.woolworths.com.au/shop/productdetails/44317/woolworths-thickened-cream,https://cdn0.woolworths.media/content/wowproductimages/medium/044317.jpg,2020-09-21 17:27:05,Average product rating out of 5: 4.9. Product score is based on 629 ratings,629,,True
f275ce95-ffde-4054-afb9-f139e400d023,Woolworths Supermarket,"Dairy, Eggs & Fridge",Hillview Tasty Shredded Cheese 700g,491820,$6.60,$9.43 / 1KG,https://www.woolworths.com.au/shop/productdetails/491820/hillview-tasty-shredded-cheese,https://cdn0.woolworths.media/content/wowproductimages/medium/491820.jpg,2020-09-21 17:27:05,Average product rating out of 5: 4.5. Product score is based on 48 ratings,48,,True
f3595d62-7a1b-4723-ada5-b001087924b3,Woolworths Supermarket,"Dairy, Eggs & Fridge",Woolworths Drought Relief Lite Milk 3l,807386,$3.59,$1.20 / 1L,https://www.woolworths.com.au/shop/productdetails/807386/woolworths-drought-relief-lite-milk,https://cdn0.woolworths.media/content/wowproductimages/medium/807386.jpg,2020-09-21 17:27:05,,0,,True
4bf773d8-4f6a-4f55-ac51-46d2b7947aee,Woolworths Supermarket,"Dairy, Eggs & Fridge",Just 4 You 12 Extra Large Caged Eggs 700g,893974,$3.50,$0.50 / 100G,https://www.woolworths.com.au/shop/productdetails/893974/just-4-you-12-extra-large-caged-eggs,https://cdn0.woolworths.media/content/wowproductimages/medium/893974.jpg,2020-09-21 17:27:05,,0,,True
67ccfcde-c422-4424-8161-d164fc05cf3e,Woolworths Supermarket,"Dairy, Eggs & Fridge",Woolworths Drought Relief Full Cream Milk 3l,807384,$3.59,$1.20 / 1L,https://www.woolworths.com.au/shop/productdetails/807384/woolworths-drought-relief-full-cream-milk,https://cdn0.woolworths.media/content/wowproductimages/medium/807384.jpg,2020-09-21 17:27:05,,0,,True
99c10608-4dd0-47eb-866e-f27d756eec7c,Woolworths Supermarket,"Dairy, Eggs & Fridge",Perfect Italiano Extra Sharp Grated Parmesan 125g,302306,$3.25,$26.00 / 1KG,https://www.woolworths.com.au/shop/productdetails/302306/perfect-italiano-extra-sharp-grated-parmesan,https://cdn0.woolworths.media/content/wowproductimages/medium/302306.jpg,2020-09-21 17:27:05,,0,,True
feddc0a2-0bf5-43c8-8a0a-daacb5368faf,Woolworths Supermarket,"Dairy, Eggs & Fridge",Mersey Valley Ploughmans Cheddar Cheese 235g,244194,$5.50,$23.40 / 1KG,https://www.woolworths.com.au/shop/productdetails/244194/mersey-valley-ploughmans-cheddar-cheese,https://cdn0.woolworths.media/content/wowproductimages/medium/244194.jpg,2020-09-21 17:27:05,,0,,True
721d2e7a-9417-4014-954a-5c635a48b886,Woolworths Supermarket,"Dairy, Eggs & Fridge",South Cape Reduced Fat Tasmanian Fetta 200g,245717,$5.00,$25.00 / 1KG,https://www.woolworths.com.au/shop/productdetails/245717/south-cape-reduced-fat-tasmanian-fetta,https://cdn0.woolworths.media/content/wowproductimages/medium/245717.jpg,2020-09-21 17:27:05,,0,Was $5.99 27/06/2016,True
f71881f9-b43b-43f4-9b7b-82e26137a7e8,Woolworths Supermarket,"Dairy, Eggs & Fridge",Flora Margarine Spread Buttery 500g,247153,$2.99,$0.60 / 100G,https://www.woolworths.com.au/shop/productdetails/247153/flora-margarine-spread-buttery,https://cdn0.woolworths.media/content/wowproductimages/medium/247153.jpg,2020-09-21 17:27:05,,0,,True
05faf34b-c14d-4f23-9bde-910dd8c842bf,Woolworths Supermarket,"Dairy, Eggs & Fridge",Dare Double Espresso Iced Coffee 500ml,249137,$2.60,$5.20 / 1L,https://www.woolworths.com.au/shop/productdetails/249137/dare-double-espresso-iced-coffee,https://cdn0.woolworths.media/content/wowproductimages/medium/249137.jpg,2020-09-21 17:27:05,,0,,True
efee8c21-6cdd-4f14-aa65-41f533ee0257,Woolworths Supermarket,"Dairy, Eggs & Fridge",Devondale Shredded Colby Cheese 600g,249281,$7.50,$12.50 / 1KG,https://www.woolworths.com.au/shop/productdetails/249281/devondale-shredded-colby-cheese,https://cdn0.woolworths.media/content/wowproductimages/medium/249281.jpg,2020-09-21 17:27:05,,0,,True
f15f3580-6582-4a0a-92c5-90ce1400746f,Woolworths Supermarket,"Dairy, Eggs & Fridge",King Island Seal Bay Triple Cream Brie Cheese 175g,249784,$12.60,$72.00 / 1KG,https://www.woolworths.com.au/shop/productdetails/249784/king-island-seal-bay-triple-cream-brie-cheese,https://cdn0.woolworths.media/content/wowproductimages/medium/249784.jpg,2020-09-21 17:27:05,,0,,True
40e8cadf-8366-4521-bc56-e1b11c8e25bf,Woolworths Supermarket,"Dairy, Eggs & Fridge",Woolworths Tasty Cheese Block 250g,250729,$4.00,$16.00 / 1KG,https://www.woolworths.com.au/shop/productdetails/250729/woolworths-tasty-cheese-block,https://cdn0.woolworths.media/content/wowproductimages/medium/250729.jpg,2020-09-21 17:27:05,Average product rating out of 5: 4.6. Product score is based on 267 ratings,267,,True
c0299a96-e2db-4674-9f42-d41be83f1eac,Woolworths Supermarket,"Dairy, Eggs & Fridge",Mersey Valley Pickled Onion Cheddar Cheese 235g,250852,$5.50,$23.40 / 1KG,https://www.woolworths.com.au/shop/productdetails/250852/mersey-valley-pickled-onion-cheddar-cheese,https://cdn0.woolworths.media/content/wowproductimages/medium/250852.jpg,2020-09-21 17:27:05,,0,,True
f37d933b-1d81-4427-8f3b-f377c9ff9abe,Woolworths Supermarket,"Dairy, Eggs & Fridge",Mersey Valley Original Cheddar Cheese 235g,250854,$5.50,$23.40 / 1KG,https://www.woolworths.com.au/shop/productdetails/250854/mersey-valley-original-cheddar-cheese,https://cdn0.woolworths.media/content/wowproductimages/medium/250854.jpg,2020-09-21 17:27:05,,0,,True
d011edbb-76d9-474a-aa1a-40de2bc2490c,Woolworths Supermarket,"Dairy, Eggs & Fridge",Yoplait Mango Yoghurt 1kg,253784,$4.00,$0.40 / 100G,https://www.woolworths.com.au/shop/productdetails/253784/yoplait-mango-yoghurt,https://cdn0.woolworths.media/content/wowproductimages/medium/253784.jpg,2020-09-21 17:27:05,,0,,True
f866f8ca-3e3b-473e-b2ce-20fbe9d13c68,Woolworths Supermarket,"Dairy, Eggs & Fridge",Yoplait Strawberry Yoghurt 1kg,253791,$4.00,$0.40 / 100G,https://www.woolworths.com.au/shop/productdetails/253791/yoplait-strawberry-yoghurt,https://cdn0.woolworths.media/content/wowproductimages/medium/253791.jpg,2020-09-21 17:27:05,,0,,True
1630efda-70ae-44a0-89ee-36ec57875806,Woolworths Supermarket,"Dairy, Eggs & Fridge",Yoplait Vanilla Yoghurt 1kg,253798,$4.00,$0.40 / 100G,https://www.woolworths.com.au/shop/productdetails/253798/yoplait-vanilla-yoghurt,https://cdn0.woolworths.media/content/wowproductimages/medium/253798.jpg,2020-09-21 17:27:05,,0,,True
12540dce-54d1-4c36-b3de-b5b273e1266c,Woolworths Supermarket,"Dairy, Eggs & Fridge",Mainland On The Go Tasty Cheese And Crackers 4 pack,253846,$6.00,$50.00 / 1KG,https://www.woolworths.com.au/shop/productdetails/253846/mainland-on-the-go-tasty-cheese-and-crackers,https://cdn0.woolworths.media/content/wowproductimages/medium/253846.jpg,2020-09-21 17:27:05,,0,,True
d7752616-57f3-4445-aea6-c850fe083fb9,Woolworths Supermarket,"Dairy, Eggs & Fridge",Dare Espresso Iced Coffee 750ml,255405,$4.10,$5.47 / 1L,https://www.woolworths.com.au/shop/productdetails/255405/dare-espresso-iced-coffee,https://cdn0.woolworths.media/content/wowproductimages/medium/255405.jpg,2020-09-21 17:27:05,,0,3 for $10.50 $4.67/1L,True
0b1b06fc-8629-4dc1-a81d-890c01f2e078,Woolworths Supermarket,"Dairy, Eggs & Fridge",Yakult Probiotic Drink Light 5x65ml,256106,$4.00,$12.31 / 1L,https://www.woolworths.com.au/shop/productdetails/256106/yakult-probiotic-drink-light,https://cdn0.woolworths.media/content/wowproductimages/medium/256106.jpg,2020-09-21 17:27:05,,0,,True
8aebfae5-349b-47d1-8a9f-556ea5c100ed,Woolworths Supermarket,"Dairy, Eggs & Fridge",Yoplait Le Rice Pudding Classic Vanilla 2x150g,258617,$3.15,$1.05 / 100G,https://www.woolworths.com.au/shop/productdetails/258617/yoplait-le-rice-pudding-classic-vanilla,https://cdn0.woolworths.media/content/wowproductimages/medium/258617.jpg,2020-09-21 17:27:05,,0,,True
76d38f3f-2898-436a-a98a-87b7cb180124,Woolworths Supermarket,"Dairy, Eggs & Fridge",Bulla Cooking Cream 300ml,258746,$2.80,$0.93 / 100ML,https://www.woolworths.com.au/shop/productdetails/258746/bulla-cooking-cream,https://cdn0.woolworths.media/content/wowproductimages/medium/258746.jpg,2020-09-21 17:27:05,,0,,True
93e7777a-7eca-4373-8ed3-7c44045261b2,Woolworths Supermarket,"Dairy, Eggs & Fridge",Yumi's Sweet Potato & Cashews Dip 200g,258854,$4.00,$2.00 / 100G,https://www.woolworths.com.au/shop/productdetails/258854/yumi-s-sweet-potato-cashews-dip,https://cdn0.woolworths.media/content/wowproductimages/medium/258854.jpg,2020-09-21 17:27:05,,0,,True
6e61a228-7f01-4b47-ba5b-c70095fede4c,Woolworths Supermarket,"Dairy, Eggs & Fridge",Dairy Farmers Pure Cream 600ml,258866,$4.50,$0.75 / 100ML,https://www.woolworths.com.au/shop/productdetails/258866/dairy-farmers-pure-cream,https://cdn0.woolworths.media/content/wowproductimages/medium/258866.jpg,2020-09-21 17:27:05,,0,,True
541e7241-9827-4bf2-991c-dbd7981b1286,Woolworths Supermarket,"Dairy, Eggs & Fridge",Pureharvest Organic Almond Milk 1l,260099,$3.40,$3.40 / 1L,https://www.woolworths.com.au/shop/productdetails/260099/pureharvest-organic-almond-milk,https://cdn0.woolworths.media/content/wowproductimages/medium/260099.jpg,2020-09-21 17:27:05,,0,,True
5c8d6942-9db6-402a-b507-05bc5cc95067,Woolworths Supermarket,"Dairy, Eggs & Fridge",Babybel Mini Light Tasty Cheese Portions 100g,260963,$3.80,$38.00 / 1KG,https://www.woolworths.com.au/shop/productdetails/260963/babybel-mini-light-tasty-cheese-portions,https://cdn0.woolworths.media/content/wowproductimages/medium/260963.jpg,2020-09-21 17:27:05,,0,,True
60bbde03-0440-4ee5-8cf3-476b667f829a,Woolworths Supermarket,"Dairy, Eggs & Fridge",Pauls Zymil Lactose Free Full Cream Milk 1l,261178,$3.10,$3.10 / 1L,https://www.woolworths.com.au/shop/productdetails/261178/pauls-zymil-lactose-free-full-cream-milk,https://cdn0.woolworths.media/content/wowproductimages/medium/261178.jpg,2020-09-21 17:27:05,,0,,True
7986362b-60ac-470f-ac21-b401a650055b,Woolworths Supermarket,"Dairy, Eggs & Fridge",La Casa Del Formaggio Traditional Bocconcini 220g,261472,$5.50,$25.00 / 1KG,https://www.woolworths.com.au/shop/productdetails/261472/la-casa-del-formaggio-traditional-bocconcini,https://cdn0.woolworths.media/content/wowproductimages/medium/261472.jpg,2020-09-21 17:27:05,,0,,True
a47d9365-0fe0-4d60-9695-da972d35b0fc,Woolworths Supermarket,"Dairy, Eggs & Fridge",Nuttelex Pulse Buttery Margarine Spread 500g,262454,$4.70,$0.94 / 100G,https://www.woolworths.com.au/shop/productdetails/262454/nuttelex-pulse-buttery-margarine-spread,https://cdn0.woolworths.media/content/wowproductimages/medium/262454.jpg,2020-09-21 17:27:05,,0,,True
1132cf05-0b0d-4f2b-bf29-572076377cee,Woolworths Supermarket,"Dairy, Eggs & Fridge",Coon Cheese Slices Tasty 750g,187899,$10.00,$13.33 / 1KG,https://www.woolworths.com.au/shop/productdetails/187899/coon-cheese-slices-tasty,https://cdn0.woolworths.media/content/wowproductimages/medium/187899.jpg,2020-09-21 17:27:05,,0,Was $12.00 07/07/2020,True
a78cf0b9-4980-4a0c-9a56-ea49ab0aad3a,Woolworths Supermarket,"Dairy, Eggs & Fridge",Flora Proactiv Margarine Buttery 750g,763453,$10.00,$1.33 / 100G,https://www.woolworths.com.au/shop/productdetails/763453/flora-proactiv-margarine-buttery,https://cdn0.woolworths.media/content/wowproductimages/medium/763453.jpg,2020-09-21 17:27:05,,0,,True
a2ea83c8-6d5e-46e8-b366-a76c5a10b94c,Woolworths Supermarket,"Dairy, Eggs & Fridge",Woolworths Baby Spinach Salad Bag 60g,379515,$2.00,$33.33 / 1KG,https://www.woolworths.com.au/shop/productdetails/379515/woolworths-baby-spinach-salad-bag,https://cdn0.woolworths.media/content/wowproductimages/medium/379515.jpg,2020-09-21 17:27:05,Average product rating out of 5: 4.7. Product score is based on 725 ratings,725,,True
962e243c-6fb4-403f-a7ef-b5f9ba60c89f,Woolworths Supermarket,"Dairy, Eggs & Fridge",Woolworths Tasty Shredded Cheese 500g,729026,$6.00,$12.00 / 1KG,https://www.woolworths.com.au/shop/productdetails/729026/woolworths-tasty-shredded-cheese,https://cdn0.woolworths.media/content/wowproductimages/medium/729026.jpg,2020-09-21 17:27:05,Average product rating out of 5: 4.6. Product score is based on 500 ratings,500,,True
e3c8c4ff-d584-45a3-94fd-611ad302c876,Woolworths Supermarket,"Dairy, Eggs & Fridge",Woolworths Uht Full Cream Milk 1l,748595,$1.25,$1.25 / 1L,https://www.woolworths.com.au/shop/productdetails/748595/woolworths-uht-full-cream-milk,https://cdn0.woolworths.media/content/wowproductimages/medium/748595.jpg,2020-09-21 17:27:05,Average product rating out of 5: 4.9. Product score is based on 36 ratings,36,,True
f9b83e59-1b96-47da-804c-4de0fd0adaa1,Woolworths Supermarket,"Dairy, Eggs & Fridge",Hillview Tasty Shredded Cheese 700g,491820,$6.60,$9.43 / 1KG,https://www.woolworths.com.au/shop/productdetails/491820/hillview-tasty-shredded-cheese,https://cdn0.woolworths.media/content/wowproductimages/medium/491820.jpg,2020-09-21 17:27:05,Average product rating out of 5: 4.5. Product score is based on 48 ratings,48,,True
2e6443e4-8a00-4250-8ccb-15fafac6655c,Woolworths Supermarket,"Dairy, Eggs & Fridge",Just 4 You 12 Extra Large Caged Eggs 700g,893974,$3.50,$0.50 / 100G,https://www.woolworths.com.au/shop/productdetails/893974/just-4-you-12-extra-large-caged-eggs,https://cdn0.woolworths.media/content/wowproductimages/medium/893974.jpg,2020-09-21 17:27:05,,0,,True
a2fc02c1-a222-4235-803e-b7b2a474e05a,Woolworths Supermarket,"Dairy, Eggs & Fridge",Almond Breeze Unsweetened Almond Milk 1l,761604,$2.50,$2.50 / 1L,https://www.woolworths.com.au/shop/productdetails/761604/almond-breeze-unsweetened-almond-milk,https://cdn0.woolworths.media/content/wowproductimages/medium/761604.jpg,2020-09-21 17:27:05,,0,Was $3.25 13/03/2017,True
3c21e719-651d-4c03-b0b5-8aabc7152db5,Woolworths Supermarket,"Dairy, Eggs & Fridge",Woolworths Drought Relief Full Cream Milk 3l,807384,$3.59,$1.20 / 1L,https://www.woolworths.com.au/shop/productdetails/807384/woolworths-drought-relief-full-cream-milk,https://cdn0.woolworths.media/content/wowproductimages/medium/807384.jpg,2020-09-21 17:27:05,,0,,True
72416ba2-8a4b-4a92-a94e-b2ff40c71d83,Woolworths Supermarket,"Dairy, Eggs & Fridge",Western Star Original Spreadable 500g,069756,$6.00,$1.20 / 100G,https://www.woolworths.com.au/shop/productdetails/69756/western-star-original-spreadable,https://cdn0.woolworths.media/content/wowproductimages/medium/069756.jpg,2020-09-21 17:27:05,,0,,True
19cdf58c-c1ee-40fc-8a2b-d2166f1bc47f,Woolworths Supermarket,"Dairy, Eggs & Fridge",Woolworths Mozzarella Shredded Cheese 500g,728983,$6.00,$12.00 / 1KG,https://www.woolworths.com.au/shop/productdetails/728983/woolworths-mozzarella-shredded-cheese,https://cdn0.woolworths.media/content/wowproductimages/medium/728983.jpg,2020-09-21 17:27:05,Average product rating out of 5: 4.5. Product score is based on 469 ratings,469,,True
ca5f932a-88d6-4392-a596-7943c2873bf2,Woolworths Supermarket,"Dairy, Eggs & Fridge",Woolworths Single Leaf Baby Spinach 280g,524336,$5.00,$17.86 / 1KG,https://www.woolworths.com.au/shop/productdetails/524336/woolworths-single-leaf-baby-spinach,https://cdn0.woolworths.media/content/wowproductimages/medium/524336.jpg,2020-09-21 17:27:05,Average product rating out of 5: 4.8. Product score is based on 532 ratings,532,,True
f516062f-b04d-40ec-9e58-bacb716a8dc6,Woolworths Supermarket,"Dairy, Eggs & Fridge",A2 Light Milk 2l,208066,$5.30,$2.65 / 1L,https://www.woolworths.com.au/shop/productdetails/208066/a2-light-milk,https://cdn0.woolworths.media/content/wowproductimages/medium/208066.jpg,2020-09-21 17:27:05,,0,,True
40330ab4-6b48-4999-b616-3388da807e21,Woolworths Supermarket,"Dairy, Eggs & Fridge",Woolworths Thickened Cream 600ml,048720,$3.00,$0.50 / 100ML,https://www.woolworths.com.au/shop/productdetails/48720/woolworths-thickened-cream,https://cdn0.woolworths.media/content/wowproductimages/medium/048720.jpg,2020-09-21 17:27:05,Average product rating out of 5: 4.8. Product score is based on 740 ratings,740,,True
87c43800-0997-4f20-87e9-a98758779a63,Woolworths Supermarket,"Dairy, Eggs & Fridge",Hillview Cheese Block 1kg,500187,$8.00,$8.00 / 1KG,https://www.woolworths.com.au/shop/productdetails/500187/hillview-cheese-block,https://cdn0.woolworths.media/content/wowproductimages/medium/500187.jpg,2020-09-21 17:27:05,Average product rating out of 5: 4.5. Product score is based on 66 ratings,66,,True
f4289004-69cb-4470-84af-1b33b4e4ae89,Woolworths Supermarket,"Dairy, Eggs & Fridge",Woolworths Drought Relief Lite Milk 3l,807386,$3.59,$1.20 / 1L,https://www.woolworths.com.au/shop/productdetails/807386/woolworths-drought-relief-lite-milk,https://cdn0.woolworths.media/content/wowproductimages/medium/807386.jpg,2020-09-21 17:27:05,,0,,True
0f7ee902-a2f3-4b80-9cad-c311bd837068,Woolworths Supermarket,"Dairy, Eggs & Fridge",Woolworths Baby Leaf Spinach 120g,524322,$3.00,$25.00 / 1KG,https://www.woolworths.com.au/shop/productdetails/524322/woolworths-baby-leaf-spinach,https://cdn0.woolworths.media/content/wowproductimages/medium/524322.jpg,2020-09-21 17:27:05,Average product rating out of 5: 4.7. Product score is based on 2842 ratings,2842,,True
8833bbb1-9e12-4bb9-ab12-8ad81e5718ee,Woolworths Supermarket,"Dairy, Eggs & Fridge",A2 Full Cream Milk 2l,208064,$5.30,$2.65 / 1L,https://www.woolworths.com.au/shop/productdetails/208064/a2-full-cream-milk,https://cdn0.woolworths.media/content/wowproductimages/medium/208064.jpg,2020-09-21 17:27:05,,0,,True
22322bc2-cc48-437d-b6eb-9182981b7d25,Woolworths Supermarket,"Dairy, Eggs & Fridge",Woolworths Drought Relief Lite Milk 2l,807385,$2.39,$1.20 / 1L,https://www.woolworths.com.au/shop/productdetails/807385/woolworths-drought-relief-lite-milk,https://cdn0.woolworths.media/content/wowproductimages/medium/807385.jpg,2020-09-21 17:27:05,,0,,True
f6d00b43-035e-4292-9f78-220e600ce56b,Woolworths Supermarket,"Dairy, Eggs & Fridge",Woolworths Drought Relief Full Cream Milk 2l,807383,$2.39,$1.20 / 1L,https://www.woolworths.com.au/shop/productdetails/807383/woolworths-drought-relief-full-cream-milk,https://cdn0.woolworths.media/content/wowproductimages/medium/807383.jpg,2020-09-21 17:27:05,Average product rating out of 5: 4.7. Product score is based on 385 ratings,385,,True
6a6bbd2c-1017-4cd5-8ffc-f79a0fd36262,Woolworths Supermarket,"Dairy, Eggs & Fridge",Sanitarium So Good Long Life Regular Soy Milk 250ml x3 pack,263672,$3.30,$4.40 / 1L,https://www.woolworths.com.au/shop/productdetails/263672/sanitarium-so-good-long-life-regular-soy-milk,https://cdn0.woolworths.media/content/wowproductimages/medium/263672.jpg,2020-09-21 17:27:05,,0,,True
34162abf-1e69-46b3-8e93-351ff5d88c12,Woolworths Supermarket,"Dairy, Eggs & Fridge",Chris' Dips Cheese & Chive 200g,263846,$3.50,$1.75 / 100G,https://www.woolworths.com.au/shop/productdetails/263846/chris-dips-cheese-chive,https://cdn0.woolworths.media/content/wowproductimages/medium/263846.jpg,2020-09-21 17:27:05,,0,2 for $6.00 $1.50/100G,True
a28ab400-6430-4153-9ed3-0e8541fcc660,Woolworths Supermarket,"Dairy, Eggs & Fridge",Chris' Dips Corn Relish 200g,263854,$3.50,$1.75 / 100G,https://www.woolworths.com.au/shop/productdetails/263854/chris-dips-corn-relish,https://cdn0.woolworths.media/content/wowproductimages/medium/263854.jpg,2020-09-21 17:27:05,,0,2 for $6.00 $1.50/100G,True
ac90ce25-2cae-42dc-bea3-049a0096111e,Woolworths Supermarket,"Dairy, Eggs & Fridge",Bean Supreme Sage Parsley Rosemary Sausages 375g,265033,$8.00,$2.13 / 100G,https://www.woolworths.com.au/shop/productdetails/265033/bean-supreme-sage-parsley-rosemary-sausages,https://cdn0.woolworths.media/content/wowproductimages/medium/265033.jpg,2020-09-21 17:27:05,,0,,True
3ca5096f-2820-45a2-a0ee-b5b533b6c678,Woolworths Supermarket,"Dairy, Eggs & Fridge",Easiyo Greek Style Yoghurt & Honey Yoghurt Base 210g,273734,$4.00,$1.90 / 100G,https://www.woolworths.com.au/shop/productdetails/273734/easiyo-greek-style-yoghurt-honey-yoghurt-base,https://cdn0.woolworths.media/content/wowproductimages/medium/273734.jpg,2020-09-21 17:27:05,,0,,True
3b6f735e-886f-4420-a169-07252bf2f35a,Woolworths Supermarket,"Dairy, Eggs & Fridge",Jalna Greek Yoghurt 2kg,279766,$11.95,$0.60 / 100G,https://www.woolworths.com.au/shop/productdetails/279766/jalna-greek-yoghurt,https://cdn0.woolworths.media/content/wowproductimages/medium/279766.jpg,2020-09-21 17:27:05,,0,,True
eeb01f01-aa33-496e-a173-90d59817c78b,Woolworths Supermarket,"Dairy, Eggs & Fridge",Gippsland Dairy Twist Smooth & Creamy Plain Yoghurt 720g,280241,$7.00,$0.97 / 100G,https://www.woolworths.com.au/shop/productdetails/280241/gippsland-dairy-twist-smooth-creamy-plain-yoghurt,https://cdn0.woolworths.media/content/wowproductimages/medium/280241.jpg,2020-09-21 17:27:05,,0,,True
d4bfc622-4f68-4af5-aa1c-951c0bd66db6,Woolworths Supermarket,"Dairy, Eggs & Fridge",Lurpak Lighter Blend Spreadable Butter 250g,281853,$5.00,$2.00 / 100G,https://www.woolworths.com.au/shop/productdetails/281853/lurpak-lighter-blend-spreadable-butter,https://cdn0.woolworths.media/content/wowproductimages/medium/281853.jpg,2020-09-21 17:27:05,,0,Was $6.00 17/04/2018,True
80d1eeba-2545-4070-847a-2eb53317e9bd,Woolworths Supermarket,"Dairy, Eggs & Fridge",Dare Double Espresso Iced Coffee 750ml,293933,$4.10,$5.47 / 1L,https://www.woolworths.com.au/shop/productdetails/293933/dare-double-espresso-iced-coffee,https://cdn0.woolworths.media/content/wowproductimages/medium/293933.jpg,2020-09-21 17:27:05,,0,3 for $10.50 $4.67/1L,True
e771dde9-4841-483c-9058-3896cf8bb03a,Woolworths Supermarket,"Dairy, Eggs & Fridge",La Famiglia Garlic Bread Entertainer Slices 450g,294516,$6.50,$1.44 / 100G,https://www.woolworths.com.au/shop/productdetails/294516/la-famiglia-garlic-bread-entertainer-slices,https://cdn0.woolworths.media/content/wowproductimages/medium/294516.jpg,2020-09-21 17:27:05,,0,,True
340e9edc-3e67-4895-b097-fe7514d50f72,Woolworths Supermarket,"Dairy, Eggs & Fridge",La Famiglia Garlic Bread 400g,294517,$4.00,$1.00 / 100G,https://www.woolworths.com.au/shop/productdetails/294517/la-famiglia-garlic-bread,https://cdn0.woolworths.media/content/wowproductimages/medium/294517.jpg,2020-09-21 17:27:05,,0,,True
9fb72292-5ae6-4f88-8538-a56fd8fe0786,Woolworths Supermarket,"Dairy, Eggs & Fridge",Babybel Mini Cheese Portions 100g,295443,$3.80,$38.00 / 1KG,https://www.woolworths.com.au/shop/productdetails/295443/babybel-mini-cheese-portions,https://cdn0.woolworths.media/content/wowproductimages/medium/295443.jpg,2020-09-21 17:27:05,,0,,True
c82dab6e-0bee-47e7-aa41-17fcc2b98cce,Woolworths Supermarket,"Dairy, Eggs & Fridge",Woolworths Whipped Cream 250g,295648,$4.00,$1.60 / 100G,https://www.woolworths.com.au/shop/productdetails/295648/woolworths-whipped-cream,https://cdn0.woolworths.media/content/wowproductimages/medium/295648.jpg,2020-09-21 17:27:05,Average product rating out of 5: 4.4. Product score is based on 1135 ratings,1135,,True
b91f49c9-761f-45d5-9855-d7132eb30453,Woolworths Supermarket,"Dairy, Eggs & Fridge",Woolworths Light Whipped Cream 250g,295649,$4.00,$1.60 / 100G,https://www.woolworths.com.au/shop/productdetails/295649/woolworths-light-whipped-cream,https://cdn0.woolworths.media/content/wowproductimages/medium/295649.jpg,2020-09-21 17:27:05,Average product rating out of 5: 4.2. Product score is based on 312 ratings,312,,True
b4489837-bfe0-48b9-85b7-e1b9a0aff5db,Woolworths Supermarket,"Dairy, Eggs & Fridge",Woolworths Cream Cheese 250g,296507,$2.75,$11.00 / 1KG,https://www.woolworths.com.au/shop/productdetails/296507/woolworths-cream-cheese,https://cdn0.woolworths.media/content/wowproductimages/medium/296507.jpg,2020-09-21 17:27:05,Average product rating out of 5: 4.6. Product score is based on 307 ratings,307,,True
69c739a9-5f4c-4f54-a531-ce991bfb6093,Woolworths Supermarket,"Dairy, Eggs & Fridge",Yoplait Forme Zero French Vanilla Yoghurt 1kg,297764,$4.00,$0.40 / 100G,https://www.woolworths.com.au/shop/productdetails/297764/yoplait-forme-zero-french-vanilla-yoghurt,https://cdn0.woolworths.media/content/wowproductimages/medium/297764.jpg,2020-09-21 17:27:05,,0,,True
5d7c95d7-eeda-419f-96a8-beb4862b7aea,Woolworths Supermarket,"Dairy, Eggs & Fridge",Yoplait Forme Zero Strawberry Yoghurt 1kg,297767,$4.00,$0.40 / 100G,https://www.woolworths.com.au/shop/productdetails/297767/yoplait-forme-zero-strawberry-yoghurt,https://cdn0.woolworths.media/content/wowproductimages/medium/297767.jpg,2020-09-21 17:27:05,,0,,True
6e64124b-fe33-4df0-a84f-0767350143ed,Woolworths Supermarket,"Dairy, Eggs & Fridge",Pilpel Dip Hummous 350g,299265,$6.50,$1.86 / 100G,https://www.woolworths.com.au/shop/productdetails/299265/pilpel-dip-hummous,https://cdn0.woolworths.media/content/wowproductimages/medium/299265.jpg,2020-09-21 17:27:05,,0,,True
3b1a7ed1-12ac-4dbb-84d1-3fad0ef52aaf,Woolworths Supermarket,"Dairy, Eggs & Fridge",Maggie Beer Fig & Fennel Paste Fig & Fennel 100g,300798,$6.00,$60.00 / 1KG,https://www.woolworths.com.au/shop/productdetails/300798/maggie-beer-fig-fennel-paste-fig-fennel,https://cdn0.woolworths.media/content/wowproductimages/medium/300798.jpg,2020-09-21 17:27:05,,0,,True
7b348d05-2d4c-4349-bd69-314af1eaac59,Woolworths Supermarket,"Dairy, Eggs & Fridge",Mersey Valley Extra Tasty Cheese 180g,302096,$6.30,$35.00 / 1KG,https://www.woolworths.com.au/shop/productdetails/302096/mersey-valley-extra-tasty-cheese,https://cdn0.woolworths.media/content/wowproductimages/medium/302096.jpg,2020-09-21 17:27:05,,0,,True
c9f7e48d-a634-4428-aeb3-9312e9ef03f3,Woolworths Supermarket,"Dairy, Eggs & Fridge",Mersey Valley Original Vintage Cheese 180g,302105,$6.30,$35.00 / 1KG,https://www.woolworths.com.au/shop/productdetails/302105/mersey-valley-original-vintage-cheese,https://cdn0.woolworths.media/content/wowproductimages/medium/302105.jpg,2020-09-21 17:27:05,,0,,True
9a22517e-78e8-4fdc-b8f7-15ea2dd40563,Woolworths Supermarket,"Dairy, Eggs & Fridge",Perfect Italiano Extra Sharp Grated Parmesan 125g,302306,$3.25,$26.00 / 1KG,https://www.woolworths.com.au/shop/productdetails/302306/perfect-italiano-extra-sharp-grated-parmesan,https://cdn0.woolworths.media/content/wowproductimages/medium/302306.jpg,2020-09-21 17:27:05,,0,,True
c55ca35b-9692-4d45-b6f5-bdd6288420b2,Woolworths Supermarket,"Dairy, Eggs & Fridge",Mainland Munchables Tasty Cheese & Crackers 4 pack,302570,$6.00,$50.00 / 1KG,https://www.woolworths.com.au/shop/productdetails/302570/mainland-munchables-tasty-cheese-crackers,https://cdn0.woolworths.media/content/wowproductimages/medium/302570.jpg,2020-09-21 17:27:05,,0,Was $6.50 29/05/2018,True
8df682ad-df4e-450f-be31-abcbad411be8,Woolworths Supermarket,"Dairy, Eggs & Fridge",Australia's Own Organic Long Life Rice Milk 1l,303414,$2.00,$2.00 / 1L,https://www.woolworths.com.au/shop/productdetails/303414/australia-s-own-organic-long-life-rice-milk,https://cdn0.woolworths.media/content/wowproductimages/medium/303414.jpg,2020-09-21 17:27:05,,0,Was $2.85 06/11/2017,True
60f66bc0-78de-4eb7-b571-82862134ee42,Woolworths Supermarket,"Dairy, Eggs & Fridge",Coon Cheese Slices Tasty 750g,187899,$10.00,$13.33 / 1KG,https://www.woolworths.com.au/shop/productdetails/187899/coon-cheese-slices-tasty,https://cdn0.woolworths.media/content/wowproductimages/medium/187899.jpg,2020-09-21 17:27:05,,0,Was $12.00 07/07/2020,True
3329b21b-cb2f-45b1-89e5-4fb6a889de31,Woolworths Supermarket,"Dairy, Eggs & Fridge",Western Star Original Spreadable 500g,069756,$6.00,$1.20 / 100G,https://www.woolworths.com.au/shop/productdetails/69756/western-star-original-spreadable,https://cdn0.woolworths.media/content/wowproductimages/medium/069756.jpg,2020-09-21 17:27:05,,0,,True
fd07a1ea-927e-4e9d-b5d8-22bfbe866c10,Woolworths Supermarket,"Dairy, Eggs & Fridge",Woolworths Drought Relief Full Cream Milk 3l,807384,$3.59,$1.20 / 1L,https://www.woolworths.com.au/shop/productdetails/807384/woolworths-drought-relief-full-cream-milk,https://cdn0.woolworths.media/content/wowproductimages/medium/807384.jpg,2020-09-21 17:27:05,,0,,True
395e7f31-b652-41fe-943a-0af868ce09f7,Woolworths Supermarket,"Dairy, Eggs & Fridge",Woolworths Baby Spinach Salad Bag 60g,379515,$2.00,$33.33 / 1KG,https://www.woolworths.com.au/shop/productdetails/379515/woolworths-baby-spinach-salad-bag,https://cdn0.woolworths.media/content/wowproductimages/medium/379515.jpg,2020-09-21 17:27:05,Average product rating out of 5: 4.7. Product score is based on 725 ratings,725,,True
38c49764-26f1-43d1-a27b-b555b91eb443,Woolworths Supermarket,"Dairy, Eggs & Fridge",Woolworths Drought Relief Lite Milk 2l,807385,$2.39,$1.20 / 1L,https://www.woolworths.com.au/shop/productdetails/807385/woolworths-drought-relief-lite-milk,https://cdn0.woolworths.media/content/wowproductimages/medium/807385.jpg,2020-09-21 17:27:05,,0,,True
ce262f07-48aa-4431-9a13-d2e1c9e2ba0c,Woolworths Supermarket,"Dairy, Eggs & Fridge",Woolworths Baby Leaf Spinach 120g,524322,$3.00,$25.00 / 1KG,https://www.woolworths.com.au/shop/productdetails/524322/woolworths-baby-leaf-spinach,https://cdn0.woolworths.media/content/wowproductimages/medium/524322.jpg,2020-09-21 17:27:05,Average product rating out of 5: 4.7. Product score is based on 2842 ratings,2842,,True
d14a790b-d62a-4ddb-9e5b-eb9e511a3cce,Woolworths Supermarket,"Dairy, Eggs & Fridge",Almond Breeze Unsweetened Almond Milk 1l,761604,$2.50,$2.50 / 1L,https://www.woolworths.com.au/shop/productdetails/761604/almond-breeze-unsweetened-almond-milk,https://cdn0.woolworths.media/content/wowproductimages/medium/761604.jpg,2020-09-21 17:27:05,,0,Was $3.25 13/03/2017,True
e12379cf-f986-492d-8e2e-970aabdd31c0,Woolworths Supermarket,"Dairy, Eggs & Fridge",Woolworths Single Leaf Baby Spinach 280g,524336,$5.00,$17.86 / 1KG,https://www.woolworths.com.au/shop/productdetails/524336/woolworths-single-leaf-baby-spinach,https://cdn0.woolworths.media/content/wowproductimages/medium/524336.jpg,2020-09-21 17:27:05,Average product rating out of 5: 4.8. Product score is based on 532 ratings,532,,True
9b4728c7-d19e-4213-873b-e0fc53da70c2,Woolworths Supermarket,"Dairy, Eggs & Fridge",Hillview Cheese Block 1kg,500187,$8.00,$8.00 / 1KG,https://www.woolworths.com.au/shop/productdetails/500187/hillview-cheese-block,https://cdn0.woolworths.media/content/wowproductimages/medium/500187.jpg,2020-09-21 17:27:05,Average product rating out of 5: 4.5. Product score is based on 66 ratings,66,,True
d141676b-26fa-4645-9ce9-45e30ea5a772,Woolworths Supermarket,"Dairy, Eggs & Fridge",Hillview Tasty Shredded Cheese 700g,491820,$6.60,$9.43 / 1KG,https://www.woolworths.com.au/shop/productdetails/491820/hillview-tasty-shredded-cheese,https://cdn0.woolworths.media/content/wowproductimages/medium/491820.jpg,2020-09-21 17:27:05,Average product rating out of 5: 4.5. Product score is based on 48 ratings,48,,True
588b014f-9e10-4435-bff7-87d3bac21f9a,Woolworths Supermarket,"Dairy, Eggs & Fridge",Woolworths Tasty Shredded Cheese 500g,729026,$6.00,$12.00 / 1KG,https://www.woolworths.com.au/shop/productdetails/729026/woolworths-tasty-shredded-cheese,https://cdn0.woolworths.media/content/wowproductimages/medium/729026.jpg,2020-09-21 17:27:05,Average product rating out of 5: 4.6. Product score is based on 500 ratings,500,,True
6181eda0-43de-4e27-bfda-3bb3115c7984,Woolworths Supermarket,"Dairy, Eggs & Fridge",Woolworths Uht Full Cream Milk 1l,748595,$1.25,$1.25 / 1L,https://www.woolworths.com.au/shop/productdetails/748595/woolworths-uht-full-cream-milk,https://cdn0.woolworths.media/content/wowproductimages/medium/748595.jpg,2020-09-21 17:27:05,Average product rating out of 5: 4.9. Product score is based on 36 ratings,36,,True
eee483e3-dccb-49f4-9cf2-7ddfdd506481,Woolworths Supermarket,"Dairy, Eggs & Fridge",Woolworths Drought Relief Lite Milk 3l,807386,$3.59,$1.20 / 1L,https://www.woolworths.com.au/shop/productdetails/807386/woolworths-drought-relief-lite-milk,https://cdn0.woolworths.media/content/wowproductimages/medium/807386.jpg,2020-09-21 17:27:05,,0,,True
aa30dfca-5e2b-4b39-9031-ffd1d3975ba7,Woolworths Supermarket,"Dairy, Eggs & Fridge",Flora Proactiv Margarine Buttery 750g,763453,$10.00,$1.33 / 100G,https://www.woolworths.com.au/shop/productdetails/763453/flora-proactiv-margarine-buttery,https://cdn0.woolworths.media/content/wowproductimages/medium/763453.jpg,2020-09-21 17:27:05,,0,,True
3ced5f58-7708-4952-823f-16dbc5601304,Woolworths Supermarket,"Dairy, Eggs & Fridge",Woolworths Thickened Cream 600ml,048720,$3.00,$0.50 / 100ML,https://www.woolworths.com.au/shop/productdetails/48720/woolworths-thickened-cream,https://cdn0.woolworths.media/content/wowproductimages/medium/048720.jpg,2020-09-21 17:27:05,Average product rating out of 5: 4.8. Product score is based on 740 ratings,740,,True
75ce3fb5-c7f2-4a0d-a47f-b17729d06325,Woolworths Supermarket,"Dairy, Eggs & Fridge",Just 4 You 12 Extra Large Caged Eggs 700g,893974,$3.50,$0.50 / 100G,https://www.woolworths.com.au/shop/productdetails/893974/just-4-you-12-extra-large-caged-eggs,https://cdn0.woolworths.media/content/wowproductimages/medium/893974.jpg,2020-09-21 17:27:05,,0,,True
1c9d0666-9575-4443-8d13-a228481469b8,Woolworths Supermarket,"Dairy, Eggs & Fridge",Woolworths Drought Relief Full Cream Milk 2l,807383,$2.39,$1.20 / 1L,https://www.woolworths.com.au/shop/productdetails/807383/woolworths-drought-relief-full-cream-milk,https://cdn0.woolworths.media/content/wowproductimages/medium/807383.jpg,2020-09-21 17:27:05,Average product rating out of 5: 4.7. Product score is based on 385 ratings,385,,True
268519bf-b2a3-4460-a0c1-08f9bdf317f0,Woolworths Supermarket,"Dairy, Eggs & Fridge",Woolworths Mozzarella Shredded Cheese 500g,728983,$6.00,$12.00 / 1KG,https://www.woolworths.com.au/shop/productdetails/728983/woolworths-mozzarella-shredded-cheese,https://cdn0.woolworths.media/content/wowproductimages/medium/728983.jpg,2020-09-21 17:27:05,Average product rating out of 5: 4.5. Product score is based on 469 ratings,469,,True
dfcadb6f-7e24-4aad-ab9f-ed31906c42ee,Woolworths Supermarket,"Dairy, Eggs & Fridge",A2 Full Cream Milk 2l,208064,$5.30,$2.65 / 1L,https://www.woolworths.com.au/shop/productdetails/208064/a2-full-cream-milk,https://cdn0.woolworths.media/content/wowproductimages/medium/208064.jpg,2020-09-21 17:27:05,,0,,True
2505e30e-3792-4974-800f-df9060febf34,Woolworths Supermarket,"Dairy, Eggs & Fridge",A2 Light Milk 2l,208066,$5.30,$2.65 / 1L,https://www.woolworths.com.au/shop/productdetails/208066/a2-light-milk,https://cdn0.woolworths.media/content/wowproductimages/medium/208066.jpg,2020-09-21 17:27:05,,0,,True
7abe803d-8e8d-4aa5-a95c-72b34c69b69d,Woolworths Supermarket,"Dairy, Eggs & Fridge",Latina Fresh Kids Mini Ravioli Cheese & Vegetable 200g,304103,$4.50,$2.25 / 100G,https://www.woolworths.com.au/shop/productdetails/304103/latina-fresh-kids-mini-ravioli-cheese-vegetable,https://cdn0.woolworths.media/content/wowproductimages/medium/304103.jpg,2020-09-21 17:27:05,,0,,True
219bc9c6-7a3e-4d72-9e0e-52460294f940,Woolworths Supermarket,"Dairy, Eggs & Fridge",Latina Fresh Kids Mini Ravioli Beef & Vegetable 200g,304116,$4.50,$2.25 / 100G,https://www.woolworths.com.au/shop/productdetails/304116/latina-fresh-kids-mini-ravioli-beef-vegetable,https://cdn0.woolworths.media/content/wowproductimages/medium/304116.jpg,2020-09-21 17:27:05,,0,,True
5971dba9-d4bd-439f-8996-4fd845e7e621,Woolworths Supermarket,"Dairy, Eggs & Fridge",South Cape Trilogy Onion Chives & Smoked Cheddar Cheese 140g,305741,$5.00,$35.71 / 1KG,https://www.woolworths.com.au/shop/productdetails/305741/south-cape-trilogy-onion-chives-smoked-cheddar-cheese,https://cdn0.woolworths.media/content/wowproductimages/medium/305741.jpg,2020-09-21 17:27:05,,0,Was $6.00 14/05/2018,True
edb2401f-df8a-48e7-994c-4a345cc8f1e8,Woolworths Supermarket,"Dairy, Eggs & Fridge",Vitasoy Calcium Enriched Rice Milk 1l,306053,$2.95,$2.95 / 1L,https://www.woolworths.com.au/shop/productdetails/306053/vitasoy-calcium-enriched-rice-milk,https://cdn0.woolworths.media/content/wowproductimages/medium/306053.jpg,2020-09-21 17:27:05,,0,,True
a1c22165-053f-49f8-8c27-7878afb6f015,Woolworths Supermarket,"Dairy, Eggs & Fridge",South Cape Greek Style Fetta 200g,306605,$5.00,$25.00 / 1KG,https://www.woolworths.com.au/shop/productdetails/306605/south-cape-greek-style-fetta,https://cdn0.woolworths.media/content/wowproductimages/medium/306605.jpg,2020-09-21 17:27:05,,0,Was $5.99 27/06/2016,True
096d0e94-96c9-4e47-a41f-8b2753f1edfc,Woolworths Supermarket,"Dairy, Eggs & Fridge",Castello Extra Creamy Mild Blue Cheese 100g,308976,$5.50,$55.00 / 1KG,https://www.woolworths.com.au/shop/productdetails/308976/castello-extra-creamy-mild-blue-cheese,https://cdn0.woolworths.media/content/wowproductimages/medium/308976.jpg,2020-09-21 17:27:05,,0,,True
7b43fd13-701e-4d48-8edf-64629bbb8fd3,Woolworths Supermarket,"Dairy, Eggs & Fridge",South Cape Trilogy Herb Sundried Vintage Cheddar Cheese 140g,309214,$5.00,$35.71 / 1KG,https://www.woolworths.com.au/shop/productdetails/309214/south-cape-trilogy-herb-sundried-vintage-cheddar-cheese,https://cdn0.woolworths.media/content/wowproductimages/medium/309214.jpg,2020-09-21 17:27:05,,0,Was $6.00 14/05/2018,True
07059d5e-78d5-4455-bc2f-d3c2d9cf1b87,Woolworths Supermarket,"Dairy, Eggs & Fridge",Lurpak Garlic Danish Butter 125g,309412,$3.50,$2.80 / 100G,https://www.woolworths.com.au/shop/productdetails/309412/lurpak-garlic-danish-butter,https://cdn0.woolworths.media/content/wowproductimages/medium/309412.jpg,2020-09-21 17:27:05,,0,,True
6b8c62c9-3c4d-449e-89ad-181b453e137d,Woolworths Supermarket,"Dairy, Eggs & Fridge",Flora Margarine Spread Salt Reduced 1kg,309966,$4.50,$0.45 / 100G,https://www.woolworths.com.au/shop/productdetails/309966/flora-margarine-spread-salt-reduced,https://cdn0.woolworths.media/content/wowproductimages/medium/309966.jpg,2020-09-21 17:27:05,,0,Was $5.00 06/03/2017,True
499cdb78-1b5f-4474-be96-81f7a14c2596,Woolworths Supermarket,"Dairy, Eggs & Fridge",Woolworths Tasty Cheese Block 500G,310237,$5.80,$11.60 / 1KG,https://www.woolworths.com.au/shop/productdetails/310237/woolworths-tasty-cheese-block,https://cdn0.woolworths.media/content/wowproductimages/medium/310237.jpg,2020-09-21 17:27:05,Average product rating out of 5: 4.7. Product score is based on 893 ratings,893,,True
3c7823d8-afa0-42ee-9abe-022b0d0f4166,Woolworths Supermarket,"Dairy, Eggs & Fridge",Woolworths Extra Tasty Cheese Block 500g,310238,$6.00,$12.00 / 1KG,https://www.woolworths.com.au/shop/productdetails/310238/woolworths-extra-tasty-cheese-block,https://cdn0.woolworths.media/content/wowproductimages/medium/310238.jpg,2020-09-21 17:27:05,Average product rating out of 5: 4.7. Product score is based on 854 ratings,854,,True
54bf247a-808d-4f20-85fd-0f09c6d7696c,Woolworths Supermarket,"Dairy, Eggs & Fridge",Easiyo Low Fat Greek Style Yogurt Base 170g,310370,$4.20,$2.47 / 100G,https://www.woolworths.com.au/shop/productdetails/310370/easiyo-low-fat-greek-style-yogurt-base,https://cdn0.woolworths.media/content/wowproductimages/medium/310370.jpg,2020-09-21 17:27:05,,0,,True
6cc5aa26-ae1f-4e0c-903c-0458b2f59877,Woolworths Supermarket,"Dairy, Eggs & Fridge",Vitasoy Oat Milk 1l,310675,$2.00,$2.00 / 1L,https://www.woolworths.com.au/shop/productdetails/310675/vitasoy-oat-milk,https://cdn0.woolworths.media/content/wowproductimages/medium/310675.jpg,2020-09-21 17:27:05,,0,,True
6d39a568-6c8e-4f59-bf76-5425bfce89f5,Woolworths Supermarket,"Dairy, Eggs & Fridge",Sunny Queen 10 Organic Free Range Eggs 550g,310773,$9.40,$1.71 / 100G,https://www.woolworths.com.au/shop/productdetails/310773/sunny-queen-10-organic-free-range-eggs,https://cdn0.woolworths.media/content/wowproductimages/medium/310773.jpg,2020-09-21 17:27:05,,0,,True
0373e719-178e-46e0-bcbd-05079f43e6de,Woolworths Supermarket,"Dairy, Eggs & Fridge",Woolworths Classic Coleslaw 800g,311534,$6.50,$0.81 / 100G,https://www.woolworths.com.au/shop/productdetails/311534/woolworths-classic-coleslaw,https://cdn0.woolworths.media/content/wowproductimages/medium/311534.jpg,2020-09-21 17:27:05,,0,Was $7.00 26/10/2017,True
8ac24a2c-de7d-45fc-b59a-30fc1aea6668,Woolworths Supermarket,"Dairy, Eggs & Fridge",Yoplait Petit Miam Strawberry 70g,312191,$1.00,$1.43 / 100G,https://www.woolworths.com.au/shop/productdetails/312191/yoplait-petit-miam-strawberry,https://cdn0.woolworths.media/content/wowproductimages/medium/312191.jpg,2020-09-21 17:27:05,,0,Was $1.35 22/08/2016,True
f7dc15a0-eaa3-49b0-824e-31c92b3dc640,Woolworths Supermarket,"Dairy, Eggs & Fridge",Yoplait Petit Miam Banana 70g,312195,$1.00,$1.43 / 100G,https://www.woolworths.com.au/shop/productdetails/312195/yoplait-petit-miam-banana,https://cdn0.woolworths.media/content/wowproductimages/medium/312195.jpg,2020-09-21 17:27:05,,0,Was $1.35 22/08/2016,True
2af4f17f-6cfe-49a3-9962-9a96ceec31ed,Woolworths Supermarket,"Dairy, Eggs & Fridge",Farmers Union Light Greek Yoghurt 1kg,312204,$5.20,$0.52 / 100G,https://www.woolworths.com.au/shop/productdetails/312204/farmers-union-light-greek-yoghurt,https://cdn0.woolworths.media/content/wowproductimages/medium/312204.jpg,2020-09-21 17:27:05,,0,,True
71835213-4c6b-4529-8ac3-ef1f793a3f46,Woolworths Supermarket,"Dairy, Eggs & Fridge",Farmers Union Natural Greek Style Yogurt 200g,312213,$2.30,$1.15 / 100G,https://www.woolworths.com.au/shop/productdetails/312213/farmers-union-natural-greek-style-yogurt,https://cdn0.woolworths.media/content/wowproductimages/medium/312213.jpg,2020-09-21 17:27:05,,0,,True
e493d022-dfae-447e-a93a-2464aeec6b31,Woolworths Supermarket,"Dairy, Eggs & Fridge",Gippsland Dairy Twist Blueberry Yoghurt 720g,312355,$7.00,$0.97 / 100G,https://www.woolworths.com.au/shop/productdetails/312355/gippsland-dairy-twist-blueberry-yoghurt,https://cdn0.woolworths.media/content/wowproductimages/medium/312355.jpg,2020-09-21 17:27:05,,0,,True
63c3b36c-5fdb-412f-90cc-0eac665a741b,Woolworths Supermarket,"Dairy, Eggs & Fridge",Chris' Dips Three Olive 200g,312362,$3.50,$1.75 / 100G,https://www.woolworths.com.au/shop/productdetails/312362/chris-dips-three-olive,https://cdn0.woolworths.media/content/wowproductimages/medium/312362.jpg,2020-09-21 17:27:05,,0,2 for $6.00 $1.50/100G,True
91692095-36ef-4849-a78a-52474e64cdfd,Woolworths Supermarket,"Dairy, Eggs & Fridge",Bulla Dollop Thick Cream Cup 200ml,312417,$2.60,$1.30 / 100ML,https://www.woolworths.com.au/shop/productdetails/312417/bulla-dollop-thick-cream-cup,https://cdn0.woolworths.media/content/wowproductimages/medium/312417.jpg,2020-09-21 17:27:05,,0,,True
ac6eba55-7724-44e5-8492-2d62a5506ffc,Woolworths Supermarket,"Dairy, Eggs & Fridge",South Cape Camembert Mini Cheese Wheel 125g,312703,$4.00,$32.00 / 1KG,https://www.woolworths.com.au/shop/productdetails/312703/south-cape-camembert-mini-cheese-wheel,https://cdn0.woolworths.media/content/wowproductimages/medium/312703.jpg,2020-09-21 17:27:05,,0,Was $5.30 13/07/2020,True
f673015e-e0b1-4990-a417-846cd4624e97,Woolworths Supermarket,"Dairy, Eggs & Fridge",South Cape Mini Brie Cheese Wheel 125g,312704,$4.00,$32.00 / 1KG,https://www.woolworths.com.au/shop/productdetails/312704/south-cape-mini-brie-cheese-wheel,https://cdn0.woolworths.media/content/wowproductimages/medium/312704.jpg,2020-09-21 17:27:05,,0,Was $5.30 13/07/2020,True
46fbe3c7-e0d7-42de-9dee-55764419a470,Woolworths Supermarket,"Dairy, Eggs & Fridge",Perfect Italiano Shaved Parmesan 125g,360904,$3.25,$26.00 / 1KG,https://www.woolworths.com.au/shop/productdetails/360904/perfect-italiano-shaved-parmesan,https://cdn0.woolworths.media/content/wowproductimages/medium/360904.jpg,2020-09-21 17:27:05,,0,,True
fb041d40-da57-455a-a899-52c6b9f98271,Woolworths Supermarket,"Dairy, Eggs & Fridge",Perfect Italiano Extra Sharp Grated Parmesan 125g,302306,$3.25,$26.00 / 1KG,https://www.woolworths.com.au/shop/productdetails/302306/perfect-italiano-extra-sharp-grated-parmesan,https://cdn0.woolworths.media/content/wowproductimages/medium/302306.jpg,2020-09-21 17:27:05,,0,,True
12fb6b0a-a09f-40db-ba71-a12debab2d70,Woolworths Supermarket,"Dairy, Eggs & Fridge",Woolworths Drought Relief Lite Milk 2l,807385,$2.39,$1.20 / 1L,https://www.woolworths.com.au/shop/productdetails/807385/woolworths-drought-relief-lite-milk,https://cdn0.woolworths.media/content/wowproductimages/medium/807385.jpg,2020-09-21 17:27:05,,0,,True
26f529ea-8002-4e23-bd7d-048be82a4829,Woolworths Supermarket,"Dairy, Eggs & Fridge",Woolworths Mozzarella Shredded Cheese 500g,728983,$6.00,$12.00 / 1KG,https://www.woolworths.com.au/shop/productdetails/728983/woolworths-mozzarella-shredded-cheese,https://cdn0.woolworths.media/content/wowproductimages/medium/728983.jpg,2020-09-21 17:27:05,Average product rating out of 5: 4.5. Product score is based on 469 ratings,469,,True
656ab301-4883-421b-a1ed-04d406e0cabd,Woolworths Supermarket,"Dairy, Eggs & Fridge",Western Star Original Spreadable 500g,069756,$6.00,$1.20 / 100G,https://www.woolworths.com.au/shop/productdetails/69756/western-star-original-spreadable,https://cdn0.woolworths.media/content/wowproductimages/medium/069756.jpg,2020-09-21 17:27:05,,0,,True
cb9bf392-5f81-498e-b855-bb571cdb3547,Woolworths Supermarket,"Dairy, Eggs & Fridge",Woolworths Uht Full Cream Milk 1l,748595,$1.25,$1.25 / 1L,https://www.woolworths.com.au/shop/productdetails/748595/woolworths-uht-full-cream-milk,https://cdn0.woolworths.media/content/wowproductimages/medium/748595.jpg,2020-09-21 17:27:05,Average product rating out of 5: 4.9. Product score is based on 36 ratings,36,,True
f2c6b024-a8e8-4e9c-8e69-958b80edd62d,Woolworths Supermarket,"Dairy, Eggs & Fridge",Woolworths Single Leaf Baby Spinach 280g,524336,$5.00,$17.86 / 1KG,https://www.woolworths.com.au/shop/productdetails/524336/woolworths-single-leaf-baby-spinach,https://cdn0.woolworths.media/content/wowproductimages/medium/524336.jpg,2020-09-21 17:27:05,Average product rating out of 5: 4.8. Product score is based on 532 ratings,532,,True
a1bf7cf9-ad1e-45c5-8494-2b007bc007a7,Woolworths Supermarket,"Dairy, Eggs & Fridge",Woolworths Tasty Shredded Cheese 500g,729026,$6.00,$12.00 / 1KG,https://www.woolworths.com.au/shop/productdetails/729026/woolworths-tasty-shredded-cheese,https://cdn0.woolworths.media/content/wowproductimages/medium/729026.jpg,2020-09-21 17:27:05,Average product rating out of 5: 4.6. Product score is based on 500 ratings,500,,True
1a0c22e3-34a3-47e7-ab99-bf87869a4fd3,Woolworths Supermarket,"Dairy, Eggs & Fridge",Hillview Tasty Shredded Cheese 700g,491820,$6.60,$9.43 / 1KG,https://www.woolworths.com.au/shop/productdetails/491820/hillview-tasty-shredded-cheese,https://cdn0.woolworths.media/content/wowproductimages/medium/491820.jpg,2020-09-21 17:27:05,Average product rating out of 5: 4.5. Product score is based on 48 ratings,48,,True
0e2dbf50-2ccb-456f-8e01-06f1c98cc19d,Woolworths Supermarket,"Dairy, Eggs & Fridge",Woolworths Thickened Cream 600ml,048720,$3.00,$0.50 / 100ML,https://www.woolworths.com.au/shop/productdetails/48720/woolworths-thickened-cream,https://cdn0.woolworths.media/content/wowproductimages/medium/048720.jpg,2020-09-21 17:27:05,Average product rating out of 5: 4.8. Product score is based on 740 ratings,740,,True
b634e307-6860-4a0a-ac9b-21896e4b1267,Woolworths Supermarket,"Dairy, Eggs & Fridge",Woolworths Drought Relief Lite Milk 3l,807386,$3.59,$1.20 / 1L,https://www.woolworths.com.au/shop/productdetails/807386/woolworths-drought-relief-lite-milk,https://cdn0.woolworths.media/content/wowproductimages/medium/807386.jpg,2020-09-21 17:27:05,,0,,True
1f6b40ae-80dd-49f0-af0f-bf5297236862,Woolworths Supermarket,"Dairy, Eggs & Fridge",Woolworths Sour Cream 300ml,105609,$2.10,$0.70 / 100ML,https://www.woolworths.com.au/shop/productdetails/105609/woolworths-sour-cream,https://cdn0.woolworths.media/content/wowproductimages/medium/105609.jpg,2020-09-21 17:27:05,Average product rating out of 5: 4.5. Product score is based on 1353 ratings,1353,,True
979032f8-1bca-4b27-b2f8-79f15daa7c39,Woolworths Supermarket,"Dairy, Eggs & Fridge",Woolworths Drought Relief Full Cream Milk 2l,807383,$2.39,$1.20 / 1L,https://www.woolworths.com.au/shop/productdetails/807383/woolworths-drought-relief-full-cream-milk,https://cdn0.woolworths.media/content/wowproductimages/medium/807383.jpg,2020-09-21 17:27:05,Average product rating out of 5: 4.7. Product score is based on 385 ratings,385,,True
f964874c-076d-406b-8fea-ede15a927a31,Woolworths Supermarket,"Dairy, Eggs & Fridge",Woolworths Baby Spinach Salad Bag 60g,379515,$2.00,$33.33 / 1KG,https://www.woolworths.com.au/shop/productdetails/379515/woolworths-baby-spinach-salad-bag,https://cdn0.woolworths.media/content/wowproductimages/medium/379515.jpg,2020-09-21 17:27:05,Average product rating out of 5: 4.7. Product score is based on 725 ratings,725,,True
44e6cace-9e4f-4dc3-bd7a-e1b90829759d,Woolworths Supermarket,"Dairy, Eggs & Fridge",Woolworths Baby Leaf Spinach 120g,524322,$3.00,$25.00 / 1KG,https://www.woolworths.com.au/shop/productdetails/524322/woolworths-baby-leaf-spinach,https://cdn0.woolworths.media/content/wowproductimages/medium/524322.jpg,2020-09-21 17:27:05,Average product rating out of 5: 4.7. Product score is based on 2842 ratings,2842,,True
321d49d3-20bb-4d4a-ac55-feaf36eaacbf,Woolworths Supermarket,"Dairy, Eggs & Fridge",Hillview Cheese Block 1kg,500187,$8.00,$8.00 / 1KG,https://www.woolworths.com.au/shop/productdetails/500187/hillview-cheese-block,https://cdn0.woolworths.media/content/wowproductimages/medium/500187.jpg,2020-09-21 17:27:05,Average product rating out of 5: 4.5. Product score is based on 66 ratings,66,,True
e6ac6de3-1a0d-41cd-939a-12c1428126b5,Woolworths Supermarket,"Dairy, Eggs & Fridge",Just 4 You 12 Extra Large Caged Eggs 700g,893974,$3.50,$0.50 / 100G,https://www.woolworths.com.au/shop/productdetails/893974/just-4-you-12-extra-large-caged-eggs,https://cdn0.woolworths.media/content/wowproductimages/medium/893974.jpg,2020-09-21 17:27:05,,0,,True
cd9f0840-0c72-4e5b-afe1-915cb8fb2b5e,Woolworths Supermarket,"Dairy, Eggs & Fridge",Almond Breeze Unsweetened Almond Milk 1l,761604,$2.50,$2.50 / 1L,https://www.woolworths.com.au/shop/productdetails/761604/almond-breeze-unsweetened-almond-milk,https://cdn0.woolworths.media/content/wowproductimages/medium/761604.jpg,2020-09-21 17:27:05,,0,Was $3.25 13/03/2017,True
cee6fef6-4a19-4b53-8f2f-eedfc5f43930,Woolworths Supermarket,"Dairy, Eggs & Fridge",Woolworths Thickened Cream 300ml,044317,$1.90,$0.63 / 100ML,https://www.woolworths.com.au/shop/productdetails/44317/woolworths-thickened-cream,https://cdn0.woolworths.media/content/wowproductimages/medium/044317.jpg,2020-09-21 17:27:05,Average product rating out of 5: 4.9. Product score is based on 629 ratings,629,,True
9f63634b-9603-4a8c-82ab-b1fdbb38f65b,Woolworths Supermarket,"Dairy, Eggs & Fridge",Woolworths Drought Relief Full Cream Milk 3l,807384,$3.59,$1.20 / 1L,https://www.woolworths.com.au/shop/productdetails/807384/woolworths-drought-relief-full-cream-milk,https://cdn0.woolworths.media/content/wowproductimages/medium/807384.jpg,2020-09-21 17:27:05,,0,,True
bbe47105-8a03-44fb-bd65-053f9086b66d,Woolworths Supermarket,"Dairy, Eggs & Fridge",South Cape Apricot & Almond Cream Cheese 200g,312793,$4.60,$23.00 / 1KG,https://www.woolworths.com.au/shop/productdetails/312793/south-cape-apricot-almond-cream-cheese,https://cdn0.woolworths.media/content/wowproductimages/medium/312793.jpg,2020-09-21 17:27:05,,0,,True
568d9968-651a-4c21-9dcd-634e15d82b45,Woolworths Supermarket,"Dairy, Eggs & Fridge",South Cape Herb & Garlic Cream Cheese 200g,312798,$4.60,$23.00 / 1KG,https://www.woolworths.com.au/shop/productdetails/312798/south-cape-herb-garlic-cream-cheese,https://cdn0.woolworths.media/content/wowproductimages/medium/312798.jpg,2020-09-21 17:27:05,,0,,True
9b7ae37f-71c3-4f6e-924a-d65fc8d365ac,Woolworths Supermarket,"Dairy, Eggs & Fridge",South Cape Onion & Chives Cream Cheese 200g,312799,$4.60,$23.00 / 1KG,https://www.woolworths.com.au/shop/productdetails/312799/south-cape-onion-chives-cream-cheese,https://cdn0.woolworths.media/content/wowproductimages/medium/312799.jpg,2020-09-21 17:27:05,,0,,True
c7ab2638-a74a-4944-9a4a-142e00dabbf8,Woolworths Supermarket,"Dairy, Eggs & Fridge",South Cape Cracked Pepper Cream Cheese 200g,312801,$4.60,$23.00 / 1KG,https://www.woolworths.com.au/shop/productdetails/312801/south-cape-cracked-pepper-cream-cheese,https://cdn0.woolworths.media/content/wowproductimages/medium/312801.jpg,2020-09-21 17:27:05,,0,,True
01ccd58c-3800-45ce-838a-71cb46e41b28,Woolworths Supermarket,"Dairy, Eggs & Fridge",Manning Valley 12 Extra Large Free Range Eggs 700g,313900,$6.40,$0.91 / 100G,https://www.woolworths.com.au/shop/productdetails/313900/manning-valley-12-extra-large-free-range-eggs,https://cdn0.woolworths.media/content/wowproductimages/medium/313900.jpg,2020-09-21 17:27:05,,0,,True
895b43ab-6cfc-431b-8c40-07d8c988fbca,Woolworths Supermarket,"Dairy, Eggs & Fridge",Maggie Beer Plum Paste Plum 100g,314278,$6.00,$60.00 / 1KG,https://www.woolworths.com.au/shop/productdetails/314278/maggie-beer-plum-paste-plum,https://cdn0.woolworths.media/content/wowproductimages/medium/314278.jpg,2020-09-21 17:27:05,,0,,True
67239cb9-6af2-4578-b97c-e06e8122aae4,Woolworths Supermarket,"Dairy, Eggs & Fridge",Woolworths Fine Cut Coleslaw 300g,315670,$3.00,$10.00 / 1KG,https://www.woolworths.com.au/shop/productdetails/315670/woolworths-fine-cut-coleslaw,https://cdn0.woolworths.media/content/wowproductimages/medium/315670.jpg,2020-09-21 17:27:05,Average product rating out of 5: 4.4. Product score is based on 746 ratings,746,,True
95b0c507-519d-4de0-ad1a-1f729721a23c,Woolworths Supermarket,"Dairy, Eggs & Fridge",Meredith Dairy Plain Goats Cheese 150g,316043,$9.00,$60.00 / 1KG,https://www.woolworths.com.au/shop/productdetails/316043/meredith-dairy-plain-goats-cheese,https://cdn0.woolworths.media/content/wowproductimages/medium/316043.jpg,2020-09-21 17:27:05,,0,,True
fa7251df-d305-489f-ad6d-627f2c34e374,Woolworths Supermarket,"Dairy, Eggs & Fridge",Steggles Pastry Chicken Enchilada Mexican 500g,317090,$8.00,$16.00 / 1KG,https://www.woolworths.com.au/shop/productdetails/317090/steggles-pastry-chicken-enchilada-mexican,https://cdn0.woolworths.media/content/wowproductimages/medium/317090.jpg,2020-09-21 17:27:05,,0,,True
9edc322f-f1fd-445f-8c28-59ba32cdb948,Woolworths Supermarket,"Dairy, Eggs & Fridge",Woolworths Baby Leaf Salad With Beetroot Bag 180g,317566,$4.00,$22.22 / 1KG,https://www.woolworths.com.au/shop/productdetails/317566/woolworths-baby-leaf-salad-with-beetroot-bag,https://cdn0.woolworths.media/content/wowproductimages/medium/317566.jpg,2020-09-21 17:27:05,Average product rating out of 5: 4.4. Product score is based on 230 ratings,230,,True
b4d0a93b-9321-41ff-9a7d-b5558e1a29ef,Woolworths Supermarket,"Dairy, Eggs & Fridge",Nuttelex Olive Table Spread 500g,320268,$3.20,$0.64 / 100G,https://www.woolworths.com.au/shop/productdetails/320268/nuttelex-olive-table-spread,https://cdn0.woolworths.media/content/wowproductimages/medium/320268.jpg,2020-09-21 17:27:05,,0,,True
da375c27-0abd-4774-b0e8-14865818b900,Woolworths Supermarket,"Dairy, Eggs & Fridge",Leggos Ravioli Beef Tomato & Parmesan 630g,321800,$4.00,$0.63 / 100G,https://www.woolworths.com.au/shop/productdetails/321800/leggos-ravioli-beef-tomato-parmesan,https://cdn0.woolworths.media/content/wowproductimages/medium/321800.jpg,2020-09-21 17:27:05,,0,,True
fd855a14-1bc6-4e77-ae8e-153b1015aeb1,Woolworths Supermarket,"Dairy, Eggs & Fridge",Leggos Tortellini Ricotta & Roast Veg 630g,321815,$4.00,$0.63 / 100G,https://www.woolworths.com.au/shop/productdetails/321815/leggos-tortellini-ricotta-roast-veg,https://cdn0.woolworths.media/content/wowproductimages/medium/321815.jpg,2020-09-21 17:27:05,,0,,True
a343d9d5-18d2-4241-bcf0-11d419d6f571,Woolworths Supermarket,"Dairy, Eggs & Fridge",Leggos Ravioli Beef Tomato & Parmesan 360g,321835,$4.50,$1.25 / 100G,https://www.woolworths.com.au/shop/productdetails/321835/leggos-ravioli-beef-tomato-parmesan,https://cdn0.woolworths.media/content/wowproductimages/medium/321835.jpg,2020-09-21 17:27:05,,0,,True
561a3535-eb6f-4dd6-9a27-d92a364eb6b4,Woolworths Supermarket,"Dairy, Eggs & Fridge",Yumi's Traditional Middle Eastern Hommus Dip 200g,323081,$4.00,$2.00 / 100G,https://www.woolworths.com.au/shop/productdetails/323081/yumi-s-traditional-middle-eastern-hommus-dip,https://cdn0.woolworths.media/content/wowproductimages/medium/323081.jpg,2020-09-21 17:27:05,,0,,True
ff690840-1b25-4ea0-8fef-3c69c8aa1fc4,Woolworths Supermarket,"Dairy, Eggs & Fridge",Willow Farm Dip Tzatziki 200g,323309,$2.00,$1.00 / 100G,https://www.woolworths.com.au/shop/productdetails/323309/willow-farm-dip-tzatziki,https://cdn0.woolworths.media/content/wowproductimages/medium/323309.jpg,2020-09-21 17:27:05,,0,,True
eee99c66-49d6-4c12-b68a-2eae8dadffc9,Woolworths Supermarket,"Dairy, Eggs & Fridge",Willow Farm Dip Hommus 200g,323320,$2.00,$1.00 / 100G,https://www.woolworths.com.au/shop/productdetails/323320/willow-farm-dip-hommus,https://cdn0.woolworths.media/content/wowproductimages/medium/323320.jpg,2020-09-21 17:27:05,,0,,True
ae4d407e-c8b7-447b-892c-bec726bf9488,Woolworths Supermarket,"Dairy, Eggs & Fridge",Willow Farm Dip French Onion 200g,323321,$2.00,$1.00 / 100G,https://www.woolworths.com.au/shop/productdetails/323321/willow-farm-dip-french-onion,https://cdn0.woolworths.media/content/wowproductimages/medium/323321.jpg,2020-09-21 17:27:05,,0,,True
16e1bae4-ce5b-4ddc-a5d0-b58c0a16f272,Woolworths Supermarket,"Dairy, Eggs & Fridge",Dare Mocha Iced Coffee 500ml,323328,$2.60,$5.20 / 1L,https://www.woolworths.com.au/shop/productdetails/323328/dare-mocha-iced-coffee,https://cdn0.woolworths.media/content/wowproductimages/medium/323328.jpg,2020-09-21 17:27:05,,0,,True
e4de2122-1eb7-4d3e-ba4e-955ee4d8986e,Woolworths Supermarket,"Dairy, Eggs & Fridge",Frico Mild Edam Cheese Wedge 230g,323951,$7.50,$32.61 / 1KG,https://www.woolworths.com.au/shop/productdetails/323951/frico-mild-edam-cheese-wedge,https://cdn0.woolworths.media/content/wowproductimages/medium/323951.jpg,2020-09-21 17:27:05,,0,,True
45ca38ce-ccbf-4a41-a0d1-3a9950e9f534,Woolworths Supermarket,"Dairy, Eggs & Fridge",Frico Dutch Smoked Cheese 150g,323959,$6.20,$41.33 / 1KG,https://www.woolworths.com.au/shop/productdetails/323959/frico-dutch-smoked-cheese,https://cdn0.woolworths.media/content/wowproductimages/medium/323959.jpg,2020-09-21 17:27:05,,0,,True
82043437-8118-4f71-9eae-c346ee140491,Woolworths Supermarket,"Dairy, Eggs & Fridge",Frico Mild Goats Cheese Wedge 230g,323963,$11.00,$47.83 / 1KG,https://www.woolworths.com.au/shop/productdetails/323963/frico-mild-goats-cheese-wedge,https://cdn0.woolworths.media/content/wowproductimages/medium/323963.jpg,2020-09-21 17:27:05,,0,,True
7a074672-b844-4542-b10e-7507bcc6ac6a,Woolworths Supermarket,"Dairy, Eggs & Fridge",Zanetti Firm Parmigiano Reggiano 200g,324006,$11.00,$55.00 / 1KG,https://www.woolworths.com.au/shop/productdetails/324006/zanetti-firm-parmigiano-reggiano,https://cdn0.woolworths.media/content/wowproductimages/medium/324006.jpg,2020-09-21 17:27:05,,0,,True
5682019a-4848-4459-866d-5ec2ddb6bfab,Woolworths Supermarket,"Dairy, Eggs & Fridge",Zanetti Firm Parmesan Cheese Grana Padano 200g,324007,$9.00,$45.00 / 1KG,https://www.woolworths.com.au/shop/productdetails/324007/zanetti-firm-parmesan-cheese-grana-padano,https://cdn0.woolworths.media/content/wowproductimages/medium/324007.jpg,2020-09-21 17:27:05,,0,,True
af6516fb-ab49-4573-abb8-334486931eca,Woolworths Supermarket,"Dairy, Eggs & Fridge",Perfect Italiano Shaved Parmesan 125g,360904,$3.25,$26.00 / 1KG,https://www.woolworths.com.au/shop/productdetails/360904/perfect-italiano-shaved-parmesan,https://cdn0.woolworths.media/content/wowproductimages/medium/360904.jpg,2020-09-21 17:27:05,,0,,True
6e00f32e-25b7-49b9-8379-5dc916241739,Woolworths Supermarket,"Dairy, Eggs & Fridge",Woolworths Uht Full Cream Milk 1l,748595,$1.25,$1.25 / 1L,https://www.woolworths.com.au/shop/productdetails/748595/woolworths-uht-full-cream-milk,https://cdn0.woolworths.media/content/wowproductimages/medium/748595.jpg,2020-09-21 17:27:05,Average product rating out of 5: 4.9. Product score is based on 36 ratings,36,,True
9e1f0338-26af-4c0f-aac2-5a19f2ed4dc4,Woolworths Supermarket,"Dairy, Eggs & Fridge",Woolworths Mozzarella Shredded Cheese 500g,728983,$6.00,$12.00 / 1KG,https://www.woolworths.com.au/shop/productdetails/728983/woolworths-mozzarella-shredded-cheese,https://cdn0.woolworths.media/content/wowproductimages/medium/728983.jpg,2020-09-21 17:27:05,Average product rating out of 5: 4.5. Product score is based on 469 ratings,469,,True
cd75ab66-3817-4255-9b8e-0eb64e46fac3,Woolworths Supermarket,"Dairy, Eggs & Fridge",Almond Breeze Unsweetened Almond Milk 1l,761604,$2.50,$2.50 / 1L,https://www.woolworths.com.au/shop/productdetails/761604/almond-breeze-unsweetened-almond-milk,https://cdn0.woolworths.media/content/wowproductimages/medium/761604.jpg,2020-09-21 17:27:05,,0,Was $3.25 13/03/2017,True
9723e3cd-4400-4847-b44b-a994624e4e0a,Woolworths Supermarket,"Dairy, Eggs & Fridge",Hillview Tasty Shredded Cheese 700g,491820,$6.60,$9.43 / 1KG,https://www.woolworths.com.au/shop/productdetails/491820/hillview-tasty-shredded-cheese,https://cdn0.woolworths.media/content/wowproductimages/medium/491820.jpg,2020-09-21 17:27:05,Average product rating out of 5: 4.5. Product score is based on 48 ratings,48,,True
543716b9-5418-4203-888f-74762e719262,Woolworths Supermarket,"Dairy, Eggs & Fridge",Woolworths Drought Relief Lite Milk 3l,807386,$3.59,$1.20 / 1L,https://www.woolworths.com.au/shop/productdetails/807386/woolworths-drought-relief-lite-milk,https://cdn0.woolworths.media/content/wowproductimages/medium/807386.jpg,2020-09-21 17:27:05,,0,,True
4d380915-acf0-4814-9832-cee250882d07,Woolworths Supermarket,"Dairy, Eggs & Fridge",Woolworths Drought Relief Full Cream Milk 2l,807383,$2.39,$1.20 / 1L,https://www.woolworths.com.au/shop/productdetails/807383/woolworths-drought-relief-full-cream-milk,https://cdn0.woolworths.media/content/wowproductimages/medium/807383.jpg,2020-09-21 17:27:05,Average product rating out of 5: 4.7. Product score is based on 385 ratings,385,,True
c11d5a5e-9b1e-4e41-a8fc-47199de0101a,Woolworths Supermarket,"Dairy, Eggs & Fridge",Woolworths Tasty Shredded Cheese 500g,729026,$6.00,$12.00 / 1KG,https://www.woolworths.com.au/shop/productdetails/729026/woolworths-tasty-shredded-cheese,https://cdn0.woolworths.media/content/wowproductimages/medium/729026.jpg,2020-09-21 17:27:05,Average product rating out of 5: 4.6. Product score is based on 500 ratings,500,,True
37012f75-6ceb-4992-b511-4bc92fc4f37a,Woolworths Supermarket,"Dairy, Eggs & Fridge",Hillview Cheese Block 1kg,500187,$8.00,$8.00 / 1KG,https://www.woolworths.com.au/shop/productdetails/500187/hillview-cheese-block,https://cdn0.woolworths.media/content/wowproductimages/medium/500187.jpg,2020-09-21 17:27:05,Average product rating out of 5: 4.5. Product score is based on 66 ratings,66,,True
fbf01ba2-7214-4ce9-9a3e-53fe388a91c5,Woolworths Supermarket,"Dairy, Eggs & Fridge",Western Star Original Spreadable 500g,069756,$6.00,$1.20 / 100G,https://www.woolworths.com.au/shop/productdetails/69756/western-star-original-spreadable,https://cdn0.woolworths.media/content/wowproductimages/medium/069756.jpg,2020-09-21 17:27:05,,0,,True
68dcdbb0-aca2-4b98-9b37-6249e688e657,Woolworths Supermarket,"Dairy, Eggs & Fridge",Woolworths Drought Relief Full Cream Milk 3l,807384,$3.59,$1.20 / 1L,https://www.woolworths.com.au/shop/productdetails/807384/woolworths-drought-relief-full-cream-milk,https://cdn0.woolworths.media/content/wowproductimages/medium/807384.jpg,2020-09-21 17:27:05,,0,,True
cdc4eff5-9d11-4d7a-a93d-3311f4b5ccc3,Woolworths Supermarket,"Dairy, Eggs & Fridge",Woolworths Sour Cream 300ml,105609,$2.10,$0.70 / 100ML,https://www.woolworths.com.au/shop/productdetails/105609/woolworths-sour-cream,https://cdn0.woolworths.media/content/wowproductimages/medium/105609.jpg,2020-09-21 17:27:05,Average product rating out of 5: 4.5. Product score is based on 1353 ratings,1353,,True
a2cbef44-3f8b-4f27-9a4e-d7968b5885ba,Woolworths Supermarket,"Dairy, Eggs & Fridge",Woolworths Baby Spinach Salad Bag 60g,379515,$2.00,$33.33 / 1KG,https://www.woolworths.com.au/shop/productdetails/379515/woolworths-baby-spinach-salad-bag,https://cdn0.woolworths.media/content/wowproductimages/medium/379515.jpg,2020-09-21 17:27:05,Average product rating out of 5: 4.7. Product score is based on 725 ratings,725,,True
6e39deb2-eb29-49cc-b5bf-4ae5c956a5a6,Woolworths Supermarket,"Dairy, Eggs & Fridge",Woolworths Drought Relief Lite Milk 2l,807385,$2.39,$1.20 / 1L,https://www.woolworths.com.au/shop/productdetails/807385/woolworths-drought-relief-lite-milk,https://cdn0.woolworths.media/content/wowproductimages/medium/807385.jpg,2020-09-21 17:27:05,,0,,True
22777320-1243-4c92-9e24-c3938ba92dfb,Woolworths Supermarket,"Dairy, Eggs & Fridge",Woolworths Baby Leaf Spinach 120g,524322,$3.00,$25.00 / 1KG,https://www.woolworths.com.au/shop/productdetails/524322/woolworths-baby-leaf-spinach,https://cdn0.woolworths.media/content/wowproductimages/medium/524322.jpg,2020-09-21 17:27:05,Average product rating out of 5: 4.7. Product score is based on 2842 ratings,2842,,True
ef125341-65cc-4f89-9eed-721f175421c1,Woolworths Supermarket,"Dairy, Eggs & Fridge",Woolworths Single Leaf Baby Spinach 280g,524336,$5.00,$17.86 / 1KG,https://www.woolworths.com.au/shop/productdetails/524336/woolworths-single-leaf-baby-spinach,https://cdn0.woolworths.media/content/wowproductimages/medium/524336.jpg,2020-09-21 17:27:05,Average product rating out of 5: 4.8. Product score is based on 532 ratings,532,,True
cea190c0-dd12-48dc-bf6e-3c3645960270,Woolworths Supermarket,"Dairy, Eggs & Fridge",Woolworths Thickened Cream 600ml,048720,$3.00,$0.50 / 100ML,https://www.woolworths.com.au/shop/productdetails/48720/woolworths-thickened-cream,https://cdn0.woolworths.media/content/wowproductimages/medium/048720.jpg,2020-09-21 17:27:05,Average product rating out of 5: 4.8. Product score is based on 740 ratings,740,,True
4b52c8b9-5c56-4ac6-8211-f0a2eadf2115,Woolworths Supermarket,"Dairy, Eggs & Fridge",Woolworths Thickened Cream 300ml,044317,$1.90,$0.63 / 100ML,https://www.woolworths.com.au/shop/productdetails/44317/woolworths-thickened-cream,https://cdn0.woolworths.media/content/wowproductimages/medium/044317.jpg,2020-09-21 17:27:05,Average product rating out of 5: 4.9. Product score is based on 629 ratings,629,,True
d6a33bf7-02e7-4122-ace6-b208e8f826a2,Woolworths Supermarket,"Dairy, Eggs & Fridge",Just 4 You 12 Extra Large Caged Eggs 700g,893974,$3.50,$0.50 / 100G,https://www.woolworths.com.au/shop/productdetails/893974/just-4-you-12-extra-large-caged-eggs,https://cdn0.woolworths.media/content/wowproductimages/medium/893974.jpg,2020-09-21 17:27:05,,0,,True
568a8e0a-e9de-4af0-ab14-216b56564e38,Woolworths Supermarket,"Dairy, Eggs & Fridge",Perfect Italiano Extra Sharp Grated Parmesan 125g,302306,$3.25,$26.00 / 1KG,https://www.woolworths.com.au/shop/productdetails/302306/perfect-italiano-extra-sharp-grated-parmesan,https://cdn0.woolworths.media/content/wowproductimages/medium/302306.jpg,2020-09-21 17:27:05,,0,,True
463bd9cd-da55-4bea-8eea-74b2df45c586,Woolworths Supermarket,"Dairy, Eggs & Fridge",Woolworths Natural Greek Style Yoghurt 500g,324515,$3.00,$0.60 / 100G,https://www.woolworths.com.au/shop/productdetails/324515/woolworths-natural-greek-style-yoghurt,https://cdn0.woolworths.media/content/wowproductimages/medium/324515.jpg,2020-09-21 17:27:05,,0,,True
afa308e3-98b3-47c3-a05b-e9a14e9db0fa,Woolworths Supermarket,"Dairy, Eggs & Fridge",Essentials Parmesan Cheese 100g,325134,$1.60,$16.00 / 1KG,https://www.woolworths.com.au/shop/productdetails/325134/essentials-parmesan-cheese,https://cdn0.woolworths.media/content/wowproductimages/medium/325134.jpg,2020-09-21 17:27:05,Average product rating out of 5: 3.8. Product score is based on 254 ratings,254,,True
cbf033bb-549d-4f57-af5e-bb467ea13ab9,Woolworths Supermarket,"Dairy, Eggs & Fridge",Lurpak Spreadable Unsalted Butter Unsalted Blend 250g,325824,$5.00,$2.00 / 100G,https://www.woolworths.com.au/shop/productdetails/325824/lurpak-spreadable-unsalted-butter-unsalted-blend,https://cdn0.woolworths.media/content/wowproductimages/medium/325824.jpg,2020-09-21 17:27:05,,0,Was $6.00 17/04/2018,True
aa4ba29a-9c95-46ee-961d-b43fdda5434e,Woolworths Supermarket,"Dairy, Eggs & Fridge",Two Spoons Junket Tablets 9g,327970,$3.20,$35.56 / 100G,https://www.woolworths.com.au/shop/productdetails/327970/two-spoons-junket-tablets,https://cdn0.woolworths.media/content/wowproductimages/medium/327970.jpg,2020-09-21 17:27:05,,0,,True
30c82431-248a-4f6e-98c9-8743e9809985,Woolworths Supermarket,"Dairy, Eggs & Fridge",Meredith Dairy Goats Cheese Ash Cheese 150g,330226,$9.00,$60.00 / 1KG,https://www.woolworths.com.au/shop/productdetails/330226/meredith-dairy-goats-cheese-ash-cheese,https://cdn0.woolworths.media/content/wowproductimages/medium/330226.jpg,2020-09-21 17:27:05,,0,,True
a64e44a5-b288-4aac-80fa-457007bad026,Woolworths Supermarket,"Dairy, Eggs & Fridge",Meredith Dairy Dill Cheese 150g,330227,$9.00,$60.00 / 1KG,https://www.woolworths.com.au/shop/productdetails/330227/meredith-dairy-dill-cheese,https://cdn0.woolworths.media/content/wowproductimages/medium/330227.jpg,2020-09-21 17:27:05,,0,,True
c4d38a3f-60c9-4034-ba9e-64b85626da2b,Woolworths Supermarket,"Dairy, Eggs & Fridge",Dairy Farmers Heart Active Light Milk 1l,330251,$3.20,$3.20 / 1L,https://www.woolworths.com.au/shop/productdetails/330251/dairy-farmers-heart-active-light-milk,https://cdn0.woolworths.media/content/wowproductimages/medium/330251.jpg,2020-09-21 17:27:05,,0,,True
bbc620c2-7125-4963-a1b4-76166f57d379,Woolworths Supermarket,"Dairy, Eggs & Fridge",Vaalia Kids Yoghurt Pouch Vanilla 140g,331445,$1.70,$1.21 / 100G,https://www.woolworths.com.au/shop/productdetails/331445/vaalia-kids-yoghurt-pouch-vanilla,https://cdn0.woolworths.media/content/wowproductimages/medium/331445.jpg,2020-09-21 17:27:05,,0,,True
b45a79fe-7075-4c6d-88f4-932aba0a3eb4,Woolworths Supermarket,"Dairy, Eggs & Fridge",Vaalia Kids Yoghurt Pouch Strawberry 140g,331448,$1.70,$1.21 / 100G,https://www.woolworths.com.au/shop/productdetails/331448/vaalia-kids-yoghurt-pouch-strawberry,https://cdn0.woolworths.media/content/wowproductimages/medium/331448.jpg,2020-09-21 17:27:05,,0,,True
e0199b70-d881-47b3-a276-7a6ac63ec99f,Woolworths Supermarket,"Dairy, Eggs & Fridge",Pauls Double Thick French Vanilla Custard 900g,331450,$5.30,$0.59 / 100G,https://www.woolworths.com.au/shop/productdetails/331450/pauls-double-thick-french-vanilla-custard,https://cdn0.woolworths.media/content/wowproductimages/medium/331450.jpg,2020-09-21 17:27:05,,0,,True
44779ba2-c8fd-4d0b-b45c-29b4bf9b02f5,Woolworths Supermarket,"Dairy, Eggs & Fridge",Margaret River Dairy Company Original Club Cheddar Cheese 150g,331683,$6.15,$41.00 / 1KG,https://www.woolworths.com.au/shop/productdetails/331683/margaret-river-dairy-company-original-club-cheddar-cheese,https://cdn0.woolworths.media/content/wowproductimages/medium/331683.jpg,2020-09-21 17:27:05,,0,,True
d3c76747-f6de-478c-a278-0b844bc0938f,Woolworths Supermarket,"Dairy, Eggs & Fridge",Chrystal Fresh Cheese Board Selection 275g,331692,$9.00,$32.73 / 1KG,https://www.woolworths.com.au/shop/productdetails/331692/chrystal-fresh-cheese-board-selection,https://cdn0.woolworths.media/content/wowproductimages/medium/331692.jpg,2020-09-21 17:27:05,,0,,True
165986a9-7428-4b96-a48c-3b53456a186a,Woolworths Supermarket,"Dairy, Eggs & Fridge",King Island Cheddar Cheese 170g,331719,$9.35,$55.00 / 1KG,https://www.woolworths.com.au/shop/productdetails/331719/king-island-cheddar-cheese,https://cdn0.woolworths.media/content/wowproductimages/medium/331719.jpg,2020-09-21 17:27:05,,0,,True
c6f0c7be-8753-4445-b012-51b4784a3e17,Woolworths Supermarket,"Dairy, Eggs & Fridge",King Island Smoked Cheddar Cheese 170g,331721,$9.35,$55.00 / 1KG,https://www.woolworths.com.au/shop/productdetails/331721/king-island-smoked-cheddar-cheese,https://cdn0.woolworths.media/content/wowproductimages/medium/331721.jpg,2020-09-21 17:27:05,,0,,True
ddfca6fd-2dd9-4a9e-bb06-2c3827fcddcc,Woolworths Supermarket,"Dairy, Eggs & Fridge",South Cape Club Cheddar Vintage Cheese 140g,331770,$5.00,$35.71 / 1KG,https://www.woolworths.com.au/shop/productdetails/331770/south-cape-club-cheddar-vintage-cheese,https://cdn0.woolworths.media/content/wowproductimages/medium/331770.jpg,2020-09-21 17:27:05,,0,Was $6.00 14/05/2018,True
8db85e5d-5287-4aa6-87dc-d6d11241defb,Woolworths Supermarket,"Dairy, Eggs & Fridge",South Cape Smoked Applebox Club Cheddar Vintage Cheese 140g,331773,$5.00,$35.71 / 1KG,https://www.woolworths.com.au/shop/productdetails/331773/south-cape-smoked-applebox-club-cheddar-vintage-cheese,https://cdn0.woolworths.media/content/wowproductimages/medium/331773.jpg,2020-09-21 17:27:05,,0,Was $6.00 14/05/2018,True
30f519e0-3e0a-49f3-8579-6a7a4c488deb,Woolworths Supermarket,"Dairy, Eggs & Fridge",South Cape Entertaining Platter 4 Cheese Selections 435g,331791,$16.80,$38.62 / 1KG,https://www.woolworths.com.au/shop/productdetails/331791/south-cape-entertaining-platter-4-cheese-selections,https://cdn0.woolworths.media/content/wowproductimages/medium/331791.jpg,2020-09-21 17:27:05,,0,,True
9efc0112-cc4e-42d5-a98c-0378de66e3e0,Woolworths Supermarket,"Dairy, Eggs & Fridge",Jalna Greek Yoghurt 1kg,331963,$7.50,$0.75 / 100G,https://www.woolworths.com.au/shop/productdetails/331963/jalna-greek-yoghurt,https://cdn0.woolworths.media/content/wowproductimages/medium/331963.jpg,2020-09-21 17:27:05,,0,,True
9dc34551-d536-4f35-80ae-65fbddbfc36a,Woolworths Supermarket,"Dairy, Eggs & Fridge",Devondale Shredded Mozzarella Cheese 600g,334934,$7.50,$12.50 / 1KG,https://www.woolworths.com.au/shop/productdetails/334934/devondale-shredded-mozzarella-cheese,https://cdn0.woolworths.media/content/wowproductimages/medium/334934.jpg,2020-09-21 17:27:05,,0,,True
4432de62-b3f7-4320-b259-413e00b1cde9,Woolworths Supermarket,"Dairy, Eggs & Fridge",Tasmanian Heritage Triple Cream Oval Cheese 125g,334936,$4.00,$32.00 / 1KG,https://www.woolworths.com.au/shop/productdetails/334936/tasmanian-heritage-triple-cream-oval-cheese,https://cdn0.woolworths.media/content/wowproductimages/medium/334936.jpg,2020-09-21 17:27:05,,0,,True
0cc39275-d6d5-41b3-bd40-7727fc197fd2,Woolworths Supermarket,"Dairy, Eggs & Fridge",Pauls Zymil Low Fat Milk 2l,335284,$5.60,$2.80 / 1L,https://www.woolworths.com.au/shop/productdetails/335284/pauls-zymil-low-fat-milk,https://cdn0.woolworths.media/content/wowproductimages/medium/335284.jpg,2020-09-21 17:27:05,,0,,True
b1af4028-459c-4d11-b119-0f5c81492f7c,Woolworths Supermarket,"Dairy, Eggs & Fridge",Latina Fresh Roast Chicken & Garlic Ravioli 625g,335534,$8.00,$1.28 / 100G,https://www.woolworths.com.au/shop/productdetails/335534/latina-fresh-roast-chicken-garlic-ravioli,https://cdn0.woolworths.media/content/wowproductimages/medium/335534.jpg,2020-09-21 17:27:05,,0,,True
90a72863-52a8-4bff-96a5-57f0c0e3e7ee,Woolworths Supermarket,"Dairy, Eggs & Fridge",Woolworths Asian Salad Tub 250g,338087,$6.00,$24.00 / 1KG,https://www.woolworths.com.au/shop/productdetails/338087/woolworths-asian-salad-tub,https://cdn0.woolworths.media/content/wowproductimages/medium/338087.jpg,2020-09-21 17:27:05,Average product rating out of 5: 4.2. Product score is based on 298 ratings,298,,True
a5f28b00-f170-47d9-9be3-f62e8a7e5347,Woolworths Supermarket,"Dairy, Eggs & Fridge",Yumi's Traditional Middle Eastern Hommus Dip 1kg,339939,$7.00,$0.70 / 100G,https://www.woolworths.com.au/shop/productdetails/339939/yumi-s-traditional-middle-eastern-hommus-dip,https://cdn0.woolworths.media/content/wowproductimages/medium/339939.jpg,2020-09-21 17:27:05,,0,,True
77120898-566e-4586-9669-853c08c673d6,Woolworths Supermarket,"Dairy, Eggs & Fridge",Coon Cheese Slices Tasty 750g,187899,$10.00,$13.33 / 1KG,https://www.woolworths.com.au/shop/productdetails/187899/coon-cheese-slices-tasty,https://cdn0.woolworths.media/content/wowproductimages/medium/187899.jpg,2020-09-21 17:27:05,,0,Was $12.00 07/07/2020,True
1b4d939c-83e8-480f-9f3d-96b550f256c2,Woolworths Supermarket,"Dairy, Eggs & Fridge",Woolworths Thickened Cream 600ml,048720,$3.00,$0.50 / 100ML,https://www.woolworths.com.au/shop/productdetails/48720/woolworths-thickened-cream,https://cdn0.woolworths.media/content/wowproductimages/medium/048720.jpg,2020-09-21 17:27:05,Average product rating out of 5: 4.8. Product score is based on 740 ratings,740,,True
4407a89e-1652-4066-b0b3-7d1824d985a0,Woolworths Supermarket,"Dairy, Eggs & Fridge",Flora Proactiv Margarine Buttery 750g,763453,$10.00,$1.33 / 100G,https://www.woolworths.com.au/shop/productdetails/763453/flora-proactiv-margarine-buttery,https://cdn0.woolworths.media/content/wowproductimages/medium/763453.jpg,2020-09-21 17:27:05,,0,,True
4eee2434-bc83-4444-b99e-1aef4e298d15,Woolworths Supermarket,"Dairy, Eggs & Fridge",Woolworths Baby Leaf Spinach 120g,524322,$3.00,$25.00 / 1KG,https://www.woolworths.com.au/shop/productdetails/524322/woolworths-baby-leaf-spinach,https://cdn0.woolworths.media/content/wowproductimages/medium/524322.jpg,2020-09-21 17:27:05,Average product rating out of 5: 4.7. Product score is based on 2842 ratings,2842,,True
a4bea324-ec52-4e16-9dcd-46b4d0c11ba0,Woolworths Supermarket,"Dairy, Eggs & Fridge",Woolworths Single Leaf Baby Spinach 280g,524336,$5.00,$17.86 / 1KG,https://www.woolworths.com.au/shop/productdetails/524336/woolworths-single-leaf-baby-spinach,https://cdn0.woolworths.media/content/wowproductimages/medium/524336.jpg,2020-09-21 17:27:05,Average product rating out of 5: 4.8. Product score is based on 532 ratings,532,,True
75c7114d-ac3c-4271-8b90-87e9bcaa70c2,Woolworths Supermarket,"Dairy, Eggs & Fridge",Almond Breeze Unsweetened Almond Milk 1l,761604,$2.50,$2.50 / 1L,https://www.woolworths.com.au/shop/productdetails/761604/almond-breeze-unsweetened-almond-milk,https://cdn0.woolworths.media/content/wowproductimages/medium/761604.jpg,2020-09-21 17:27:05,,0,Was $3.25 13/03/2017,True
9a279048-b3d4-49ab-a9d7-282ab1680765,Woolworths Supermarket,"Dairy, Eggs & Fridge",Western Star Original Spreadable 500g,069756,$6.00,$1.20 / 100G,https://www.woolworths.com.au/shop/productdetails/69756/western-star-original-spreadable,https://cdn0.woolworths.media/content/wowproductimages/medium/069756.jpg,2020-09-21 17:27:05,,0,,True
8f756cef-a99d-499b-b76f-6e758cbce623,Woolworths Supermarket,"Dairy, Eggs & Fridge",Woolworths Drought Relief Full Cream Milk 3l,807384,$3.59,$1.20 / 1L,https://www.woolworths.com.au/shop/productdetails/807384/woolworths-drought-relief-full-cream-milk,https://cdn0.woolworths.media/content/wowproductimages/medium/807384.jpg,2020-09-21 17:27:05,,0,,True
4924a038-1daf-46c3-96ff-e7da50cf8d5b,Woolworths Supermarket,"Dairy, Eggs & Fridge",Woolworths Tasty Shredded Cheese 500g,729026,$6.00,$12.00 / 1KG,https://www.woolworths.com.au/shop/productdetails/729026/woolworths-tasty-shredded-cheese,https://cdn0.woolworths.media/content/wowproductimages/medium/729026.jpg,2020-09-21 17:27:05,Average product rating out of 5: 4.6. Product score is based on 500 ratings,500,,True
2ddc0d17-ec97-43f2-9694-e7a4588f6b56,Woolworths Supermarket,"Dairy, Eggs & Fridge",Woolworths Mozzarella Shredded Cheese 500g,728983,$6.00,$12.00 / 1KG,https://www.woolworths.com.au/shop/productdetails/728983/woolworths-mozzarella-shredded-cheese,https://cdn0.woolworths.media/content/wowproductimages/medium/728983.jpg,2020-09-21 17:27:05,Average product rating out of 5: 4.5. Product score is based on 469 ratings,469,,True
3a803bde-fcb4-48ab-889b-64bdf5299992,Woolworths Supermarket,"Dairy, Eggs & Fridge",Woolworths Drought Relief Lite Milk 3l,807386,$3.59,$1.20 / 1L,https://www.woolworths.com.au/shop/productdetails/807386/woolworths-drought-relief-lite-milk,https://cdn0.woolworths.media/content/wowproductimages/medium/807386.jpg,2020-09-21 17:27:05,,0,,True
961ef2bb-5650-4ab2-b952-51862ec9822c,Woolworths Supermarket,"Dairy, Eggs & Fridge",Just 4 You 12 Extra Large Caged Eggs 700g,893974,$3.50,$0.50 / 100G,https://www.woolworths.com.au/shop/productdetails/893974/just-4-you-12-extra-large-caged-eggs,https://cdn0.woolworths.media/content/wowproductimages/medium/893974.jpg,2020-09-21 17:27:05,,0,,True
da89c06d-d3a0-449d-9b60-f41008f8b1b9,Woolworths Supermarket,"Dairy, Eggs & Fridge",Hillview Tasty Shredded Cheese 700g,491820,$6.60,$9.43 / 1KG,https://www.woolworths.com.au/shop/productdetails/491820/hillview-tasty-shredded-cheese,https://cdn0.woolworths.media/content/wowproductimages/medium/491820.jpg,2020-09-21 17:27:05,Average product rating out of 5: 4.5. Product score is based on 48 ratings,48,,True
e26c41b7-0c5e-4a61-914d-995c0963e508,Woolworths Supermarket,"Dairy, Eggs & Fridge",Woolworths Uht Full Cream Milk 1l,748595,$1.25,$1.25 / 1L,https://www.woolworths.com.au/shop/productdetails/748595/woolworths-uht-full-cream-milk,https://cdn0.woolworths.media/content/wowproductimages/medium/748595.jpg,2020-09-21 17:27:05,Average product rating out of 5: 4.9. Product score is based on 36 ratings,36,,True
1a0f1e60-caec-4725-9eae-50af8a39a89a,Woolworths Supermarket,"Dairy, Eggs & Fridge",Woolworths Drought Relief Full Cream Milk 2l,807383,$2.39,$1.20 / 1L,https://www.woolworths.com.au/shop/productdetails/807383/woolworths-drought-relief-full-cream-milk,https://cdn0.woolworths.media/content/wowproductimages/medium/807383.jpg,2020-09-21 17:27:05,Average product rating out of 5: 4.7. Product score is based on 385 ratings,385,,True
aeb89b8d-9bea-43ec-a439-d2c45e3ff3e1,Woolworths Supermarket,"Dairy, Eggs & Fridge",Hillview Cheese Block 1kg,500187,$8.00,$8.00 / 1KG,https://www.woolworths.com.au/shop/productdetails/500187/hillview-cheese-block,https://cdn0.woolworths.media/content/wowproductimages/medium/500187.jpg,2020-09-21 17:27:05,Average product rating out of 5: 4.5. Product score is based on 66 ratings,66,,True
bb60d846-df25-4d4f-9c7e-680e4a67c066,Woolworths Supermarket,"Dairy, Eggs & Fridge",A2 Full Cream Milk 2l,208064,$5.30,$2.65 / 1L,https://www.woolworths.com.au/shop/productdetails/208064/a2-full-cream-milk,https://cdn0.woolworths.media/content/wowproductimages/medium/208064.jpg,2020-09-21 17:27:05,,0,,True
5a16a69f-91e5-4840-bedd-22495969afad,Woolworths Supermarket,"Dairy, Eggs & Fridge",Woolworths Drought Relief Lite Milk 2l,807385,$2.39,$1.20 / 1L,https://www.woolworths.com.au/shop/productdetails/807385/woolworths-drought-relief-lite-milk,https://cdn0.woolworths.media/content/wowproductimages/medium/807385.jpg,2020-09-21 17:27:05,,0,,True
f4058b86-bba0-4cda-ac44-0fe954a97bc4,Woolworths Supermarket,"Dairy, Eggs & Fridge",Woolworths Baby Spinach Salad Bag 60g,379515,$2.00,$33.33 / 1KG,https://www.woolworths.com.au/shop/productdetails/379515/woolworths-baby-spinach-salad-bag,https://cdn0.woolworths.media/content/wowproductimages/medium/379515.jpg,2020-09-21 17:27:05,Average product rating out of 5: 4.7. Product score is based on 725 ratings,725,,True
d2247f77-984d-41cf-ae21-8a8746f3dd0c,Woolworths Supermarket,"Dairy, Eggs & Fridge",A2 Light Milk 2l,208066,$5.30,$2.65 / 1L,https://www.woolworths.com.au/shop/productdetails/208066/a2-light-milk,https://cdn0.woolworths.media/content/wowproductimages/medium/208066.jpg,2020-09-21 17:27:05,,0,,True
b91833b3-db2d-415b-a034-979825e7f291,Woolworths Supermarket,"Dairy, Eggs & Fridge",Philadelphia Cream For Cooking Light 250ml,344077,$3.30,$1.32 / 100ML,https://www.woolworths.com.au/shop/productdetails/344077/philadelphia-cream-for-cooking-light,https://cdn0.woolworths.media/content/wowproductimages/medium/344077.jpg,2020-09-21 17:27:05,,0,,True
6b56b7bb-11db-4897-8f2b-ba8b6b678a2e,Woolworths Supermarket,"Dairy, Eggs & Fridge",Pauls Double Thick Rich Chocolate Custard 900g,344082,$5.30,$0.59 / 100G,https://www.woolworths.com.au/shop/productdetails/344082/pauls-double-thick-rich-chocolate-custard,https://cdn0.woolworths.media/content/wowproductimages/medium/344082.jpg,2020-09-21 17:27:05,,0,,True
8c75e49d-ba70-4d61-b486-fe116b43ad1b,Woolworths Supermarket,"Dairy, Eggs & Fridge",Supreme Foods Roti Mini 125g,344206,$3.00,$2.40 / 100G,https://www.woolworths.com.au/shop/productdetails/344206/supreme-foods-roti-mini,https://cdn0.woolworths.media/content/wowproductimages/medium/344206.jpg,2020-09-21 17:27:05,,0,,True
157c1da1-92e7-4c9a-ac2c-76438c1c5a6a,Woolworths Supermarket,"Dairy, Eggs & Fridge",Gippsland Dairy Twist Passionfruit Yoghurt 720g,344656,$7.00,$0.97 / 100G,https://www.woolworths.com.au/shop/productdetails/344656/gippsland-dairy-twist-passionfruit-yoghurt,https://cdn0.woolworths.media/content/wowproductimages/medium/344656.jpg,2020-09-21 17:27:05,,0,,True
78a49eae-94bf-4f60-812f-dbe050b61042,Woolworths Supermarket,"Dairy, Eggs & Fridge",Yumi's Original Falafel Balls 225g,345092,$5.00,$22.22 / 1KG,https://www.woolworths.com.au/shop/productdetails/345092/yumi-s-original-falafel-balls,https://cdn0.woolworths.media/content/wowproductimages/medium/345092.jpg,2020-09-21 17:27:05,,0,Was $5.50 07/11/16,True
21eed994-939f-4b84-8fc1-558253a772a5,Woolworths Supermarket,"Dairy, Eggs & Fridge",Kiri Cream Cheese 108g,346535,$3.50,$32.41 / 1KG,https://www.woolworths.com.au/shop/productdetails/346535/kiri-cream-cheese,https://cdn0.woolworths.media/content/wowproductimages/medium/346535.jpg,2020-09-21 17:27:05,,0,,True
33e69318-7b8c-43bb-829a-81c8fd001a76,Woolworths Supermarket,"Dairy, Eggs & Fridge",Laughing Cow Cheese Light 128g,346546,$3.75,$29.30 / 1KG,https://www.woolworths.com.au/shop/productdetails/346546/laughing-cow-cheese-light,https://cdn0.woolworths.media/content/wowproductimages/medium/346546.jpg,2020-09-21 17:27:05,,0,,True
a45cf4a5-373e-490a-8f91-0d4fe721eb4f,Woolworths Supermarket,"Dairy, Eggs & Fridge",Laughing Cow Cheese Original 128g,346555,$3.75,$29.30 / 1KG,https://www.woolworths.com.au/shop/productdetails/346555/laughing-cow-cheese-original,https://cdn0.woolworths.media/content/wowproductimages/medium/346555.jpg,2020-09-21 17:27:05,,0,,True
1e58d9c7-975a-4956-97a3-df625d231239,Woolworths Supermarket,"Dairy, Eggs & Fridge",Bega Stringers Cheddar Cheese 8 pack,346623,$5.50,$34.38 / 1KG,https://www.woolworths.com.au/shop/productdetails/346623/bega-stringers-cheddar-cheese,https://cdn0.woolworths.media/content/wowproductimages/medium/346623.jpg,2020-09-21 17:27:05,,0,,True
5866819c-efe5-46cf-bc2c-c4c353b27d79,Woolworths Supermarket,"Dairy, Eggs & Fridge",Tasmanian Heritage Mild Blue Cheese 120g,347138,$6.86,$57.17 / 1KG,https://www.woolworths.com.au/shop/productdetails/347138/tasmanian-heritage-mild-blue-cheese,https://cdn0.woolworths.media/content/wowproductimages/medium/347138.jpg,2020-09-21 17:27:05,,0,,True
aef6ea91-23b4-466a-8b4d-7290850a944a,Woolworths Supermarket,"Dairy, Eggs & Fridge",South Cape Edam Cheese 200g,347140,$6.40,$32.00 / 1KG,https://www.woolworths.com.au/shop/productdetails/347140/south-cape-edam-cheese,https://cdn0.woolworths.media/content/wowproductimages/medium/347140.jpg,2020-09-21 17:27:05,,0,,True
20669392-5e37-43c5-9b17-e26bcea7df27,Woolworths Supermarket,"Dairy, Eggs & Fridge",South Cape Cheese Gouda 200g,347141,$6.40,$32.00 / 1KG,https://www.woolworths.com.au/shop/productdetails/347141/south-cape-cheese-gouda,https://cdn0.woolworths.media/content/wowproductimages/medium/347141.jpg,2020-09-21 17:27:05,,0,,True
0779623b-3d8a-48e4-9fc9-9b8ff2ab9741,Woolworths Supermarket,"Dairy, Eggs & Fridge",South Cape Havarti Cheese 200g,347142,$6.40,$32.00 / 1KG,https://www.woolworths.com.au/shop/productdetails/347142/south-cape-havarti-cheese,https://cdn0.woolworths.media/content/wowproductimages/medium/347142.jpg,2020-09-21 17:27:05,,0,,True
aef45c93-08ec-4451-b127-8436280cd8e0,Woolworths Supermarket,"Dairy, Eggs & Fridge",Woolworths Gouda Cheese Slices 200g,348698,$4.00,$20.00 / 1KG,https://www.woolworths.com.au/shop/productdetails/348698/woolworths-gouda-cheese-slices,https://cdn0.woolworths.media/content/wowproductimages/medium/348698.jpg,2020-09-21 17:27:05,Average product rating out of 5: 4.4. Product score is based on 1142 ratings,1142,Was $4.50 29/10/2018,True
a72e2b2e-1afc-4268-9945-32f90e7f286c,Woolworths Supermarket,"Dairy, Eggs & Fridge",Woolworths Swiss Cheese Slices 200g,348705,$3.70,$18.50 / 1KG,https://www.woolworths.com.au/shop/productdetails/348705/woolworths-swiss-cheese-slices,https://cdn0.woolworths.media/content/wowproductimages/medium/348705.jpg,2020-09-21 17:27:05,Average product rating out of 5: 4.3. Product score is based on 874 ratings,874,Was $4.50 29/10/2018,True
9de764af-45cb-4e2a-8f74-4a8820dbaa82,Woolworths Supermarket,"Dairy, Eggs & Fridge",Tablelands Health Smart Reduced Cholesterol Spread 500g,348995,$4.20,$0.84 / 100G,https://www.woolworths.com.au/shop/productdetails/348995/tablelands-health-smart-reduced-cholesterol-spread,https://cdn0.woolworths.media/content/wowproductimages/medium/348995.jpg,2020-09-21 17:27:05,,0,,True
da2b6829-b91f-49bf-9f54-8c6a6eb4c50d,Woolworths Supermarket,"Dairy, Eggs & Fridge",Pitango Risotto Chicken Garlic 500g,352637,$6.00,$1.20 / 100G,https://www.woolworths.com.au/shop/productdetails/352637/pitango-risotto-chicken-garlic,https://cdn0.woolworths.media/content/wowproductimages/medium/352637.jpg,2020-09-21 17:27:05,,0,,True
bbb8989e-166e-481d-9c00-5fe5d090983c,Woolworths Supermarket,"Dairy, Eggs & Fridge",Pitango Risotto Pumpkin Leek 500g,352638,$6.00,$1.20 / 100G,https://www.woolworths.com.au/shop/productdetails/352638/pitango-risotto-pumpkin-leek,https://cdn0.woolworths.media/content/wowproductimages/medium/352638.jpg,2020-09-21 17:27:05,,0,,True
374d8e23-a034-4d75-81e5-4a4b3b842adc,Woolworths Supermarket,"Dairy, Eggs & Fridge",Fifya Gluten Free Falafel 250g,352717,$6.50,$2.60 / 100G,https://www.woolworths.com.au/shop/productdetails/352717/fifya-gluten-free-falafel,https://cdn0.woolworths.media/content/wowproductimages/medium/352717.jpg,2020-09-21 17:27:05,,0,,True
52cea63c-1f92-458b-bd10-8f87171f02b0,Woolworths Supermarket,"Dairy, Eggs & Fridge",South Cape Aged Parmesan Cheese 185g,353954,$9.75,$52.70 / 1KG,https://www.woolworths.com.au/shop/productdetails/353954/south-cape-aged-parmesan-cheese,https://cdn0.woolworths.media/content/wowproductimages/medium/353954.jpg,2020-09-21 17:27:05,,0,,True
639c7c61-8b1d-4d14-8bde-28e32167cc08,Woolworths Supermarket,"Dairy, Eggs & Fridge",Vaalia Kids Yoghurt Pouch Tropical 140g,360392,$1.70,$1.21 / 100G,https://www.woolworths.com.au/shop/productdetails/360392/vaalia-kids-yoghurt-pouch-tropical,https://cdn0.woolworths.media/content/wowproductimages/medium/360392.jpg,2020-09-21 17:27:05,,0,,True
5f8306ca-207a-4ab8-86a6-becd3dc6b60e,Woolworths Supermarket,"Dairy, Eggs & Fridge",Perfect Italiano Shaved Parmesan 125g,360904,$3.25,$26.00 / 1KG,https://www.woolworths.com.au/shop/productdetails/360904/perfect-italiano-shaved-parmesan,https://cdn0.woolworths.media/content/wowproductimages/medium/360904.jpg,2020-09-21 17:27:05,,0,,True
71c56fc2-fe04-4f21-a36e-ca623afe2833,Woolworths Supermarket,"Dairy, Eggs & Fridge",Bega Tasty Stick Cheese 160g,360909,$5.50,$34.38 / 1KG,https://www.woolworths.com.au/shop/productdetails/360909/bega-tasty-stick-cheese,https://cdn0.woolworths.media/content/wowproductimages/medium/360909.jpg,2020-09-21 17:27:05,,0,,True
8a3e1178-9803-4c60-83c6-1b1941e7edab,Woolworths Supermarket,"Dairy, Eggs & Fridge",Woolworths Lite Cream Cheese 250g,363482,$2.75,$11.00 / 1KG,https://www.woolworths.com.au/shop/productdetails/363482/woolworths-lite-cream-cheese,https://cdn0.woolworths.media/content/wowproductimages/medium/363482.jpg,2020-09-21 17:27:05,Average product rating out of 5: 4.4. Product score is based on 258 ratings,258,,True
fb555e46-bac2-4ec4-abed-88fa9696b32f,Woolworths Supermarket,"Dairy, Eggs & Fridge",Perfect Italiano Shaved Parmesan 125g,360904,$3.25,$26.00 / 1KG,https://www.woolworths.com.au/shop/productdetails/360904/perfect-italiano-shaved-parmesan,https://cdn0.woolworths.media/content/wowproductimages/medium/360904.jpg,2020-09-21 17:27:05,,0,,True
0c0537d8-5b00-48a7-8bc6-d27e4684374c,Woolworths Supermarket,"Dairy, Eggs & Fridge",Just 4 You 12 Extra Large Caged Eggs 700g,893974,$3.50,$0.50 / 100G,https://www.woolworths.com.au/shop/productdetails/893974/just-4-you-12-extra-large-caged-eggs,https://cdn0.woolworths.media/content/wowproductimages/medium/893974.jpg,2020-09-21 17:27:05,,0,,True
3303a44a-33b6-4b80-a4aa-dd3a2b26c9b6,Woolworths Supermarket,"Dairy, Eggs & Fridge",Woolworths Drought Relief Full Cream Milk 3l,807384,$3.59,$1.20 / 1L,https://www.woolworths.com.au/shop/productdetails/807384/woolworths-drought-relief-full-cream-milk,https://cdn0.woolworths.media/content/wowproductimages/medium/807384.jpg,2020-09-21 17:27:05,,0,,True
56d1f135-8b4f-4349-ae7d-675375eb6738,Woolworths Supermarket,"Dairy, Eggs & Fridge",Woolworths Single Leaf Baby Spinach 280g,524336,$5.00,$17.86 / 1KG,https://www.woolworths.com.au/shop/productdetails/524336/woolworths-single-leaf-baby-spinach,https://cdn0.woolworths.media/content/wowproductimages/medium/524336.jpg,2020-09-21 17:27:05,Average product rating out of 5: 4.8. Product score is based on 532 ratings,532,,True
5c8f8c5c-2fcd-402d-8d7d-a700a5be86f1,Woolworths Supermarket,"Dairy, Eggs & Fridge",Hillview Cheese Block 1kg,500187,$8.00,$8.00 / 1KG,https://www.woolworths.com.au/shop/productdetails/500187/hillview-cheese-block,https://cdn0.woolworths.media/content/wowproductimages/medium/500187.jpg,2020-09-21 17:27:05,Average product rating out of 5: 4.5. Product score is based on 66 ratings,66,,True
9e3b708c-3156-400e-b79d-5d285eb74e4d,Woolworths Supermarket,"Dairy, Eggs & Fridge",Woolworths Thickened Cream 300ml,044317,$1.90,$0.63 / 100ML,https://www.woolworths.com.au/shop/productdetails/44317/woolworths-thickened-cream,https://cdn0.woolworths.media/content/wowproductimages/medium/044317.jpg,2020-09-21 17:27:05,Average product rating out of 5: 4.9. Product score is based on 629 ratings,629,,True
398fd9f0-4bf8-439a-8bf2-96db84549255,Woolworths Supermarket,"Dairy, Eggs & Fridge",Woolworths Tasty Shredded Cheese 500g,729026,$6.00,$12.00 / 1KG,https://www.woolworths.com.au/shop/productdetails/729026/woolworths-tasty-shredded-cheese,https://cdn0.woolworths.media/content/wowproductimages/medium/729026.jpg,2020-09-21 17:27:05,Average product rating out of 5: 4.6. Product score is based on 500 ratings,500,,True
6a22cbc5-cc66-461f-b5e1-cd1b74467a3a,Woolworths Supermarket,"Dairy, Eggs & Fridge",Woolworths Thickened Cream 600ml,048720,$3.00,$0.50 / 100ML,https://www.woolworths.com.au/shop/productdetails/48720/woolworths-thickened-cream,https://cdn0.woolworths.media/content/wowproductimages/medium/048720.jpg,2020-09-21 17:27:05,Average product rating out of 5: 4.8. Product score is based on 740 ratings,740,,True
5f5c05c7-4cf7-4492-9f96-74c0902a4263,Woolworths Supermarket,"Dairy, Eggs & Fridge",Western Star Original Spreadable 500g,069756,$6.00,$1.20 / 100G,https://www.woolworths.com.au/shop/productdetails/69756/western-star-original-spreadable,https://cdn0.woolworths.media/content/wowproductimages/medium/069756.jpg,2020-09-21 17:27:05,,0,,True
b80b6392-e35e-4d14-b295-b1102958ea5d,Woolworths Supermarket,"Dairy, Eggs & Fridge",Woolworths Drought Relief Full Cream Milk 2l,807383,$2.39,$1.20 / 1L,https://www.woolworths.com.au/shop/productdetails/807383/woolworths-drought-relief-full-cream-milk,https://cdn0.woolworths.media/content/wowproductimages/medium/807383.jpg,2020-09-21 17:27:05,Average product rating out of 5: 4.7. Product score is based on 385 ratings,385,,True
89772268-a0ec-4c4b-8aa6-27cbea186162,Woolworths Supermarket,"Dairy, Eggs & Fridge",Woolworths Baby Spinach Salad Bag 60g,379515,$2.00,$33.33 / 1KG,https://www.woolworths.com.au/shop/productdetails/379515/woolworths-baby-spinach-salad-bag,https://cdn0.woolworths.media/content/wowproductimages/medium/379515.jpg,2020-09-21 17:27:05,Average product rating out of 5: 4.7. Product score is based on 725 ratings,725,,True
1bcb0f0e-8335-4777-a0f0-4c8f0a779423,Woolworths Supermarket,"Dairy, Eggs & Fridge",Woolworths Sour Cream 300ml,105609,$2.10,$0.70 / 100ML,https://www.woolworths.com.au/shop/productdetails/105609/woolworths-sour-cream,https://cdn0.woolworths.media/content/wowproductimages/medium/105609.jpg,2020-09-21 17:27:05,Average product rating out of 5: 4.5. Product score is based on 1353 ratings,1353,,True
24f4d5c8-5dfc-426c-9f20-6f6b34679545,Woolworths Supermarket,"Dairy, Eggs & Fridge",Woolworths Drought Relief Lite Milk 3l,807386,$3.59,$1.20 / 1L,https://www.woolworths.com.au/shop/productdetails/807386/woolworths-drought-relief-lite-milk,https://cdn0.woolworths.media/content/wowproductimages/medium/807386.jpg,2020-09-21 17:27:05,,0,,True
ccc954c0-3648-4fcb-9fac-df45a8eb79b9,Woolworths Supermarket,"Dairy, Eggs & Fridge",Hillview Tasty Shredded Cheese 700g,491820,$6.60,$9.43 / 1KG,https://www.woolworths.com.au/shop/productdetails/491820/hillview-tasty-shredded-cheese,https://cdn0.woolworths.media/content/wowproductimages/medium/491820.jpg,2020-09-21 17:27:05,Average product rating out of 5: 4.5. Product score is based on 48 ratings,48,,True
5bba7941-a4a8-4bcd-b58f-28944c8e27ab,Woolworths Supermarket,"Dairy, Eggs & Fridge",Woolworths Uht Full Cream Milk 1l,748595,$1.25,$1.25 / 1L,https://www.woolworths.com.au/shop/productdetails/748595/woolworths-uht-full-cream-milk,https://cdn0.woolworths.media/content/wowproductimages/medium/748595.jpg,2020-09-21 17:27:05,Average product rating out of 5: 4.9. Product score is based on 36 ratings,36,,True
06e9c2ab-9800-482d-8c24-ee1b2e82cf48,Woolworths Supermarket,"Dairy, Eggs & Fridge",Woolworths Baby Leaf Spinach 120g,524322,$3.00,$25.00 / 1KG,https://www.woolworths.com.au/shop/productdetails/524322/woolworths-baby-leaf-spinach,https://cdn0.woolworths.media/content/wowproductimages/medium/524322.jpg,2020-09-21 17:27:05,Average product rating out of 5: 4.7. Product score is based on 2842 ratings,2842,,True
2bf4ca54-f62f-42b0-97b7-55287d30b9cb,Woolworths Supermarket,"Dairy, Eggs & Fridge",Woolworths Drought Relief Lite Milk 2l,807385,$2.39,$1.20 / 1L,https://www.woolworths.com.au/shop/productdetails/807385/woolworths-drought-relief-lite-milk,https://cdn0.woolworths.media/content/wowproductimages/medium/807385.jpg,2020-09-21 17:27:05,,0,,True
f23664f5-3ccf-4767-94e5-e76464aab0bb,Woolworths Supermarket,"Dairy, Eggs & Fridge",Almond Breeze Unsweetened Almond Milk 1l,761604,$2.50,$2.50 / 1L,https://www.woolworths.com.au/shop/productdetails/761604/almond-breeze-unsweetened-almond-milk,https://cdn0.woolworths.media/content/wowproductimages/medium/761604.jpg,2020-09-21 17:27:05,,0,Was $3.25 13/03/2017,True
fdebad24-3545-4319-8e76-a657d811a5b8,Woolworths Supermarket,"Dairy, Eggs & Fridge",Woolworths Mozzarella Shredded Cheese 500g,728983,$6.00,$12.00 / 1KG,https://www.woolworths.com.au/shop/productdetails/728983/woolworths-mozzarella-shredded-cheese,https://cdn0.woolworths.media/content/wowproductimages/medium/728983.jpg,2020-09-21 17:27:05,Average product rating out of 5: 4.5. Product score is based on 469 ratings,469,,True
07e903a8-e867-4424-b788-d13fb06ce89c,Woolworths Supermarket,"Dairy, Eggs & Fridge",Perfect Italiano Extra Sharp Grated Parmesan 125g,302306,$3.25,$26.00 / 1KG,https://www.woolworths.com.au/shop/productdetails/302306/perfect-italiano-extra-sharp-grated-parmesan,https://cdn0.woolworths.media/content/wowproductimages/medium/302306.jpg,2020-09-21 17:27:05,,0,,True
3801f015-c52c-4ff4-a848-dc37ea728af9,Woolworths Supermarket,"Dairy, Eggs & Fridge",Macro Organic Low Fat Milk 1l,365567,$2.20,$2.20 / 1L,https://www.woolworths.com.au/shop/productdetails/365567/macro-organic-low-fat-milk,https://cdn0.woolworths.media/content/wowproductimages/medium/365567.jpg,2020-09-21 17:27:05,,0,,True
06be125a-479a-475e-ac12-61fecdd97735,Woolworths Supermarket,"Dairy, Eggs & Fridge",Macro Organic Full Cream Milk 1l,365569,$2.20,$2.20 / 1L,https://www.woolworths.com.au/shop/productdetails/365569/macro-organic-full-cream-milk,https://cdn0.woolworths.media/content/wowproductimages/medium/365569.jpg,2020-09-21 17:27:05,Average product rating out of 5: 4.3. Product score is based on 221 ratings,221,,True
708522f6-b702-4614-b7c9-9ba471342ba4,Woolworths Supermarket,"Dairy, Eggs & Fridge",Macro Organic Salted Butter 250g,367791,$3.70,$1.48 / 100G,https://www.woolworths.com.au/shop/productdetails/367791/macro-organic-salted-butter,https://cdn0.woolworths.media/content/wowproductimages/medium/367791.jpg,2020-09-21 17:27:05,Average product rating out of 5: 4.6. Product score is based on 303 ratings,303,,True
02725123-04cd-4eb0-8a4a-3ac888177dfa,Woolworths Supermarket,"Dairy, Eggs & Fridge",Frico Maasdam Shaved Cheese per kg,369960,$16.00,$16.00 / 1KG,https://www.woolworths.com.au/shop/productdetails/369960/frico-maasdam-shaved-cheese,https://cdn0.woolworths.media/content/wowproductimages/medium/369960.jpg,2020-09-21 17:27:05,,0,,True
1c1fa152-02e3-403d-8055-e84fa8b6ef4f,Woolworths Supermarket,"Dairy, Eggs & Fridge",Babybel Cheese Portions 200g,370480,$8.50,$42.50 / 1KG,https://www.woolworths.com.au/shop/productdetails/370480/babybel-cheese-portions,https://cdn0.woolworths.media/content/wowproductimages/medium/370480.jpg,2020-09-21 17:27:05,,0,,True
331f7656-0a0b-4d75-98e3-9f5c1c8bc1e0,Woolworths Supermarket,"Dairy, Eggs & Fridge",Laughing Cow Cheese 256g,370485,$6.50,$25.39 / 1KG,https://www.woolworths.com.au/shop/productdetails/370485/laughing-cow-cheese,https://cdn0.woolworths.media/content/wowproductimages/medium/370485.jpg,2020-09-21 17:27:05,,0,,True
eba66e75-cacf-43b0-8bb4-6b784508cf2e,Woolworths Supermarket,"Dairy, Eggs & Fridge",Unicorn Double Brie Cheese 125g,370487,$4.00,$32.00 / 1KG,https://www.woolworths.com.au/shop/productdetails/370487/unicorn-double-brie-cheese,https://cdn0.woolworths.media/content/wowproductimages/medium/370487.jpg,2020-09-21 17:27:05,,0,,True
422f9b8e-b2a2-483a-ac20-d7c6f18aeb8a,Woolworths Supermarket,"Dairy, Eggs & Fridge",Flora Proactiv Margarine Spread Buttery 500g,370962,$6.00,$1.20 / 100G,https://www.woolworths.com.au/shop/productdetails/370962/flora-proactiv-margarine-spread-buttery,https://cdn0.woolworths.media/content/wowproductimages/medium/370962.jpg,2020-09-21 17:27:05,,0,,True
b110d8c4-4800-435a-937d-5b2b36dcb7f7,Woolworths Supermarket,"Dairy, Eggs & Fridge",Evia Natural Yoghurt No Added Sugar 700g,373846,$5.50,$0.79 / 100G,https://www.woolworths.com.au/shop/productdetails/373846/evia-natural-yoghurt-no-added-sugar,https://cdn0.woolworths.media/content/wowproductimages/medium/373846.jpg,2020-09-21 17:27:05,,0,,True
8c7550af-ca03-4f3e-8992-bfa3f7eac7b2,Woolworths Supermarket,"Dairy, Eggs & Fridge",Bulla Creme Fraiche Creme Fraiche 200ml,374553,$4.20,$2.10 / 100ML,https://www.woolworths.com.au/shop/productdetails/374553/bulla-creme-fraiche-creme-fraiche,https://cdn0.woolworths.media/content/wowproductimages/medium/374553.jpg,2020-09-21 17:27:05,,0,,True
6dea239b-90a6-49e2-ae2b-07343ec04bfe,Woolworths Supermarket,"Dairy, Eggs & Fridge",Yoplait Petit Miam Blueberry 70g,374587,$1.00,$1.43 / 100G,https://www.woolworths.com.au/shop/productdetails/374587/yoplait-petit-miam-blueberry,https://cdn0.woolworths.media/content/wowproductimages/medium/374587.jpg,2020-09-21 17:27:05,,0,Was $1.35 22/08/2016,True
c5734f03-2dcd-440e-9d9b-21a38b448ba9,Woolworths Supermarket,"Dairy, Eggs & Fridge",Vaalia Kids Yoghurt Pouch Banana 140g,374976,$1.70,$1.21 / 100G,https://www.woolworths.com.au/shop/productdetails/374976/vaalia-kids-yoghurt-pouch-banana,https://cdn0.woolworths.media/content/wowproductimages/medium/374976.jpg,2020-09-21 17:27:05,,0,,True
533d8646-6e58-4e80-92ea-fc8d1a58275a,Woolworths Supermarket,"Dairy, Eggs & Fridge",Five:am Organic Vanilla Bean Yoghurt 170g,375537,$2.60,$1.53 / 100G,https://www.woolworths.com.au/shop/productdetails/375537/five-am-organic-vanilla-bean-yoghurt,https://cdn0.woolworths.media/content/wowproductimages/medium/375537.jpg,2020-09-21 17:27:05,,0,,True
6d142edc-0b93-4ed3-b3d5-ddc1cb829882,Woolworths Supermarket,"Dairy, Eggs & Fridge",Ice Break Extra Shot 750ml,375554,$3.00,$4.00 / 1L,https://www.woolworths.com.au/shop/productdetails/375554/ice-break-extra-shot,https://cdn0.woolworths.media/content/wowproductimages/medium/375554.jpg,2020-09-21 17:27:05,,0,,True
7f8a9c57-aaea-4789-868f-8c115dd30628,Woolworths Supermarket,"Dairy, Eggs & Fridge",Woolworths Baby Spinach Salad Bag 60g,379515,$2.00,$33.33 / 1KG,https://www.woolworths.com.au/shop/productdetails/379515/woolworths-baby-spinach-salad-bag,https://cdn0.woolworths.media/content/wowproductimages/medium/379515.jpg,2020-09-21 17:27:05,Average product rating out of 5: 4.7. Product score is based on 725 ratings,725,,True
f400f4b8-1adb-4fbe-b073-aa2f3a68449a,Woolworths Supermarket,"Dairy, Eggs & Fridge",Woolworths Baby Spinach Salad With Rocket 60g bag,379518,$2.00,$33.33 / 1KG,https://www.woolworths.com.au/shop/productdetails/379518/woolworths-baby-spinach-salad-with-rocket,https://cdn0.woolworths.media/content/wowproductimages/medium/379518.jpg,2020-09-21 17:27:05,Average product rating out of 5: 4.5. Product score is based on 146 ratings,146,,True
09830b2b-44b7-41b6-aed1-19263dd34039,Woolworths Supermarket,"Dairy, Eggs & Fridge",Woolworths Cheese Cubes 500g,379902,$7.50,$15.00 / 1KG,https://www.woolworths.com.au/shop/productdetails/379902/woolworths-cheese-cubes,https://cdn0.woolworths.media/content/wowproductimages/medium/379902.jpg,2020-09-21 17:27:05,Average product rating out of 5: 4.4. Product score is based on 1853 ratings,1853,,True
7a5e14c7-bb04-481c-8772-6a55bb22dddd,Woolworths Supermarket,"Dairy, Eggs & Fridge",Woolworths Baby Rocket Salad Bag 60g,380580,$2.00,$33.33 / 1KG,https://www.woolworths.com.au/shop/productdetails/380580/woolworths-baby-rocket-salad-bag,https://cdn0.woolworths.media/content/wowproductimages/medium/380580.jpg,2020-09-21 17:27:05,Average product rating out of 5: 4.5. Product score is based on 700 ratings,700,,True
e253690f-7405-4791-b2a4-62326156ebd6,Woolworths Supermarket,"Dairy, Eggs & Fridge",Easiyo Greek Style & Coconut Bits Yoghurt Base 240g,381283,$4.00,$1.67 / 100G,https://www.woolworths.com.au/shop/productdetails/381283/easiyo-greek-style-coconut-bits-yoghurt-base,https://cdn0.woolworths.media/content/wowproductimages/medium/381283.jpg,2020-09-21 17:27:05,,0,,True
f882d608-7328-413c-bbb7-ab58267a51e0,Woolworths Supermarket,"Dairy, Eggs & Fridge",Bega Tasty Cheese Block Tasty 750g,381313,$10.00,$13.33 / 1KG,https://www.woolworths.com.au/shop/productdetails/381313/bega-tasty-cheese-block-tasty,https://cdn0.woolworths.media/content/wowproductimages/medium/381313.jpg,2020-09-21 17:27:05,,0,,True
4c66bdc9-9505-45c8-b3ae-7a0a6207877a,Woolworths Supermarket,"Dairy, Eggs & Fridge",Woolworths Classic Coleslaw 400g,382779,$4.50,$1.13 / 100G,https://www.woolworths.com.au/shop/productdetails/382779/woolworths-classic-coleslaw,https://cdn0.woolworths.media/content/wowproductimages/medium/382779.jpg,2020-09-21 17:27:05,,0,Was $4.99 26/10/2017,True
a6fa94f1-5cb3-4be5-8e78-2e2a0a3147ee,Woolworths Supermarket,"Dairy, Eggs & Fridge",Pauls Farmhouse Gold Milk 750ml,404980,$2.45,$3.27 / 1L,https://www.woolworths.com.au/shop/productdetails/404980/pauls-farmhouse-gold-milk,https://cdn0.woolworths.media/content/wowproductimages/medium/404980.jpg,2020-09-21 17:27:05,,0,,True
73f6a625-602c-40d4-b3a1-530595faa849,Woolworths Supermarket,"Dairy, Eggs & Fridge",Pauls Farmhouse Gold Full Cream Milk Unhomogenised 1.5l,404984,$3.65,$2.43 / 1L,https://www.woolworths.com.au/shop/productdetails/404984/pauls-farmhouse-gold-full-cream-milk-unhomogenised,https://cdn0.woolworths.media/content/wowproductimages/medium/404984.jpg,2020-09-21 17:27:05,,0,,True
0dd924b5-9300-4bbd-9e7e-74c55633fdca,Woolworths Supermarket,"Dairy, Eggs & Fridge",Pauls Farmhouse Gold Milk 1.5l,405010,$3.65,$2.43 / 1L,https://www.woolworths.com.au/shop/productdetails/405010/pauls-farmhouse-gold-milk,https://cdn0.woolworths.media/content/wowproductimages/medium/405010.jpg,2020-09-21 17:27:05,,0,,True
c1c39991-4aef-498f-8c84-54232ba79331,Woolworths Supermarket,"Dairy, Eggs & Fridge",Perfect Italiano Shaved Parmesan 125g,360904,$3.25,$26.00 / 1KG,https://www.woolworths.com.au/shop/productdetails/360904/perfect-italiano-shaved-parmesan,https://cdn0.woolworths.media/content/wowproductimages/medium/360904.jpg,2020-09-21 17:27:05,,0,,True
2ef7d06f-d30c-40ad-903f-129240e1aa6d,Woolworths Supermarket,"Dairy, Eggs & Fridge",Perfect Italiano Extra Sharp Grated Parmesan 125g,302306,$3.25,$26.00 / 1KG,https://www.woolworths.com.au/shop/productdetails/302306/perfect-italiano-extra-sharp-grated-parmesan,https://cdn0.woolworths.media/content/wowproductimages/medium/302306.jpg,2020-09-21 17:27:05,,0,,True
b0dbbad0-67db-4acf-a3dd-bf2a009bc0ea,Woolworths Supermarket,"Dairy, Eggs & Fridge",Woolworths Drought Relief Lite Milk 2l,807385,$2.39,$1.20 / 1L,https://www.woolworths.com.au/shop/productdetails/807385/woolworths-drought-relief-lite-milk,https://cdn0.woolworths.media/content/wowproductimages/medium/807385.jpg,2020-09-21 17:27:05,,0,,True
af01d4e2-d302-4311-aad4-1a065374023f,Woolworths Supermarket,"Dairy, Eggs & Fridge",Woolworths Thickened Cream 300ml,044317,$1.90,$0.63 / 100ML,https://www.woolworths.com.au/shop/productdetails/44317/woolworths-thickened-cream,https://cdn0.woolworths.media/content/wowproductimages/medium/044317.jpg,2020-09-21 17:27:05,Average product rating out of 5: 4.9. Product score is based on 629 ratings,629,,True
9ad16d9e-8eb8-422b-be16-068a29388389,Woolworths Supermarket,"Dairy, Eggs & Fridge",Woolworths Single Leaf Baby Spinach 280g,524336,$5.00,$17.86 / 1KG,https://www.woolworths.com.au/shop/productdetails/524336/woolworths-single-leaf-baby-spinach,https://cdn0.woolworths.media/content/wowproductimages/medium/524336.jpg,2020-09-21 17:27:05,Average product rating out of 5: 4.8. Product score is based on 532 ratings,532,,True
6bcdd477-13ca-45c6-96c8-c212229fa124,Woolworths Supermarket,"Dairy, Eggs & Fridge",Hillview Cheese Block 1kg,500187,$8.00,$8.00 / 1KG,https://www.woolworths.com.au/shop/productdetails/500187/hillview-cheese-block,https://cdn0.woolworths.media/content/wowproductimages/medium/500187.jpg,2020-09-21 17:27:05,Average product rating out of 5: 4.5. Product score is based on 66 ratings,66,,True
123f80a3-b4fa-4e52-82f8-b123a512527e,Woolworths Supermarket,"Dairy, Eggs & Fridge",Woolworths Uht Full Cream Milk 1l,748595,$1.25,$1.25 / 1L,https://www.woolworths.com.au/shop/productdetails/748595/woolworths-uht-full-cream-milk,https://cdn0.woolworths.media/content/wowproductimages/medium/748595.jpg,2020-09-21 17:27:05,Average product rating out of 5: 4.9. Product score is based on 36 ratings,36,,True
b7e554a5-e99c-41f6-b9af-e084ee60f50d,Woolworths Supermarket,"Dairy, Eggs & Fridge",Woolworths Drought Relief Full Cream Milk 3l,807384,$3.59,$1.20 / 1L,https://www.woolworths.com.au/shop/productdetails/807384/woolworths-drought-relief-full-cream-milk,https://cdn0.woolworths.media/content/wowproductimages/medium/807384.jpg,2020-09-21 17:27:05,,0,,True
77281deb-3f8a-4f8b-bc88-d74874b4fbaa,Woolworths Supermarket,"Dairy, Eggs & Fridge",Woolworths Baby Leaf Spinach 120g,524322,$3.00,$25.00 / 1KG,https://www.woolworths.com.au/shop/productdetails/524322/woolworths-baby-leaf-spinach,https://cdn0.woolworths.media/content/wowproductimages/medium/524322.jpg,2020-09-21 17:27:05,Average product rating out of 5: 4.7. Product score is based on 2842 ratings,2842,,True
bfa285fa-3f5d-4505-aa57-4a81d806615b,Woolworths Supermarket,"Dairy, Eggs & Fridge",Woolworths Thickened Cream 600ml,048720,$3.00,$0.50 / 100ML,https://www.woolworths.com.au/shop/productdetails/48720/woolworths-thickened-cream,https://cdn0.woolworths.media/content/wowproductimages/medium/048720.jpg,2020-09-21 17:27:05,Average product rating out of 5: 4.8. Product score is based on 740 ratings,740,,True
7b1dec89-1cf5-49fe-9032-b397663e6154,Woolworths Supermarket,"Dairy, Eggs & Fridge",Woolworths Baby Spinach Salad Bag 60g,379515,$2.00,$33.33 / 1KG,https://www.woolworths.com.au/shop/productdetails/379515/woolworths-baby-spinach-salad-bag,https://cdn0.woolworths.media/content/wowproductimages/medium/379515.jpg,2020-09-21 17:27:05,Average product rating out of 5: 4.7. Product score is based on 725 ratings,725,,True
3479dbf1-c497-4e3d-95ce-50da54222972,Woolworths Supermarket,"Dairy, Eggs & Fridge",Western Star Original Spreadable 500g,069756,$6.00,$1.20 / 100G,https://www.woolworths.com.au/shop/productdetails/69756/western-star-original-spreadable,https://cdn0.woolworths.media/content/wowproductimages/medium/069756.jpg,2020-09-21 17:27:05,,0,,True
253ec7c5-0e8a-42be-96bc-3c854886aaab,Woolworths Supermarket,"Dairy, Eggs & Fridge",Woolworths Sour Cream 300ml,105609,$2.10,$0.70 / 100ML,https://www.woolworths.com.au/shop/productdetails/105609/woolworths-sour-cream,https://cdn0.woolworths.media/content/wowproductimages/medium/105609.jpg,2020-09-21 17:27:05,Average product rating out of 5: 4.5. Product score is based on 1353 ratings,1353,,True
e67ff3fa-ca96-48c9-b0c5-a8c989f58e67,Woolworths Supermarket,"Dairy, Eggs & Fridge",Woolworths Drought Relief Lite Milk 3l,807386,$3.59,$1.20 / 1L,https://www.woolworths.com.au/shop/productdetails/807386/woolworths-drought-relief-lite-milk,https://cdn0.woolworths.media/content/wowproductimages/medium/807386.jpg,2020-09-21 17:27:05,,0,,True
4614aa59-1acd-4c41-b0cf-0556bd939f4f,Woolworths Supermarket,"Dairy, Eggs & Fridge",Woolworths Tasty Shredded Cheese 500g,729026,$6.00,$12.00 / 1KG,https://www.woolworths.com.au/shop/productdetails/729026/woolworths-tasty-shredded-cheese,https://cdn0.woolworths.media/content/wowproductimages/medium/729026.jpg,2020-09-21 17:27:05,Average product rating out of 5: 4.6. Product score is based on 500 ratings,500,,True
27bde1f3-efe4-4098-aa40-ff3795d4db6d,Woolworths Supermarket,"Dairy, Eggs & Fridge",Woolworths Drought Relief Full Cream Milk 2l,807383,$2.39,$1.20 / 1L,https://www.woolworths.com.au/shop/productdetails/807383/woolworths-drought-relief-full-cream-milk,https://cdn0.woolworths.media/content/wowproductimages/medium/807383.jpg,2020-09-21 17:27:05,Average product rating out of 5: 4.7. Product score is based on 385 ratings,385,,True
1a4ffb82-eed2-47a8-9b95-3589d40bc2cf,Woolworths Supermarket,"Dairy, Eggs & Fridge",Almond Breeze Unsweetened Almond Milk 1l,761604,$2.50,$2.50 / 1L,https://www.woolworths.com.au/shop/productdetails/761604/almond-breeze-unsweetened-almond-milk,https://cdn0.woolworths.media/content/wowproductimages/medium/761604.jpg,2020-09-21 17:27:05,,0,Was $3.25 13/03/2017,True
2786e6da-4664-4482-8a1f-4e5ac39fd284,Woolworths Supermarket,"Dairy, Eggs & Fridge",Hillview Tasty Shredded Cheese 700g,491820,$6.60,$9.43 / 1KG,https://www.woolworths.com.au/shop/productdetails/491820/hillview-tasty-shredded-cheese,https://cdn0.woolworths.media/content/wowproductimages/medium/491820.jpg,2020-09-21 17:27:05,Average product rating out of 5: 4.5. Product score is based on 48 ratings,48,,True
293bdbeb-ca48-46c3-80a8-bc219e428283,Woolworths Supermarket,"Dairy, Eggs & Fridge",Just 4 You 12 Extra Large Caged Eggs 700g,893974,$3.50,$0.50 / 100G,https://www.woolworths.com.au/shop/productdetails/893974/just-4-you-12-extra-large-caged-eggs,https://cdn0.woolworths.media/content/wowproductimages/medium/893974.jpg,2020-09-21 17:27:05,,0,,True
899cbd30-36b0-4250-9b16-115ec6d2145a,Woolworths Supermarket,"Dairy, Eggs & Fridge",Woolworths Mozzarella Shredded Cheese 500g,728983,$6.00,$12.00 / 1KG,https://www.woolworths.com.au/shop/productdetails/728983/woolworths-mozzarella-shredded-cheese,https://cdn0.woolworths.media/content/wowproductimages/medium/728983.jpg,2020-09-21 17:27:05,Average product rating out of 5: 4.5. Product score is based on 469 ratings,469,,True
61f2554f-bf37-48d7-acc2-36b1f37ff3bc,Woolworths Supermarket,"Dairy, Eggs & Fridge",Woolworths Potato & Leek Soup 300g,412367,$3.00,$1.00 / 100G,https://www.woolworths.com.au/shop/productdetails/412367/woolworths-potato-leek-soup,https://cdn0.woolworths.media/content/wowproductimages/medium/412367.jpg,2020-09-21 17:27:05,,0,4 for $10.00 $0.83/100G,True
b7a894db-3ff2-4078-b795-904171c663b2,Woolworths Supermarket,"Dairy, Eggs & Fridge",Rokeby Farms Rokeby Farms Breakfast Smoothie Salted Caramel 425ml,413070,$4.00,$9.41 / 1L,https://www.woolworths.com.au/shop/productdetails/413070/rokeby-farms-rokeby-farms-breakfast-smoothie-salted-caramel,https://cdn0.woolworths.media/content/wowproductimages/medium/413070.jpg,2020-09-21 17:27:05,,0,,True
3e90e16c-67da-49b1-8515-6a6519d94ee6,Woolworths Supermarket,"Dairy, Eggs & Fridge",Latina Fresh Beef Lasagne 350g,426358,$8.00,$2.29 / 100G,https://www.woolworths.com.au/shop/productdetails/426358/latina-fresh-beef-lasagne,https://cdn0.woolworths.media/content/wowproductimages/medium/426358.jpg,2020-09-21 17:27:05,,0,,True
431f530f-08ac-436b-884b-6b0d4a9a3b19,Woolworths Supermarket,"Dairy, Eggs & Fridge",Creative Foods Garlic Bread White 250g,431902,$2.00,$0.80 / 100G,https://www.woolworths.com.au/shop/productdetails/431902/creative-foods-garlic-bread-white,https://cdn0.woolworths.media/content/wowproductimages/medium/431902.jpg,2020-09-21 17:27:05,,0,,True
7322975c-6563-4de0-aa0a-c7b144ed53f9,Woolworths Supermarket,"Dairy, Eggs & Fridge",Flora With Butter Margarine And A Pinch Of Sea Salt 400g,432756,$3.80,$0.95 / 100G,https://www.woolworths.com.au/shop/productdetails/432756/flora-with-butter-margarine-and-a-pinch-of-sea-salt,https://cdn0.woolworths.media/content/wowproductimages/medium/432756.jpg,2020-09-21 17:27:05,,0,Was $4.30 11/02/2019,True
633b0a85-fbc4-4eec-8ce8-5a3ed6e17ada,Woolworths Supermarket,"Dairy, Eggs & Fridge",Bertolli With Butter Margarine And A Pinch Of Sea Salt 400g,432759,$4.50,$1.13 / 100G,https://www.woolworths.com.au/shop/productdetails/432759/bertolli-with-butter-margarine-and-a-pinch-of-sea-salt,https://cdn0.woolworths.media/content/wowproductimages/medium/432759.jpg,2020-09-21 17:27:05,,0,Was $5.00 04/02/2019,True
27b7f533-37fa-4e4f-911a-010ff7a91ea3,Woolworths Supermarket,"Dairy, Eggs & Fridge",Chris' Heritage Goat Cheese & Black Truffle Dip 170g,432784,$6.00,$3.53 / 100G,https://www.woolworths.com.au/shop/productdetails/432784/chris-heritage-goat-cheese-black-truffle-dip,https://cdn0.woolworths.media/content/wowproductimages/medium/432784.jpg,2020-09-21 17:27:05,,0,,True
d10975c7-2e5f-4967-96e3-92cd29575dca,Woolworths Supermarket,"Dairy, Eggs & Fridge",Pauls Zymil Custard Vanilla 1kg,436516,$3.50,$0.35 / 100G,https://www.woolworths.com.au/shop/productdetails/436516/pauls-zymil-custard-vanilla,https://cdn0.woolworths.media/content/wowproductimages/medium/436516.jpg,2020-09-21 17:27:05,,0,,True
66f7713d-2567-41fb-82e2-5011abfff639,Woolworths Supermarket,"Dairy, Eggs & Fridge",Woolworths Mixed Leaf Iceberg Lettuce Blend 300g,447755,$3.00,$10.00 / 1KG,https://www.woolworths.com.au/shop/productdetails/447755/woolworths-mixed-leaf-iceberg-lettuce-blend,https://cdn0.woolworths.media/content/wowproductimages/medium/447755.jpg,2020-09-21 17:27:05,Average product rating out of 5: 3.7. Product score is based on 341 ratings,341,,True
14a99af6-1374-4be1-9365-658d3a4b4717,Woolworths Supermarket,"Dairy, Eggs & Fridge",Woolworths Mixed Baby Leaf Salad Mix 300g,447762,$5.00,$16.67 / 1KG,https://www.woolworths.com.au/shop/productdetails/447762/woolworths-mixed-baby-leaf-salad-mix,https://cdn0.woolworths.media/content/wowproductimages/medium/447762.jpg,2020-09-21 17:27:05,,0,,True
7d5ccbeb-5d55-4e96-8826-39e0ad3472e4,Woolworths Supermarket,"Dairy, Eggs & Fridge",Woolworths Brie 125g,452080,$3.00,$24.00 / 1KG,https://www.woolworths.com.au/shop/productdetails/452080/woolworths-brie,https://cdn0.woolworths.media/content/wowproductimages/medium/452080.jpg,2020-09-21 17:27:05,Average product rating out of 5: 4.1. Product score is based on 845 ratings,845,,True
c2d84bec-9b43-42ad-941d-d2a07a874a43,Woolworths Supermarket,"Dairy, Eggs & Fridge",Woolworths Camembert Cheese 125g,452082,$3.00,$24.00 / 1KG,https://www.woolworths.com.au/shop/productdetails/452082/woolworths-camembert-cheese,https://cdn0.woolworths.media/content/wowproductimages/medium/452082.jpg,2020-09-21 17:27:05,Average product rating out of 5: 4.5. Product score is based on 23 ratings,23,,True
bf7663ea-c9da-4225-9ff3-ada3187758cb,Woolworths Supermarket,"Dairy, Eggs & Fridge",Woolworths Greek Style Fetta 200g,452083,$3.00,$15.00 / 1KG,https://www.woolworths.com.au/shop/productdetails/452083/woolworths-greek-style-fetta,https://cdn0.woolworths.media/content/wowproductimages/medium/452083.jpg,2020-09-21 17:27:05,Average product rating out of 5: 4.4. Product score is based on 58 ratings,58,,True
1e1f64d7-8f39-4563-8837-bc4cc1360be7,Woolworths Supermarket,"Dairy, Eggs & Fridge",Woolworths Danish Style Fetta 200g,452086,$3.00,$15.00 / 1KG,https://www.woolworths.com.au/shop/productdetails/452086/woolworths-danish-style-fetta,https://cdn0.woolworths.media/content/wowproductimages/medium/452086.jpg,2020-09-21 17:27:05,Average product rating out of 5: 4.4. Product score is based on 859 ratings,859,,True
282c27a3-c4f2-4aec-80b0-779aad5af4dc,Woolworths Supermarket,"Dairy, Eggs & Fridge",Woolworths Natural Tasty Cheese & Crackers 1pk 50g,453300,$1.60,$32.00 / 1KG,https://www.woolworths.com.au/shop/productdetails/453300/woolworths-natural-tasty-cheese-crackers,https://cdn0.woolworths.media/content/wowproductimages/medium/453300.jpg,2020-09-21 17:27:05,Average product rating out of 5: 4.4. Product score is based on 749 ratings,749,,True
77e13134-8532-4fd3-bd02-bb02ae6aeebd,Woolworths Supermarket,"Dairy, Eggs & Fridge",Woolworths Cheese & Crackers Light Tasty 50g 1pk,453301,$1.60,$32.00 / 1KG,https://www.woolworths.com.au/shop/productdetails/453301/woolworths-cheese-crackers-light-tasty,https://cdn0.woolworths.media/content/wowproductimages/medium/453301.jpg,2020-09-21 17:27:05,Average product rating out of 5: 4.3. Product score is based on 295 ratings,295,,True
6943d2cc-d8a5-477f-bc74-aed7a1888e14,Woolworths Supermarket,"Dairy, Eggs & Fridge",Woolworths Tasty Cheese Sticks 160g,453303,$4.50,$28.13 / 1KG,https://www.woolworths.com.au/shop/productdetails/453303/woolworths-tasty-cheese-sticks,https://cdn0.woolworths.media/content/wowproductimages/medium/453303.jpg,2020-09-21 17:27:05,Average product rating out of 5: 4.1. Product score is based on 1031 ratings,1031,,True
94e6bca8-1bbe-42d1-bbb3-35519532d78e,Woolworths Supermarket,"Dairy, Eggs & Fridge",Woolworths Processed Cheese Slices Smokey 250g,453305,$2.90,$11.60 / 1KG,https://www.woolworths.com.au/shop/productdetails/453305/woolworths-processed-cheese-slices-smokey,https://cdn0.woolworths.media/content/wowproductimages/medium/453305.jpg,2020-09-21 17:27:05,Average product rating out of 5: 3.8. Product score is based on 371 ratings,371,,True
0312aa0d-8e13-473a-96af-33c650ca133b,Woolworths Supermarket,"Dairy, Eggs & Fridge",Woolworths Sandwich Cheese Slices 1kg,453306,$10.00,$10.00 / 1KG,https://www.woolworths.com.au/shop/productdetails/453306/woolworths-sandwich-cheese-slices,https://cdn0.woolworths.media/content/wowproductimages/medium/453306.jpg,2020-09-21 17:27:05,,0,,True
17e7c6ef-9caf-4545-887c-fbb60090613e,Woolworths Supermarket,"Dairy, Eggs & Fridge",Latina Fresh Carbonara Spaghetti 350g,454669,$8.00,$2.29 / 100G,https://www.woolworths.com.au/shop/productdetails/454669/latina-fresh-carbonara-spaghetti,https://cdn0.woolworths.media/content/wowproductimages/medium/454669.jpg,2020-09-21 17:27:05,,0,,True
983df637-433a-4dcd-82fd-e22bd0b460fe,Woolworths Supermarket,"Dairy, Eggs & Fridge",Jalna Sweet & Creamy Yoghurt Strawberry 1kg,463018,$7.50,$0.75 / 100G,https://www.woolworths.com.au/shop/productdetails/463018/jalna-sweet-creamy-yoghurt-strawberry,https://cdn0.woolworths.media/content/wowproductimages/medium/463018.jpg,2020-09-21 17:27:05,,0,,True
703cfed7-50e8-46c5-98f8-8fc52d7c8348,Woolworths Supermarket,"Dairy, Eggs & Fridge",Chobani Greek Yoghurt Plain Whole Milk 907g,463666,$6.50,$0.72 / 100G,https://www.woolworths.com.au/shop/productdetails/463666/chobani-greek-yoghurt-plain-whole-milk,https://cdn0.woolworths.media/content/wowproductimages/medium/463666.jpg,2020-09-21 17:27:05,,0,,True
4fa3187e-65f1-4342-a2b1-b5e09a8768c1,Woolworths Supermarket,"Dairy, Eggs & Fridge",Farmers Union Greek Style Yogurt Vanilla 950G,472302,$5.50,$0.58 / 100G,https://www.woolworths.com.au/shop/productdetails/472302/farmers-union-greek-style-yogurt-vanilla,https://cdn0.woolworths.media/content/wowproductimages/medium/472302.jpg,2020-09-21 17:27:05,,0,,True
b58c8df3-4cc1-4db9-949a-d43a6f578a7c,Woolworths Supermarket,"Dairy, Eggs & Fridge",Woolworths Ricotta Cheese 375g,474591,$3.00,$8.00 / 1KG,https://www.woolworths.com.au/shop/productdetails/474591/woolworths-ricotta-cheese,https://cdn0.woolworths.media/content/wowproductimages/medium/474591.jpg,2020-09-21 17:27:05,Average product rating out of 5: 4.5. Product score is based on 107 ratings,107,,True
8b5d4e58-5007-4118-8c60-22b1af86a9a7,Woolworths Supermarket,"Dairy, Eggs & Fridge",Perfect Italiano Shaved Parmesan 125g,360904,$3.25,$26.00 / 1KG,https://www.woolworths.com.au/shop/productdetails/360904/perfect-italiano-shaved-parmesan,https://cdn0.woolworths.media/content/wowproductimages/medium/360904.jpg,2020-09-21 17:27:05,,0,,True
5cb57750-48ea-4c4c-b479-a0c273d6b3d4,Woolworths Supermarket,"Dairy, Eggs & Fridge",Perfect Italiano Extra Sharp Grated Parmesan 125g,302306,$3.25,$26.00 / 1KG,https://www.woolworths.com.au/shop/productdetails/302306/perfect-italiano-extra-sharp-grated-parmesan,https://cdn0.woolworths.media/content/wowproductimages/medium/302306.jpg,2020-09-21 17:27:05,,0,,True
5279ae7d-33a6-459a-a024-b742c52c0b43,Woolworths Supermarket,"Dairy, Eggs & Fridge",Woolworths Thickened Cream 600ml,048720,$3.00,$0.50 / 100ML,https://www.woolworths.com.au/shop/productdetails/48720/woolworths-thickened-cream,https://cdn0.woolworths.media/content/wowproductimages/medium/048720.jpg,2020-09-21 17:27:05,Average product rating out of 5: 4.8. Product score is based on 740 ratings,740,,True
88d73b09-7c09-4ed8-8493-77bfc23b0c24,Woolworths Supermarket,"Dairy, Eggs & Fridge",Almond Breeze Unsweetened Almond Milk 1l,761604,$2.50,$2.50 / 1L,https://www.woolworths.com.au/shop/productdetails/761604/almond-breeze-unsweetened-almond-milk,https://cdn0.woolworths.media/content/wowproductimages/medium/761604.jpg,2020-09-21 17:27:05,,0,Was $3.25 13/03/2017,True
fd62fed4-3db8-4a69-8b13-bca94de81ab3,Woolworths Supermarket,"Dairy, Eggs & Fridge",Woolworths Drought Relief Lite Milk 3l,807386,$3.59,$1.20 / 1L,https://www.woolworths.com.au/shop/productdetails/807386/woolworths-drought-relief-lite-milk,https://cdn0.woolworths.media/content/wowproductimages/medium/807386.jpg,2020-09-21 17:27:05,,0,,True
75342531-304e-4147-bc30-c17f7cc09578,Woolworths Supermarket,"Dairy, Eggs & Fridge",Woolworths Thickened Cream 300ml,044317,$1.90,$0.63 / 100ML,https://www.woolworths.com.au/shop/productdetails/44317/woolworths-thickened-cream,https://cdn0.woolworths.media/content/wowproductimages/medium/044317.jpg,2020-09-21 17:27:05,Average product rating out of 5: 4.9. Product score is based on 629 ratings,629,,True
200cc7e5-2546-4670-aa5e-6c6b681d2944,Woolworths Supermarket,"Dairy, Eggs & Fridge",Western Star Original Spreadable 500g,069756,$6.00,$1.20 / 100G,https://www.woolworths.com.au/shop/productdetails/69756/western-star-original-spreadable,https://cdn0.woolworths.media/content/wowproductimages/medium/069756.jpg,2020-09-21 17:27:05,,0,,True
719cca1b-253a-4e48-8d5f-6bb7e719f338,Woolworths Supermarket,"Dairy, Eggs & Fridge",Hillview Tasty Shredded Cheese 700g,491820,$6.60,$9.43 / 1KG,https://www.woolworths.com.au/shop/productdetails/491820/hillview-tasty-shredded-cheese,https://cdn0.woolworths.media/content/wowproductimages/medium/491820.jpg,2020-09-21 17:27:05,Average product rating out of 5: 4.5. Product score is based on 48 ratings,48,,True
3655268d-71d7-43f1-82bc-b45123811c5f,Woolworths Supermarket,"Dairy, Eggs & Fridge",Woolworths Drought Relief Full Cream Milk 2l,807383,$2.39,$1.20 / 1L,https://www.woolworths.com.au/shop/productdetails/807383/woolworths-drought-relief-full-cream-milk,https://cdn0.woolworths.media/content/wowproductimages/medium/807383.jpg,2020-09-21 17:27:05,Average product rating out of 5: 4.7. Product score is based on 385 ratings,385,,True
32c29b30-1aa0-4240-9afa-e6327e1c79a9,Woolworths Supermarket,"Dairy, Eggs & Fridge",Woolworths Baby Leaf Spinach 120g,524322,$3.00,$25.00 / 1KG,https://www.woolworths.com.au/shop/productdetails/524322/woolworths-baby-leaf-spinach,https://cdn0.woolworths.media/content/wowproductimages/medium/524322.jpg,2020-09-21 17:27:05,Average product rating out of 5: 4.7. Product score is based on 2842 ratings,2842,,True
4bf8ca1e-b6c1-4f3a-9446-3a5e1caf167d,Woolworths Supermarket,"Dairy, Eggs & Fridge",Woolworths Uht Full Cream Milk 1l,748595,$1.25,$1.25 / 1L,https://www.woolworths.com.au/shop/productdetails/748595/woolworths-uht-full-cream-milk,https://cdn0.woolworths.media/content/wowproductimages/medium/748595.jpg,2020-09-21 17:27:05,Average product rating out of 5: 4.9. Product score is based on 36 ratings,36,,True
5b14f6a4-cf94-4e10-9348-4b598a05165f,Woolworths Supermarket,"Dairy, Eggs & Fridge",Woolworths Tasty Shredded Cheese 500g,729026,$6.00,$12.00 / 1KG,https://www.woolworths.com.au/shop/productdetails/729026/woolworths-tasty-shredded-cheese,https://cdn0.woolworths.media/content/wowproductimages/medium/729026.jpg,2020-09-21 17:27:05,Average product rating out of 5: 4.6. Product score is based on 500 ratings,500,,True
2b3f008e-6cbd-401c-90e9-e46975f9804f,Woolworths Supermarket,"Dairy, Eggs & Fridge",Woolworths Single Leaf Baby Spinach 280g,524336,$5.00,$17.86 / 1KG,https://www.woolworths.com.au/shop/productdetails/524336/woolworths-single-leaf-baby-spinach,https://cdn0.woolworths.media/content/wowproductimages/medium/524336.jpg,2020-09-21 17:27:05,Average product rating out of 5: 4.8. Product score is based on 532 ratings,532,,True
7068d808-93e2-40d4-aeb7-ce29a172ee87,Woolworths Supermarket,"Dairy, Eggs & Fridge",Woolworths Drought Relief Full Cream Milk 3l,807384,$3.59,$1.20 / 1L,https://www.woolworths.com.au/shop/productdetails/807384/woolworths-drought-relief-full-cream-milk,https://cdn0.woolworths.media/content/wowproductimages/medium/807384.jpg,2020-09-21 17:27:05,,0,,True
88a8d7a5-7eb7-47db-8390-2eb9182c16d0,Woolworths Supermarket,"Dairy, Eggs & Fridge",Woolworths Drought Relief Lite Milk 2l,807385,$2.39,$1.20 / 1L,https://www.woolworths.com.au/shop/productdetails/807385/woolworths-drought-relief-lite-milk,https://cdn0.woolworths.media/content/wowproductimages/medium/807385.jpg,2020-09-21 17:27:05,,0,,True
15f53cbd-590e-4caf-a851-52a84780c1ce,Woolworths Supermarket,"Dairy, Eggs & Fridge",Woolworths Baby Spinach Salad Bag 60g,379515,$2.00,$33.33 / 1KG,https://www.woolworths.com.au/shop/productdetails/379515/woolworths-baby-spinach-salad-bag,https://cdn0.woolworths.media/content/wowproductimages/medium/379515.jpg,2020-09-21 17:27:05,Average product rating out of 5: 4.7. Product score is based on 725 ratings,725,,True
f80bb1c0-c41c-4bdd-a6d8-8a1e4e27d650,Woolworths Supermarket,"Dairy, Eggs & Fridge",Woolworths Mozzarella Shredded Cheese 500g,728983,$6.00,$12.00 / 1KG,https://www.woolworths.com.au/shop/productdetails/728983/woolworths-mozzarella-shredded-cheese,https://cdn0.woolworths.media/content/wowproductimages/medium/728983.jpg,2020-09-21 17:27:05,Average product rating out of 5: 4.5. Product score is based on 469 ratings,469,,True
22822027-4dc5-43c2-a6a3-d65a08ef3b89,Woolworths Supermarket,"Dairy, Eggs & Fridge",Hillview Cheese Block 1kg,500187,$8.00,$8.00 / 1KG,https://www.woolworths.com.au/shop/productdetails/500187/hillview-cheese-block,https://cdn0.woolworths.media/content/wowproductimages/medium/500187.jpg,2020-09-21 17:27:05,Average product rating out of 5: 4.5. Product score is based on 66 ratings,66,,True
f8860293-955e-4640-8156-3546b52d0e3e,Woolworths Supermarket,"Dairy, Eggs & Fridge",Just 4 You 12 Extra Large Caged Eggs 700g,893974,$3.50,$0.50 / 100G,https://www.woolworths.com.au/shop/productdetails/893974/just-4-you-12-extra-large-caged-eggs,https://cdn0.woolworths.media/content/wowproductimages/medium/893974.jpg,2020-09-21 17:27:05,,0,,True
c45001ed-2a93-4e9d-a8ae-074097b8cd6d,Woolworths Supermarket,"Dairy, Eggs & Fridge",Woolworths Sour Cream 300ml,105609,$2.10,$0.70 / 100ML,https://www.woolworths.com.au/shop/productdetails/105609/woolworths-sour-cream,https://cdn0.woolworths.media/content/wowproductimages/medium/105609.jpg,2020-09-21 17:27:05,Average product rating out of 5: 4.5. Product score is based on 1353 ratings,1353,,True
c203f8f7-6d21-436d-b1e0-508b1ec795a6,Woolworths Supermarket,"Dairy, Eggs & Fridge",Woolworths Ricotta Light Cheese 375g,476205,$3.00,$8.00 / 1KG,https://www.woolworths.com.au/shop/productdetails/476205/woolworths-ricotta-light-cheese,https://cdn0.woolworths.media/content/wowproductimages/medium/476205.jpg,2020-09-21 17:27:05,Average product rating out of 5: 4.3. Product score is based on 1187 ratings,1187,,True
962aef6d-f342-437b-98b4-ad60ab379f4f,Woolworths Supermarket,"Dairy, Eggs & Fridge",Sanitarium So Good Chilled Unsweetened Almond Milk 1l,476794,$3.00,$3.00 / 1L,https://www.woolworths.com.au/shop/productdetails/476794/sanitarium-so-good-chilled-unsweetened-almond-milk,https://cdn0.woolworths.media/content/wowproductimages/medium/476794.jpg,2020-09-21 17:27:05,,0,,True
641a5f85-140c-406a-8a67-75cd8067933b,Woolworths Supermarket,"Dairy, Eggs & Fridge",Philadelphia Snack Tub Original 136g,477467,$3.50,$25.74 / 1KG,https://www.woolworths.com.au/shop/productdetails/477467/philadelphia-snack-tub-original,https://cdn0.woolworths.media/content/wowproductimages/medium/477467.jpg,2020-09-21 17:27:05,,0,,True
0ef33530-65fd-40ba-b5d0-f7e7abb07d0d,Woolworths Supermarket,"Dairy, Eggs & Fridge",Pauls Zymil Thickened Cream Lactose Free 300ml,477605,$3.35,$1.12 / 100ML,https://www.woolworths.com.au/shop/productdetails/477605/pauls-zymil-thickened-cream-lactose-free,https://cdn0.woolworths.media/content/wowproductimages/medium/477605.jpg,2020-09-21 17:27:05,,0,,True
4937e92d-b941-4edb-934d-27470ad06acb,Woolworths Supermarket,"Dairy, Eggs & Fridge",Philadelphia Light Cream Cheese Snack Tub 136g,477988,$3.50,$25.74 / 1KG,https://www.woolworths.com.au/shop/productdetails/477988/philadelphia-light-cream-cheese-snack-tub,https://cdn0.woolworths.media/content/wowproductimages/medium/477988.jpg,2020-09-21 17:27:05,,0,,True
541fed4e-6cba-45b8-987c-bafacd2d2c75,Woolworths Supermarket,"Dairy, Eggs & Fridge",Pace Farm Liberty Eggs 12 Jumbo Cage Free Eggs 800g,484383,$5.80,$0.73 / 100G,https://www.woolworths.com.au/shop/productdetails/484383/pace-farm-liberty-eggs-12-jumbo-cage-free-eggs,https://cdn0.woolworths.media/content/wowproductimages/medium/484383.jpg,2020-09-21 17:27:05,,0,,True
e69e7437-4e5a-4029-874b-f7c2b98a492b,Woolworths Supermarket,"Dairy, Eggs & Fridge",Lemnos Cheese Fetta 2 pack,485598,$6.50,$32.50 / 1KG,https://www.woolworths.com.au/shop/productdetails/485598/lemnos-cheese-fetta,https://cdn0.woolworths.media/content/wowproductimages/medium/485598.jpg,2020-09-21 17:27:05,,0,,True
a8c35007-b300-4f3b-8ca7-5deca3214b8f,Woolworths Supermarket,"Dairy, Eggs & Fridge",Coon Cheese Block Tasty 1kg,491254,$10.85,$10.85 / 1KG,https://www.woolworths.com.au/shop/productdetails/491254/coon-cheese-block-tasty,https://cdn0.woolworths.media/content/wowproductimages/medium/491254.jpg,2020-09-21 17:27:05,,0,,True
b6043ebd-bbbf-4f70-9c45-ed0b84ab4ec2,Woolworths Supermarket,"Dairy, Eggs & Fridge",Hillview Tasty Shredded Cheese 700g,491820,$6.60,$9.43 / 1KG,https://www.woolworths.com.au/shop/productdetails/491820/hillview-tasty-shredded-cheese,https://cdn0.woolworths.media/content/wowproductimages/medium/491820.jpg,2020-09-21 17:27:05,Average product rating out of 5: 4.5. Product score is based on 48 ratings,48,,True
5187510b-dc0d-4fa5-bb87-5dea87595492,Woolworths Supermarket,"Dairy, Eggs & Fridge",Woolworths Spread Olive Oil 500g,492690,$2.00,$0.40 / 100G,https://www.woolworths.com.au/shop/productdetails/492690/woolworths-spread-olive-oil,https://cdn0.woolworths.media/content/wowproductimages/medium/492690.jpg,2020-09-21 17:27:05,Average product rating out of 5: 3.9. Product score is based on 120 ratings,120,,True
0549df6c-8388-4bac-8bd7-646ae71b5dc2,Woolworths Supermarket,"Dairy, Eggs & Fridge",Hillview Cheese Block 1kg,500187,$8.00,$8.00 / 1KG,https://www.woolworths.com.au/shop/productdetails/500187/hillview-cheese-block,https://cdn0.woolworths.media/content/wowproductimages/medium/500187.jpg,2020-09-21 17:27:05,Average product rating out of 5: 4.5. Product score is based on 66 ratings,66,,True
91ffdd36-1494-4b7b-a2f6-81ea6dbafde8,Woolworths Supermarket,"Dairy, Eggs & Fridge",Westgold Butter Unsalted 400g,504590,$5.15,$1.29 / 100G,https://www.woolworths.com.au/shop/productdetails/504590/westgold-butter-unsalted,https://cdn0.woolworths.media/content/wowproductimages/medium/504590.jpg,2020-09-21 17:27:05,,0,,True
11a131fc-27e6-46cb-bbc1-dc2fea893c6e,Woolworths Supermarket,"Dairy, Eggs & Fridge",Westgold Butter Salted 400g,504592,$5.15,$1.29 / 100G,https://www.woolworths.com.au/shop/productdetails/504592/westgold-butter-salted,https://cdn0.woolworths.media/content/wowproductimages/medium/504592.jpg,2020-09-21 17:27:05,,0,,True
cf00d6e8-0697-41bf-a122-08a9632c9006,Woolworths Supermarket,"Dairy, Eggs & Fridge",Woolworths Thai Green Chicken Curry With Rice 350g,504792,$7.50,$2.14 / 100G,https://www.woolworths.com.au/shop/productdetails/504792/woolworths-thai-green-chicken-curry-with-rice,https://cdn0.woolworths.media/content/wowproductimages/medium/504792.jpg,2020-09-21 17:27:05,Average product rating out of 5: 3.0. Product score is based on 224 ratings,224,2 for $12.00 $1.71/100G,True
dfe6981e-71a1-4b8a-a54a-d96f908fab10,Woolworths Supermarket,"Dairy, Eggs & Fridge",Woolworths Thai Satay Chicken With Rice 350g,504795,$7.50,$2.14 / 100G,https://www.woolworths.com.au/shop/productdetails/504795/woolworths-thai-satay-chicken-with-rice,https://cdn0.woolworths.media/content/wowproductimages/medium/504795.jpg,2020-09-21 17:27:05,Average product rating out of 5: 3.7. Product score is based on 25 ratings,25,2 for $12.00 $1.71/100G,True
d782d072-93be-42af-b1f1-769fccddc4e8,Woolworths Supermarket,"Dairy, Eggs & Fridge",Tamar Valley Kids Yoghurt Pouch Vanilla 110g,508826,$1.80,$1.64 / 100G,https://www.woolworths.com.au/shop/productdetails/508826/tamar-valley-kids-yoghurt-pouch-vanilla,https://cdn0.woolworths.media/content/wowproductimages/medium/508826.jpg,2020-09-21 17:27:05,,0,,True
a0f51b70-ecbd-4105-b88e-56f1743b4a92,Woolworths Supermarket,"Dairy, Eggs & Fridge",Tamar Valley Kids Yoghurt Pouch Strawberry 110g,508827,$1.80,$1.64 / 100G,https://www.woolworths.com.au/shop/productdetails/508827/tamar-valley-kids-yoghurt-pouch-strawberry,https://cdn0.woolworths.media/content/wowproductimages/medium/508827.jpg,2020-09-21 17:27:05,,0,,True
a12033a2-b367-4c2a-a233-97ce70b0480b,Woolworths Supermarket,"Dairy, Eggs & Fridge",Tamar Valley Kids Yoghurt Pouch Tropical 110g,509491,$1.80,$1.64 / 100G,https://www.woolworths.com.au/shop/productdetails/509491/tamar-valley-kids-yoghurt-pouch-tropical,https://cdn0.woolworths.media/content/wowproductimages/medium/509491.jpg,2020-09-21 17:27:05,,0,,True
df34e8ac-5d62-4dd7-9b61-5542a797f499,Woolworths Supermarket,"Dairy, Eggs & Fridge",Devondale Extra Soft Butter Blend 750g,512321,$7.50,$1.00 / 100G,https://www.woolworths.com.au/shop/productdetails/512321/devondale-extra-soft-butter-blend,https://cdn0.woolworths.media/content/wowproductimages/medium/512321.jpg,2020-09-21 17:27:05,,0,,True
23c1f3b7-6571-469d-8416-485bc70b606e,Woolworths Supermarket,"Dairy, Eggs & Fridge",Woolworths Thai Style Salad Kit 315g,515547,$5.00,$1.59 / 100G,https://www.woolworths.com.au/shop/productdetails/515547/woolworths-thai-style-salad-kit,https://cdn0.woolworths.media/content/wowproductimages/medium/515547.jpg,2020-09-21 17:27:05,Average product rating out of 5: 4.1. Product score is based on 619 ratings,619,,True
28a6b540-d4c2-4411-b206-87996041bb32,Woolworths Supermarket,"Dairy, Eggs & Fridge",La Famiglia Garlic Bread Just For 2 170g,520533,$2.70,$1.59 / 100G,https://www.woolworths.com.au/shop/productdetails/520533/la-famiglia-garlic-bread-just-for-2,https://cdn0.woolworths.media/content/wowproductimages/medium/520533.jpg,2020-09-21 17:27:05,,0,Was $3.00 17/09/2017,True
3ddb81ba-bfbe-4494-9ed8-d927c9192188,Woolworths Supermarket,"Dairy, Eggs & Fridge",Woolworths Baby Leaf Spinach 120g,524322,$3.00,$25.00 / 1KG,https://www.woolworths.com.au/shop/productdetails/524322/woolworths-baby-leaf-spinach,https://cdn0.woolworths.media/content/wowproductimages/medium/524322.jpg,2020-09-21 17:27:05,Average product rating out of 5: 4.7. Product score is based on 2842 ratings,2842,,True
b04a2e61-2443-4d4a-8bcb-bea4c616ec5f,Woolworths Supermarket,"Dairy, Eggs & Fridge",Woolworths Single Leaf Baby Spinach 280g,524336,$5.00,$17.86 / 1KG,https://www.woolworths.com.au/shop/productdetails/524336/woolworths-single-leaf-baby-spinach,https://cdn0.woolworths.media/content/wowproductimages/medium/524336.jpg,2020-09-21 17:27:05,Average product rating out of 5: 4.8. Product score is based on 532 ratings,532,,True
81305231-d450-4c93-a5e5-357aee97a304,Woolworths Supermarket,"Dairy, Eggs & Fridge",Woolworths Light Tasty Cheese Block 250g,526950,$4.00,$16.00 / 1KG,https://www.woolworths.com.au/shop/productdetails/526950/woolworths-light-tasty-cheese-block,https://cdn0.woolworths.media/content/wowproductimages/medium/526950.jpg,2020-09-21 17:27:05,,0,,True
d1d2504e-6522-46a4-b701-779245dd1102,Woolworths Supermarket,"Dairy, Eggs & Fridge",Woolworths Baby Spinach Salad Bag 60g,379515,$2.00,$33.33 / 1KG,https://www.woolworths.com.au/shop/productdetails/379515/woolworths-baby-spinach-salad-bag,https://cdn0.woolworths.media/content/wowproductimages/medium/379515.jpg,2020-09-21 17:27:05,Average product rating out of 5: 4.7. Product score is based on 725 ratings,725,,True
5e61f80b-a2b1-4ff0-944d-8fca4ff8231b,Woolworths Supermarket,"Dairy, Eggs & Fridge",A2 Light Milk 2l,208066,$5.30,$2.65 / 1L,https://www.woolworths.com.au/shop/productdetails/208066/a2-light-milk,https://cdn0.woolworths.media/content/wowproductimages/medium/208066.jpg,2020-09-21 17:27:05,,0,,True
8930bc2d-b5c6-48a0-a581-e2cf2da3fc94,Woolworths Supermarket,"Dairy, Eggs & Fridge",Dairy Farmers Thick & Creamy Classic Vanilla Yoghurt 150g,777320,$1.00,$0.67 / 100G,https://www.woolworths.com.au/shop/productdetails/777320/dairy-farmers-thick-creamy-classic-vanilla-yoghurt,https://cdn0.woolworths.media/content/wowproductimages/medium/777320.jpg,2020-09-21 17:27:05,,0,,True
f770d41d-f841-4af0-8257-bb8792ef5dad,Woolworths Supermarket,"Dairy, Eggs & Fridge",Woolworths Mozzarella Shredded Cheese 500g,728983,$6.00,$12.00 / 1KG,https://www.woolworths.com.au/shop/productdetails/728983/woolworths-mozzarella-shredded-cheese,https://cdn0.woolworths.media/content/wowproductimages/medium/728983.jpg,2020-09-21 17:27:05,Average product rating out of 5: 4.5. Product score is based on 469 ratings,469,,True
c3ead1ee-53d0-4c4b-bb2c-c3a39bc56672,Woolworths Supermarket,"Dairy, Eggs & Fridge",Macro Firm Tofu 450g,023038,$3.50,$7.78 / 1KG,https://www.woolworths.com.au/shop/productdetails/23038/macro-firm-tofu,https://cdn0.woolworths.media/content/wowproductimages/medium/023038.jpg,2020-09-21 17:27:05,Average product rating out of 5: 4.1. Product score is based on 270 ratings,270,,True
c7d6b20a-4125-4244-9fa3-6661196d2ff5,Woolworths Supermarket,"Dairy, Eggs & Fridge",Dairy Farmers Thick & Creamy Yellow Box Honey Yoghurt 150g,768112,$1.00,$0.67 / 100G,https://www.woolworths.com.au/shop/productdetails/768112/dairy-farmers-thick-creamy-yellow-box-honey-yoghurt,https://cdn0.woolworths.media/content/wowproductimages/medium/768112.jpg,2020-09-21 17:27:05,,0,,True
78550ab1-4dde-4fc9-949c-12d41b910a0a,Woolworths Supermarket,"Dairy, Eggs & Fridge",Western Star Original Spreadable 500g,069756,$6.00,$1.20 / 100G,https://www.woolworths.com.au/shop/productdetails/69756/western-star-original-spreadable,https://cdn0.woolworths.media/content/wowproductimages/medium/069756.jpg,2020-09-21 17:27:05,,0,,True
4d0efced-5e00-4c04-9938-22ba9aa96ec1,Woolworths Supermarket,"Dairy, Eggs & Fridge",Tamar Valley Kids Yoghurt Pouch Vanilla 110g,508826,$1.80,$1.64 / 100G,https://www.woolworths.com.au/shop/productdetails/508826/tamar-valley-kids-yoghurt-pouch-vanilla,https://cdn0.woolworths.media/content/wowproductimages/medium/508826.jpg,2020-09-21 17:27:05,,0,,True
c350b51c-0816-4ed7-b8c5-fd6ec68c13a1,Woolworths Supermarket,"Dairy, Eggs & Fridge",Pauls Yoghurt Pouch Vanilla Kids Yoghurt 70g,705258,$1.40,$2.00 / 100G,https://www.woolworths.com.au/shop/productdetails/705258/pauls-yoghurt-pouch-vanilla-kids-yoghurt,https://cdn0.woolworths.media/content/wowproductimages/medium/705258.jpg,2020-09-21 17:27:05,,0,,True
60fc93b4-7993-4915-9035-f5249a3bc996,Woolworths Supermarket,"Dairy, Eggs & Fridge",Devondale Salted Butter 250g,075645,$3.20,$1.28 / 100G,https://www.woolworths.com.au/shop/productdetails/75645/devondale-salted-butter,https://cdn0.woolworths.media/content/wowproductimages/medium/075645.jpg,2020-09-21 17:27:05,,0,,True
217108b3-187e-45ac-8b2d-be203f8bf6c6,Woolworths Supermarket,"Dairy, Eggs & Fridge",Tasmanian Heritage Double Brie Cheese 250g,077182,$11.80,$47.20 / 1KG,https://www.woolworths.com.au/shop/productdetails/77182/tasmanian-heritage-double-brie-cheese,https://cdn0.woolworths.media/content/wowproductimages/medium/077182.jpg,2020-09-21 17:27:05,,0,,True
777d2904-22f5-4873-bc80-e76419f47c26,Woolworths Supermarket,"Dairy, Eggs & Fridge",Pace Farm 12 Extra Large Free Range Eggs 700g,092953,$5.95,$0.85 / 100G,https://www.woolworths.com.au/shop/productdetails/92953/pace-farm-12-extra-large-free-range-eggs,https://cdn0.woolworths.media/content/wowproductimages/medium/092953.jpg,2020-09-21 17:27:05,,0,,True
348fbb7f-1453-4406-828a-fa856d441330,Woolworths Supermarket,"Dairy, Eggs & Fridge",Woolworths Classic Coleslaw 200g,531041,$2.00,$10.00 / 1KG,https://www.woolworths.com.au/shop/productdetails/531041/woolworths-classic-coleslaw,https://cdn0.woolworths.media/content/wowproductimages/medium/531041.jpg,2020-09-21 17:27:05,Average product rating out of 5: 4.2. Product score is based on 371 ratings,371,,True
e6068498-cff9-4346-9613-b8381f2cf944,Woolworths Supermarket,"Dairy, Eggs & Fridge",Chobani No Fat Raspberry Yoghurt 170g,752079,$1.80,$1.06 / 100G,https://www.woolworths.com.au/shop/productdetails/752079/chobani-no-fat-raspberry-yoghurt,https://cdn0.woolworths.media/content/wowproductimages/medium/752079.jpg,2020-09-21 17:27:05,,0,Was $2.00 26/04/2020,True
1cd34063-0c6c-4d8e-8a33-c0761f1d4b84,Woolworths Supermarket,"Dairy, Eggs & Fridge",Meadowlea Original Spread 500g,048016,$3.30,$0.66 / 100G,https://www.woolworths.com.au/shop/productdetails/48016/meadowlea-original-spread,https://cdn0.woolworths.media/content/wowproductimages/medium/048016.jpg,2020-09-21 17:27:05,,0,,True
e082a508-feec-4cdd-a5a5-fc1cb57c895c,Woolworths Supermarket,"Dairy, Eggs & Fridge",Dairy Farmers Thick & Creamy Mango & Passionfruit Yoghurt 150g,768054,$1.00,$0.67 / 100G,https://www.woolworths.com.au/shop/productdetails/768054/dairy-farmers-thick-creamy-mango-passionfruit-yoghurt,https://cdn0.woolworths.media/content/wowproductimages/medium/768054.jpg,2020-09-21 17:27:05,,0,,True
9ed5abaf-c9c4-4907-9f38-cb1fdd1d5803,Woolworths Supermarket,"Dairy, Eggs & Fridge",Pauls Zymil Light Lactose Free Milk 1l,144000,$3.10,$3.10 / 1L,https://www.woolworths.com.au/shop/productdetails/144000/pauls-zymil-light-lactose-free-milk,https://cdn0.woolworths.media/content/wowproductimages/medium/144000.jpg,2020-09-21 17:27:05,,0,,True
cc494b18-ec3a-4a05-b07a-28a3ba224fa6,Woolworths Supermarket,"Dairy, Eggs & Fridge",Woolworths Beef Lasagne 2kg,194648,$12.50,$6.25 / 1KG,https://www.woolworths.com.au/shop/productdetails/194648/woolworths-beef-lasagne,https://cdn0.woolworths.media/content/wowproductimages/medium/194648.jpg,2020-09-21 17:27:05,Average product rating out of 5: 3.5. Product score is based on 598 ratings,598,Was $15.5 24/09/2018,True
88581cf9-bb18-480e-8c9b-d666f5d27056,Woolworths Supermarket,"Dairy, Eggs & Fridge",Woolworths Vanilla Yoghurt Pouch 70g,891954,$0.75,$1.07 / 100G,https://www.woolworths.com.au/shop/productdetails/891954/woolworths-vanilla-yoghurt-pouch,https://cdn0.woolworths.media/content/wowproductimages/medium/891954.jpg,2020-09-21 17:27:05,Average product rating out of 5: 4.2. Product score is based on 476 ratings,476,,True
676dd978-1699-43ca-af41-e62a7ef5a720,Woolworths Supermarket,"Dairy, Eggs & Fridge",Devondale 3 Cheese Blend Shredded Cheese 600g,807863,$7.50,$12.50 / 1KG,https://www.woolworths.com.au/shop/productdetails/807863/devondale-3-cheese-blend-shredded-cheese,https://cdn0.woolworths.media/content/wowproductimages/medium/807863.jpg,2020-09-21 17:27:05,,0,,True
3882b999-d5a6-47fe-8185-4ad238153639,Woolworths Supermarket,"Dairy, Eggs & Fridge",Tasmanian Heritage Blue Cheese Snack 80g,527178,$3.50,$43.75 / 1KG,https://www.woolworths.com.au/shop/productdetails/527178/tasmanian-heritage-blue-cheese-snack,https://cdn0.woolworths.media/content/wowproductimages/medium/527178.jpg,2020-09-21 17:27:05,,0,3 for $9.00 $37.50/1KG,True
ed0443f5-788f-447a-81dc-37f1d87e0bb0,Woolworths Supermarket,"Dairy, Eggs & Fridge",Tasmanian Heritage Double Brie Cheese Snack 80g,527179,$3.50,$43.75 / 1KG,https://www.woolworths.com.au/shop/productdetails/527179/tasmanian-heritage-double-brie-cheese-snack,https://cdn0.woolworths.media/content/wowproductimages/medium/527179.jpg,2020-09-21 17:27:05,,0,3 for $9.00 $37.50/1KG,True
7cb6ad29-fe4e-4467-b761-1f58e23b71a5,Woolworths Supermarket,"Dairy, Eggs & Fridge",South Cape Havarti Cheese Snack 80g,527330,$3.50,$43.75 / 1KG,https://www.woolworths.com.au/shop/productdetails/527330/south-cape-havarti-cheese-snack,https://cdn0.woolworths.media/content/wowproductimages/medium/527330.jpg,2020-09-21 17:27:05,,0,3 for $9.00 $37.50/1KG,True
e81109e9-702d-45ca-a5c7-ebccbadb9e3b,Woolworths Supermarket,"Dairy, Eggs & Fridge",Woolworths Classic Coleslaw 200g,531041,$2.00,$10.00 / 1KG,https://www.woolworths.com.au/shop/productdetails/531041/woolworths-classic-coleslaw,https://cdn0.woolworths.media/content/wowproductimages/medium/531041.jpg,2020-09-21 17:27:05,Average product rating out of 5: 4.2. Product score is based on 371 ratings,371,,True
cd9f680c-33e9-4de9-bcf3-4ff6475fc71e,Woolworths Supermarket,"Dairy, Eggs & Fridge",Yumi's Avocado Dip 200g,531709,$4.00,$2.00 / 100G,https://www.woolworths.com.au/shop/productdetails/531709/yumi-s-avocado-dip,https://cdn0.woolworths.media/content/wowproductimages/medium/531709.jpg,2020-09-21 17:27:05,,0,,True
0e7f2aeb-51f0-4bdf-9b2b-2bdd9370aa33,Woolworths Supermarket,"Dairy, Eggs & Fridge",Gippsland Yoghurt Boysenberry 720g,535635,$7.00,$0.97 / 100G,https://www.woolworths.com.au/shop/productdetails/535635/gippsland-yoghurt-boysenberry,https://cdn0.woolworths.media/content/wowproductimages/medium/535635.jpg,2020-09-21 17:27:05,,0,,True
54242269-20b3-4d96-be30-1e0956f9d3f8,Woolworths Supermarket,"Dairy, Eggs & Fridge",Woolworths Mozzarella Shredded Cheese 250g,536508,$4.20,$16.80 / 1KG,https://www.woolworths.com.au/shop/productdetails/536508/woolworths-mozzarella-shredded-cheese,https://cdn0.woolworths.media/content/wowproductimages/medium/536508.jpg,2020-09-21 17:27:05,Average product rating out of 5: 4.6. Product score is based on 669 ratings,669,,True
afd97199-85b4-43d9-8f4c-f6976d183fa6,Woolworths Supermarket,"Dairy, Eggs & Fridge",Latina Fresh Ready Meal Ricotta Feta & Spinach Cannelloni 350g,537578,$8.00,$2.29 / 100G,https://www.woolworths.com.au/shop/productdetails/537578/latina-fresh-ready-meal-ricotta-feta-spinach-cannelloni,https://cdn0.woolworths.media/content/wowproductimages/medium/537578.jpg,2020-09-21 17:27:05,,0,,True
4a0d1029-e7af-4f24-ba14-eac141b56f67,Woolworths Supermarket,"Dairy, Eggs & Fridge",Woolworths Classic Coleslaw 250g,546843,$3.00,$1.20 / 100G,https://www.woolworths.com.au/shop/productdetails/546843/woolworths-classic-coleslaw,https://cdn0.woolworths.media/content/wowproductimages/medium/546843.jpg,2020-09-21 17:27:05,,0,,True
a81056ac-9d5d-458c-b887-f8aca75dea67,Woolworths Supermarket,"Dairy, Eggs & Fridge",Woolworths Creamy Potato Salad 250g,546844,$3.00,$1.20 / 100G,https://www.woolworths.com.au/shop/productdetails/546844/woolworths-creamy-potato-salad,https://cdn0.woolworths.media/content/wowproductimages/medium/546844.jpg,2020-09-21 17:27:05,,0,,True
9600f27d-0144-4378-97c1-01eea64a20cc,Woolworths Supermarket,"Dairy, Eggs & Fridge",Woolworths Creamy Pasta Salad 250g,546845,$3.00,$1.20 / 100G,https://www.woolworths.com.au/shop/productdetails/546845/woolworths-creamy-pasta-salad,https://cdn0.woolworths.media/content/wowproductimages/medium/546845.jpg,2020-09-21 17:27:05,,0,,True
837bd70c-f075-4f52-9162-077d068f1cf0,Woolworths Supermarket,"Dairy, Eggs & Fridge",Bulla Sour Cream 400ml,547135,$4.20,$1.05 / 100ML,https://www.woolworths.com.au/shop/productdetails/547135/bulla-sour-cream,https://cdn0.woolworths.media/content/wowproductimages/medium/547135.jpg,2020-09-21 17:27:05,,0,,True
a0b1c1d7-630f-458e-967b-4526c0dc8d02,Woolworths Supermarket,"Dairy, Eggs & Fridge",Bulla Sour Cream Light 400ml,547136,$4.20,$1.05 / 100ML,https://www.woolworths.com.au/shop/productdetails/547136/bulla-sour-cream-light,https://cdn0.woolworths.media/content/wowproductimages/medium/547136.jpg,2020-09-21 17:27:05,,0,,True
a817fcc2-368c-4144-b2cb-ff6ee6b57216,Woolworths Supermarket,"Dairy, Eggs & Fridge",Pauls Milky Max Custard Strawberry Strawberry 70g,548220,$1.50,$2.14 / 100G,https://www.woolworths.com.au/shop/productdetails/548220/pauls-milky-max-custard-strawberry-strawberry,https://cdn0.woolworths.media/content/wowproductimages/medium/548220.jpg,2020-09-21 17:27:05,,0,,True
8c6331e7-05fd-4637-823e-b969d0291a38,Woolworths Supermarket,"Dairy, Eggs & Fridge",Mainland On The Go Snack Caramelised Onion 110g,549579,$5.00,$45.45 / 1KG,https://www.woolworths.com.au/shop/productdetails/549579/mainland-on-the-go-snack-caramelised-onion,https://cdn0.woolworths.media/content/wowproductimages/medium/549579.jpg,2020-09-21 17:27:05,,0,,True
4c366628-37d5-413d-be99-d1d84adaf8a5,Woolworths Supermarket,"Dairy, Eggs & Fridge",Oak Milk Strawberry 750ml,550583,$3.15,$4.20 / 1L,https://www.woolworths.com.au/shop/productdetails/550583/oak-milk-strawberry,https://cdn0.woolworths.media/content/wowproductimages/medium/550583.jpg,2020-09-21 17:27:05,,0,,True
ba2a8ea2-d88d-4d79-b0d4-7de73c319b5b,Woolworths Supermarket,"Dairy, Eggs & Fridge",Farmhouse Gold Custard Vanilla 800g,551858,$5.00,$0.63 / 100G,https://www.woolworths.com.au/shop/productdetails/551858/farmhouse-gold-custard-vanilla,https://cdn0.woolworths.media/content/wowproductimages/medium/551858.jpg,2020-09-21 17:27:05,,0,,True
1aabd6ea-bb0a-44b0-80cc-165f9df589d5,Woolworths Supermarket,"Dairy, Eggs & Fridge",Cocobella Cocobella Coconut Yoghurt Natural 500g,553016,$6.00,$1.20 / 100G,https://www.woolworths.com.au/shop/productdetails/553016/cocobella-cocobella-coconut-yoghurt-natural,https://cdn0.woolworths.media/content/wowproductimages/medium/553016.jpg,2020-09-21 17:27:05,,0,,True
aa1586c6-be13-4a0f-8fd7-4dd8218452b2,Woolworths Supermarket,"Dairy, Eggs & Fridge",Nakula Coconut Yoghurt Natural 500g,554891,$6.00,$1.20 / 100G,https://www.woolworths.com.au/shop/productdetails/554891/nakula-coconut-yoghurt-natural,https://cdn0.woolworths.media/content/wowproductimages/medium/554891.jpg,2020-09-21 17:27:05,,0,Was $7.00 13/05/2019,True
6cc07750-3729-4a1d-ba38-52135f101a59,Woolworths Supermarket,"Dairy, Eggs & Fridge",Hillview Cheese Slices Reduced Fat 500g,558547,$3.90,$7.80 / 1KG,https://www.woolworths.com.au/shop/productdetails/558547/hillview-cheese-slices-reduced-fat,https://cdn0.woolworths.media/content/wowproductimages/medium/558547.jpg,2020-09-21 17:27:05,Average product rating out of 5: 4.3. Product score is based on 62 ratings,62,,True
636b3add-d8f5-4299-b5d0-76e676d0f9c1,Woolworths Supermarket,"Dairy, Eggs & Fridge",Hillview Cheese Slices Full Fat 500g,558548,$3.90,$7.80 / 1KG,https://www.woolworths.com.au/shop/productdetails/558548/hillview-cheese-slices-full-fat,https://cdn0.woolworths.media/content/wowproductimages/medium/558548.jpg,2020-09-21 17:27:05,Average product rating out of 5: 3.9. Product score is based on 842 ratings,842,,True
153d5519-f071-4ac2-b30b-e3af768902d2,Woolworths Supermarket,"Dairy, Eggs & Fridge",Daly Potato Co. Bacon & Dijon Potato Salad 400g,558774,$5.50,,https://www.woolworths.com.au/shop/productdetails/558774/daly-potato-co-bacon-dijon-potato-salad,https://cdn0.woolworths.media/content/wowproductimages/medium/558774.jpg,2020-09-21 17:27:05,,0,,True
3d3f21ae-9747-4459-8bd8-3137fe0d517f,Woolworths Supermarket,"Dairy, Eggs & Fridge",Daly Potato Co. Spring Onion & Garlic Aioli Potato Salad 400g,558785,$5.50,,https://www.woolworths.com.au/shop/productdetails/558785/daly-potato-co-spring-onion-garlic-aioli-potato-salad,https://cdn0.woolworths.media/content/wowproductimages/medium/558785.jpg,2020-09-21 17:27:05,,0,,True
70a2a208-10e8-4fe7-adec-b3f4cc740609,Woolworths Supermarket,"Dairy, Eggs & Fridge",Vitasoy Protein Plus Unsweetened Soy Milk 1l,564472,$3.00,$3.00 / 1L,https://www.woolworths.com.au/shop/productdetails/564472/vitasoy-protein-plus-unsweetened-soy-milk,https://cdn0.woolworths.media/content/wowproductimages/medium/564472.jpg,2020-09-21 17:27:05,,0,,True
dde8fb95-2fe5-4b71-98de-3a661e3bdeb8,Woolworths Supermarket,"Dairy, Eggs & Fridge",Woolworths Baby Spinach Salad Bag 60g,379515,$2.00,$33.33 / 1KG,https://www.woolworths.com.au/shop/productdetails/379515/woolworths-baby-spinach-salad-bag,https://cdn0.woolworths.media/content/wowproductimages/medium/379515.jpg,2020-09-21 17:27:05,Average product rating out of 5: 4.7. Product score is based on 725 ratings,725,,True
02a8e5d3-16cf-4c55-a6f8-084f012fdb43,Woolworths Supermarket,"Dairy, Eggs & Fridge",A2 Light Milk 2l,208066,$5.30,$2.65 / 1L,https://www.woolworths.com.au/shop/productdetails/208066/a2-light-milk,https://cdn0.woolworths.media/content/wowproductimages/medium/208066.jpg,2020-09-21 17:27:05,,0,,True
9061131d-b1ee-434c-9144-1ca9d8c2c389,Woolworths Supermarket,"Dairy, Eggs & Fridge",Dairy Farmers Thick & Creamy Classic Vanilla Yoghurt 150g,777320,$1.00,$0.67 / 100G,https://www.woolworths.com.au/shop/productdetails/777320/dairy-farmers-thick-creamy-classic-vanilla-yoghurt,https://cdn0.woolworths.media/content/wowproductimages/medium/777320.jpg,2020-09-21 17:27:05,,0,,True
009b535d-8b1c-4971-ac87-3c519cbb897b,Woolworths Supermarket,"Dairy, Eggs & Fridge",Woolworths Mozzarella Shredded Cheese 500g,728983,$6.00,$12.00 / 1KG,https://www.woolworths.com.au/shop/productdetails/728983/woolworths-mozzarella-shredded-cheese,https://cdn0.woolworths.media/content/wowproductimages/medium/728983.jpg,2020-09-21 17:27:05,Average product rating out of 5: 4.5. Product score is based on 469 ratings,469,,True
ff479971-d783-42c1-9e43-e59ef977502f,Woolworths Supermarket,"Dairy, Eggs & Fridge",Macro Firm Tofu 450g,023038,$3.50,$7.78 / 1KG,https://www.woolworths.com.au/shop/productdetails/23038/macro-firm-tofu,https://cdn0.woolworths.media/content/wowproductimages/medium/023038.jpg,2020-09-21 17:27:05,Average product rating out of 5: 4.1. Product score is based on 270 ratings,270,,True
117419bd-9fc0-4c6a-bc4c-1469ec10e8d7,Woolworths Supermarket,"Dairy, Eggs & Fridge",Dairy Farmers Thick & Creamy Yellow Box Honey Yoghurt 150g,768112,$1.00,$0.67 / 100G,https://www.woolworths.com.au/shop/productdetails/768112/dairy-farmers-thick-creamy-yellow-box-honey-yoghurt,https://cdn0.woolworths.media/content/wowproductimages/medium/768112.jpg,2020-09-21 17:27:05,,0,,True
65ef7bb5-a22c-4aad-a756-04ed3ac69042,Woolworths Supermarket,"Dairy, Eggs & Fridge",Western Star Original Spreadable 500g,069756,$6.00,$1.20 / 100G,https://www.woolworths.com.au/shop/productdetails/69756/western-star-original-spreadable,https://cdn0.woolworths.media/content/wowproductimages/medium/069756.jpg,2020-09-21 17:27:05,,0,,True
48167bd8-6e78-4e6f-b363-dec460be3560,Woolworths Supermarket,"Dairy, Eggs & Fridge",Tamar Valley Kids Yoghurt Pouch Vanilla 110g,508826,$1.80,$1.64 / 100G,https://www.woolworths.com.au/shop/productdetails/508826/tamar-valley-kids-yoghurt-pouch-vanilla,https://cdn0.woolworths.media/content/wowproductimages/medium/508826.jpg,2020-09-21 17:27:05,,0,,True
15dd2b23-beba-4354-8a36-f463f4930b7a,Woolworths Supermarket,"Dairy, Eggs & Fridge",Pauls Yoghurt Pouch Vanilla Kids Yoghurt 70g,705258,$1.40,$2.00 / 100G,https://www.woolworths.com.au/shop/productdetails/705258/pauls-yoghurt-pouch-vanilla-kids-yoghurt,https://cdn0.woolworths.media/content/wowproductimages/medium/705258.jpg,2020-09-21 17:27:05,,0,,True
6cf913ac-922e-4eb0-8b53-02a2d995a1fa,Woolworths Supermarket,"Dairy, Eggs & Fridge",Devondale Salted Butter 250g,075645,$3.20,$1.28 / 100G,https://www.woolworths.com.au/shop/productdetails/75645/devondale-salted-butter,https://cdn0.woolworths.media/content/wowproductimages/medium/075645.jpg,2020-09-21 17:27:05,,0,,True
f68966d9-06ed-45b1-98bc-b8c64f33c562,Woolworths Supermarket,"Dairy, Eggs & Fridge",Tasmanian Heritage Double Brie Cheese 250g,077182,$11.80,$47.20 / 1KG,https://www.woolworths.com.au/shop/productdetails/77182/tasmanian-heritage-double-brie-cheese,https://cdn0.woolworths.media/content/wowproductimages/medium/077182.jpg,2020-09-21 17:27:05,,0,,True
4ca82fa9-9afa-405d-bbd5-d9767e15f0cc,Woolworths Supermarket,"Dairy, Eggs & Fridge",Pace Farm 12 Extra Large Free Range Eggs 700g,092953,$5.95,$0.85 / 100G,https://www.woolworths.com.au/shop/productdetails/92953/pace-farm-12-extra-large-free-range-eggs,https://cdn0.woolworths.media/content/wowproductimages/medium/092953.jpg,2020-09-21 17:27:05,,0,,True
ed5ed471-0d51-457c-8ff5-82d97408eba7,Woolworths Supermarket,"Dairy, Eggs & Fridge",Woolworths Classic Coleslaw 200g,531041,$2.00,$10.00 / 1KG,https://www.woolworths.com.au/shop/productdetails/531041/woolworths-classic-coleslaw,https://cdn0.woolworths.media/content/wowproductimages/medium/531041.jpg,2020-09-21 17:27:05,Average product rating out of 5: 4.2. Product score is based on 371 ratings,371,,True
9819ac1e-594f-4d56-8f34-58f8d15d780e,Woolworths Supermarket,"Dairy, Eggs & Fridge",Chobani No Fat Raspberry Yoghurt 170g,752079,$1.80,$1.06 / 100G,https://www.woolworths.com.au/shop/productdetails/752079/chobani-no-fat-raspberry-yoghurt,https://cdn0.woolworths.media/content/wowproductimages/medium/752079.jpg,2020-09-21 17:27:05,,0,Was $2.00 26/04/2020,True
d3f3f5ad-8385-4818-884e-1e4383cac866,Woolworths Supermarket,"Dairy, Eggs & Fridge",Meadowlea Original Spread 500g,048016,$3.30,$0.66 / 100G,https://www.woolworths.com.au/shop/productdetails/48016/meadowlea-original-spread,https://cdn0.woolworths.media/content/wowproductimages/medium/048016.jpg,2020-09-21 17:27:05,,0,,True
30262b2b-1836-447a-a0dd-ff3c87aafe35,Woolworths Supermarket,"Dairy, Eggs & Fridge",Dairy Farmers Thick & Creamy Mango & Passionfruit Yoghurt 150g,768054,$1.00,$0.67 / 100G,https://www.woolworths.com.au/shop/productdetails/768054/dairy-farmers-thick-creamy-mango-passionfruit-yoghurt,https://cdn0.woolworths.media/content/wowproductimages/medium/768054.jpg,2020-09-21 17:27:05,,0,,True
cc9422ba-b975-407e-9b2e-2849461b4143,Woolworths Supermarket,"Dairy, Eggs & Fridge",Pauls Zymil Light Lactose Free Milk 1l,144000,$3.10,$3.10 / 1L,https://www.woolworths.com.au/shop/productdetails/144000/pauls-zymil-light-lactose-free-milk,https://cdn0.woolworths.media/content/wowproductimages/medium/144000.jpg,2020-09-21 17:27:05,,0,,True
9a745d51-de90-4eb7-8d69-8eb6b4b81849,Woolworths Supermarket,"Dairy, Eggs & Fridge",Woolworths Beef Lasagne 2kg,194648,$12.50,$6.25 / 1KG,https://www.woolworths.com.au/shop/productdetails/194648/woolworths-beef-lasagne,https://cdn0.woolworths.media/content/wowproductimages/medium/194648.jpg,2020-09-21 17:27:05,Average product rating out of 5: 3.5. Product score is based on 598 ratings,598,Was $15.5 24/09/2018,True
21c03c79-6654-44d5-acf7-93faa3d01811,Woolworths Supermarket,"Dairy, Eggs & Fridge",Woolworths Vanilla Yoghurt Pouch 70g,891954,$0.75,$1.07 / 100G,https://www.woolworths.com.au/shop/productdetails/891954/woolworths-vanilla-yoghurt-pouch,https://cdn0.woolworths.media/content/wowproductimages/medium/891954.jpg,2020-09-21 17:27:05,Average product rating out of 5: 4.2. Product score is based on 476 ratings,476,,True
3bcf2838-53fb-41e4-9474-79fd084bcda8,Woolworths Supermarket,"Dairy, Eggs & Fridge",Devondale 3 Cheese Blend Shredded Cheese 600g,807863,$7.50,$12.50 / 1KG,https://www.woolworths.com.au/shop/productdetails/807863/devondale-3-cheese-blend-shredded-cheese,https://cdn0.woolworths.media/content/wowproductimages/medium/807863.jpg,2020-09-21 17:27:05,,0,,True
fab58581-cb4f-42cd-aae1-75312af97452,Woolworths Supermarket,"Dairy, Eggs & Fridge",Woolworths Banana Yoghurt Pouch 70g,569764,$0.75,$1.07 / 100G,https://www.woolworths.com.au/shop/productdetails/569764/woolworths-banana-yoghurt-pouch,https://cdn0.woolworths.media/content/wowproductimages/medium/569764.jpg,2020-09-21 17:27:05,Average product rating out of 5: 4.6. Product score is based on 41 ratings,41,,True
275bd727-ce10-4abf-a02f-62162384e4f5,Woolworths Supermarket,"Dairy, Eggs & Fridge",Woolworths Greek Style Yoghurt 1kg,571487,$3.90,$0.39 / 100G,https://www.woolworths.com.au/shop/productdetails/571487/woolworths-greek-style-yoghurt,https://cdn0.woolworths.media/content/wowproductimages/medium/571487.jpg,2020-09-21 17:27:05,Average product rating out of 5: 4.4. Product score is based on 139 ratings,139,,True
baec93a7-5d48-4c65-aa71-5fd0b6f78fea,Woolworths Supermarket,"Dairy, Eggs & Fridge",Woolworths Family Classics Tuna Mornay 1.1kg,574602,$10.00,$0.91 / 100G,https://www.woolworths.com.au/shop/productdetails/574602/woolworths-family-classics-tuna-mornay,https://cdn0.woolworths.media/content/wowproductimages/medium/574602.jpg,2020-09-21 17:27:05,Average product rating out of 5: 3.9. Product score is based on 161 ratings,161,Was $12.00 01/05/2018,True
5e0f332c-023c-458b-bb56-137637f5ddfe,Woolworths Supermarket,"Dairy, Eggs & Fridge",Australia's Own Unsweetened Coconut Milk 1l,575869,$2.80,$2.80 / 1L,https://www.woolworths.com.au/shop/productdetails/575869/australia-s-own-unsweetened-coconut-milk,https://cdn0.woolworths.media/content/wowproductimages/medium/575869.jpg,2020-09-21 17:27:05,,0,Was $3.80 30/10/2017,True
2e856a63-03bd-4ab2-b4c1-d27524c5a2cc,Woolworths Supermarket,"Dairy, Eggs & Fridge",Woolworths 12 Large Free Range Eggs 600g,577959,$4.10,$0.68 / 100G,https://www.woolworths.com.au/shop/productdetails/577959/woolworths-12-large-free-range-eggs,https://cdn0.woolworths.media/content/wowproductimages/medium/577959.jpg,2020-09-21 17:27:05,,0,,True
d5b043cb-865f-4cd9-9a72-999d94e364d5,Woolworths Supermarket,"Dairy, Eggs & Fridge",Dairyworks Tasty Cheese & Rice Cracker 10 pack,578498,$10.00,$33.33 / 1KG,https://www.woolworths.com.au/shop/productdetails/578498/dairyworks-tasty-cheese-rice-cracker,https://cdn0.woolworths.media/content/wowproductimages/medium/578498.jpg,2020-09-21 17:27:05,,0,,True
288da393-9e01-46e6-bf7b-9a4355b3e6ab,Woolworths Supermarket,"Dairy, Eggs & Fridge",Flora Proactiv Margarine Buttery 250g,580630,$4.50,$1.80 / 100G,https://www.woolworths.com.au/shop/productdetails/580630/flora-proactiv-margarine-buttery,https://cdn0.woolworths.media/content/wowproductimages/medium/580630.jpg,2020-09-21 17:27:05,,0,Was $5.50 27/03/2017,True
72df0972-eb3f-45a5-9bc2-d97b7a7d2aae,Woolworths Supermarket,"Dairy, Eggs & Fridge",Woolworths Cook Cauliflower Broccoli & Carrot With Herb Butter 200g,583617,$4.50,$22.50 / 1KG,https://www.woolworths.com.au/shop/productdetails/583617/woolworths-cook-cauliflower-broccoli-carrot-with-herb-butter,https://cdn0.woolworths.media/content/wowproductimages/medium/583617.jpg,2020-09-21 17:27:05,Average product rating out of 5: 3.6. Product score is based on 147 ratings,147,,True
f7ff35a1-c503-4f45-b19c-6dfff9e1067a,Woolworths Supermarket,"Dairy, Eggs & Fridge",Barista Bros Iced Chocolate Flavoured Milk 700ml,585091,$3.50,$5.00 / 1L,https://www.woolworths.com.au/shop/productdetails/585091/barista-bros-iced-chocolate-flavoured-milk,https://cdn0.woolworths.media/content/wowproductimages/medium/585091.jpg,2020-09-21 17:27:05,,0,,True
4be41090-52d8-4b51-9e1f-83c623b68602,Woolworths Supermarket,"Dairy, Eggs & Fridge",Barista Bros Double Espresso Iced Coffee Flavoured Milk 700ml,585102,$3.50,$5.00 / 1L,https://www.woolworths.com.au/shop/productdetails/585102/barista-bros-double-espresso-iced-coffee-flavoured-milk,https://cdn0.woolworths.media/content/wowproductimages/medium/585102.jpg,2020-09-21 17:27:05,,0,,True
21268a96-b304-4361-ab67-fa3ef2ff14a1,Woolworths Supermarket,"Dairy, Eggs & Fridge",Toscano Chocolate Truffle 450g,586414,$8.00,$1.78 / 100G,https://www.woolworths.com.au/shop/productdetails/586414/toscano-chocolate-truffle,https://cdn0.woolworths.media/content/wowproductimages/medium/586414.jpg,2020-09-21 17:27:05,,0,,True
861ebb54-f81b-41ab-802d-a432b41d5bf0,Woolworths Supermarket,"Dairy, Eggs & Fridge",Big M Flavoured Milk Strawberry 300ml bottle,591943,$1.60,$5.33 / 1L,https://www.woolworths.com.au/shop/productdetails/591943/big-m-flavoured-milk-strawberry,https://cdn0.woolworths.media/content/wowproductimages/medium/591943.jpg,2020-09-21 17:27:05,,0,,True
d1a8a011-459b-4401-b09e-a9e6e54defd2,Woolworths Supermarket,"Dairy, Eggs & Fridge",Big M Flavoured Milk Chocolate 300ml bottle,592042,$1.60,$5.33 / 1L,https://www.woolworths.com.au/shop/productdetails/592042/big-m-flavoured-milk-chocolate,https://cdn0.woolworths.media/content/wowproductimages/medium/592042.jpg,2020-09-21 17:27:05,,0,,True
67e8c7c0-455c-45bf-8ab8-5df2c8f2ddaf,Woolworths Supermarket,"Dairy, Eggs & Fridge",Evergreen Fresh Hard Tofu 650g,595465,$4.80,$7.38 / 1KG,https://www.woolworths.com.au/shop/productdetails/595465/evergreen-fresh-hard-tofu,https://cdn0.woolworths.media/content/wowproductimages/medium/595465.jpg,2020-09-21 17:27:05,,0,,True
7012a8ff-2885-4c5b-afcb-2fb2eee49d73,Woolworths Supermarket,"Dairy, Eggs & Fridge",Evergreen Firm Tofu 900g,595587,$4.70,$5.22 / 1KG,https://www.woolworths.com.au/shop/productdetails/595587/evergreen-firm-tofu,https://cdn0.woolworths.media/content/wowproductimages/medium/595587.jpg,2020-09-21 17:27:05,,0,,True
63865fe2-3182-4961-a5d0-8a7f312af89a,Woolworths Supermarket,"Dairy, Eggs & Fridge",Evergreen Classic Tofu 500g,595589,$3.25,$6.50 / 1KG,https://www.woolworths.com.au/shop/productdetails/595589/evergreen-classic-tofu,https://cdn0.woolworths.media/content/wowproductimages/medium/595589.jpg,2020-09-21 17:27:05,,0,,True
6ea8dfcf-9bd7-4a23-92bb-84d9b88b30ef,Woolworths Supermarket,"Dairy, Eggs & Fridge",Evergreen Fried Tofu Puff 200g,595730,$4.70,$23.50 / 1KG,https://www.woolworths.com.au/shop/productdetails/595730/evergreen-fried-tofu-puff,https://cdn0.woolworths.media/content/wowproductimages/medium/595730.jpg,2020-09-21 17:27:05,,0,,True
1c91ed21-e688-4dd8-a173-65264e22cf2e,Woolworths Supermarket,"Dairy, Eggs & Fridge",Evergreen Original Tofu 900g,595732,$4.70,$5.22 / 1KG,https://www.woolworths.com.au/shop/productdetails/595732/evergreen-original-tofu,https://cdn0.woolworths.media/content/wowproductimages/medium/595732.jpg,2020-09-21 17:27:05,,0,,True
628fa309-97c2-4746-9063-359d9707ab98,Woolworths Supermarket,"Dairy, Eggs & Fridge",Evergreen Regular Tofu 900g,595733,$4.70,$5.22 / 1KG,https://www.woolworths.com.au/shop/productdetails/595733/evergreen-regular-tofu,https://cdn0.woolworths.media/content/wowproductimages/medium/595733.jpg,2020-09-21 17:27:05,,0,,True
8bc469c6-0d02-48cf-98dd-6594417334dc,Woolworths Supermarket,"Dairy, Eggs & Fridge",Evergreen Fresh Egg Noddle 500g,595735,$3.00,$6.00 / 1KG,https://www.woolworths.com.au/shop/productdetails/595735/evergreen-fresh-egg-noddle,https://cdn0.woolworths.media/content/wowproductimages/medium/595735.jpg,2020-09-21 17:27:05,,0,,True
00185176-4b70-4dda-a88d-3cba94a38a59,Woolworths Supermarket,"Dairy, Eggs & Fridge",Evergreen Yang Chun Noodle 500g,595736,$2.50,$5.00 / 1KG,https://www.woolworths.com.au/shop/productdetails/595736/evergreen-yang-chun-noodle,https://cdn0.woolworths.media/content/wowproductimages/medium/595736.jpg,2020-09-21 17:27:05,,0,,True
fa6cb670-2ff9-4444-8c26-bc8301424e7a,Woolworths Supermarket,"Dairy, Eggs & Fridge",Evergreen La Mein Noodle 500g,595737,$2.50,$5.00 / 1KG,https://www.woolworths.com.au/shop/productdetails/595737/evergreen-la-mein-noodle,https://cdn0.woolworths.media/content/wowproductimages/medium/595737.jpg,2020-09-21 17:27:05,,0,,True
77bd14fb-2fed-4eb4-ad46-ec60328ea2d5,Woolworths Supermarket,"Dairy, Eggs & Fridge",Evergreen Momen Tofu 500g,596100,$3.25,$6.50 / 1KG,https://www.woolworths.com.au/shop/productdetails/596100/evergreen-momen-tofu,https://cdn0.woolworths.media/content/wowproductimages/medium/596100.jpg,2020-09-21 17:27:05,,0,,True
15bae2c9-4f23-4325-9cf1-eb4c67c3d08c,Woolworths Supermarket,"Dairy, Eggs & Fridge",Evergreen Classic Tofu 300g,596103,$2.10,$7.00 / 1KG,https://www.woolworths.com.au/shop/productdetails/596103/evergreen-classic-tofu,https://cdn0.woolworths.media/content/wowproductimages/medium/596103.jpg,2020-09-21 17:27:05,,0,,True
9216a7b0-c02d-4988-8bbf-c4c2f4fb4ad1,Woolworths Supermarket,"Dairy, Eggs & Fridge",Perfect Italiano Shaved Parmesan 125g,360904,$3.25,$26.00 / 1KG,https://www.woolworths.com.au/shop/productdetails/360904/perfect-italiano-shaved-parmesan,https://cdn0.woolworths.media/content/wowproductimages/medium/360904.jpg,2020-09-21 17:27:05,,0,,True
19285c64-e61d-405a-835a-75b0c92006e5,Woolworths Supermarket,"Dairy, Eggs & Fridge",Woolworths Drought Relief Full Cream Milk 3l,807384,$3.59,$1.20 / 1L,https://www.woolworths.com.au/shop/productdetails/807384/woolworths-drought-relief-full-cream-milk,https://cdn0.woolworths.media/content/wowproductimages/medium/807384.jpg,2020-09-21 17:27:05,,0,,True
2d73a8a4-df08-4696-abc9-a79afd656e83,Woolworths Supermarket,"Dairy, Eggs & Fridge",Just 4 You 12 Extra Large Caged Eggs 700g,893974,$3.50,$0.50 / 100G,https://www.woolworths.com.au/shop/productdetails/893974/just-4-you-12-extra-large-caged-eggs,https://cdn0.woolworths.media/content/wowproductimages/medium/893974.jpg,2020-09-21 17:27:05,,0,,True
d4038606-fdd3-40a6-8727-75e846c6be4f,Woolworths Supermarket,"Dairy, Eggs & Fridge",Woolworths Single Leaf Baby Spinach 280g,524336,$5.00,$17.86 / 1KG,https://www.woolworths.com.au/shop/productdetails/524336/woolworths-single-leaf-baby-spinach,https://cdn0.woolworths.media/content/wowproductimages/medium/524336.jpg,2020-09-21 17:27:05,Average product rating out of 5: 4.8. Product score is based on 532 ratings,532,,True
a089569a-1af1-464d-8177-51271916816b,Woolworths Supermarket,"Dairy, Eggs & Fridge",Woolworths Thickened Cream 300ml,044317,$1.90,$0.63 / 100ML,https://www.woolworths.com.au/shop/productdetails/44317/woolworths-thickened-cream,https://cdn0.woolworths.media/content/wowproductimages/medium/044317.jpg,2020-09-21 17:27:05,Average product rating out of 5: 4.9. Product score is based on 629 ratings,629,,True
75a23178-1770-4d38-84b1-5f4c76cc110a,Woolworths Supermarket,"Dairy, Eggs & Fridge",Woolworths Thickened Cream 600ml,048720,$3.00,$0.50 / 100ML,https://www.woolworths.com.au/shop/productdetails/48720/woolworths-thickened-cream,https://cdn0.woolworths.media/content/wowproductimages/medium/048720.jpg,2020-09-21 17:27:05,Average product rating out of 5: 4.8. Product score is based on 740 ratings,740,,True
d697f1bf-cb88-4d8c-9486-7fe679d1ced6,Woolworths Supermarket,"Dairy, Eggs & Fridge",Hillview Cheese Block 1kg,500187,$8.00,$8.00 / 1KG,https://www.woolworths.com.au/shop/productdetails/500187/hillview-cheese-block,https://cdn0.woolworths.media/content/wowproductimages/medium/500187.jpg,2020-09-21 17:27:05,Average product rating out of 5: 4.5. Product score is based on 66 ratings,66,,True
e1b17073-4bac-4803-a87f-6e7fd14c4f0e,Woolworths Supermarket,"Dairy, Eggs & Fridge",Woolworths Baby Leaf Spinach 120g,524322,$3.00,$25.00 / 1KG,https://www.woolworths.com.au/shop/productdetails/524322/woolworths-baby-leaf-spinach,https://cdn0.woolworths.media/content/wowproductimages/medium/524322.jpg,2020-09-21 17:27:05,Average product rating out of 5: 4.7. Product score is based on 2842 ratings,2842,,True
20abfb20-f1bf-4680-9f66-7b987d022dc0,Woolworths Supermarket,"Dairy, Eggs & Fridge",Woolworths Sour Cream 300ml,105609,$2.10,$0.70 / 100ML,https://www.woolworths.com.au/shop/productdetails/105609/woolworths-sour-cream,https://cdn0.woolworths.media/content/wowproductimages/medium/105609.jpg,2020-09-21 17:27:05,Average product rating out of 5: 4.5. Product score is based on 1353 ratings,1353,,True
2b32242f-356f-4635-b297-edfce5bb5bd0,Woolworths Supermarket,"Dairy, Eggs & Fridge",Woolworths Tasty Shredded Cheese 500g,729026,$6.00,$12.00 / 1KG,https://www.woolworths.com.au/shop/productdetails/729026/woolworths-tasty-shredded-cheese,https://cdn0.woolworths.media/content/wowproductimages/medium/729026.jpg,2020-09-21 17:27:05,Average product rating out of 5: 4.6. Product score is based on 500 ratings,500,,True
cd84bcfd-0cd8-4ad4-ad53-10dd62dfe2ad,Woolworths Supermarket,"Dairy, Eggs & Fridge",Woolworths Baby Spinach Salad Bag 60g,379515,$2.00,$33.33 / 1KG,https://www.woolworths.com.au/shop/productdetails/379515/woolworths-baby-spinach-salad-bag,https://cdn0.woolworths.media/content/wowproductimages/medium/379515.jpg,2020-09-21 17:27:05,Average product rating out of 5: 4.7. Product score is based on 725 ratings,725,,True
4e828c51-71c1-49d4-adc3-1f6dcf1e1a2e,Woolworths Supermarket,"Dairy, Eggs & Fridge",Woolworths Uht Full Cream Milk 1l,748595,$1.25,$1.25 / 1L,https://www.woolworths.com.au/shop/productdetails/748595/woolworths-uht-full-cream-milk,https://cdn0.woolworths.media/content/wowproductimages/medium/748595.jpg,2020-09-21 17:27:05,Average product rating out of 5: 4.9. Product score is based on 36 ratings,36,,True
f4e7228f-dfd5-4b22-8512-97686cf40949,Woolworths Supermarket,"Dairy, Eggs & Fridge",Western Star Original Spreadable 500g,069756,$6.00,$1.20 / 100G,https://www.woolworths.com.au/shop/productdetails/69756/western-star-original-spreadable,https://cdn0.woolworths.media/content/wowproductimages/medium/069756.jpg,2020-09-21 17:27:05,,0,,True
f3780fb0-7889-4199-9022-38585f5cca8a,Woolworths Supermarket,"Dairy, Eggs & Fridge",Hillview Tasty Shredded Cheese 700g,491820,$6.60,$9.43 / 1KG,https://www.woolworths.com.au/shop/productdetails/491820/hillview-tasty-shredded-cheese,https://cdn0.woolworths.media/content/wowproductimages/medium/491820.jpg,2020-09-21 17:27:05,Average product rating out of 5: 4.5. Product score is based on 48 ratings,48,,True
f4ead3cb-b456-41c4-bf22-8679708625c1,Woolworths Supermarket,"Dairy, Eggs & Fridge",Woolworths Drought Relief Full Cream Milk 2l,807383,$2.39,$1.20 / 1L,https://www.woolworths.com.au/shop/productdetails/807383/woolworths-drought-relief-full-cream-milk,https://cdn0.woolworths.media/content/wowproductimages/medium/807383.jpg,2020-09-21 17:27:05,Average product rating out of 5: 4.7. Product score is based on 385 ratings,385,,True
1b2e171b-6c52-454d-b51f-5b272f9084c3,Woolworths Supermarket,"Dairy, Eggs & Fridge",Almond Breeze Unsweetened Almond Milk 1l,761604,$2.50,$2.50 / 1L,https://www.woolworths.com.au/shop/productdetails/761604/almond-breeze-unsweetened-almond-milk,https://cdn0.woolworths.media/content/wowproductimages/medium/761604.jpg,2020-09-21 17:27:05,,0,Was $3.25 13/03/2017,True
4c8b4b86-b2cd-4df1-8863-dd2776a677ee,Woolworths Supermarket,"Dairy, Eggs & Fridge",Woolworths Drought Relief Lite Milk 2l,807385,$2.39,$1.20 / 1L,https://www.woolworths.com.au/shop/productdetails/807385/woolworths-drought-relief-lite-milk,https://cdn0.woolworths.media/content/wowproductimages/medium/807385.jpg,2020-09-21 17:27:05,,0,,True
9efc2cab-a77e-433f-83f6-bd51dbcf2872,Woolworths Supermarket,"Dairy, Eggs & Fridge",Woolworths Drought Relief Lite Milk 3l,807386,$3.59,$1.20 / 1L,https://www.woolworths.com.au/shop/productdetails/807386/woolworths-drought-relief-lite-milk,https://cdn0.woolworths.media/content/wowproductimages/medium/807386.jpg,2020-09-21 17:27:05,,0,,True
ad23f86f-dedc-4617-a187-404f2ce4865e,Woolworths Supermarket,"Dairy, Eggs & Fridge",Woolworths Mozzarella Shredded Cheese 500g,728983,$6.00,$12.00 / 1KG,https://www.woolworths.com.au/shop/productdetails/728983/woolworths-mozzarella-shredded-cheese,https://cdn0.woolworths.media/content/wowproductimages/medium/728983.jpg,2020-09-21 17:27:05,Average product rating out of 5: 4.5. Product score is based on 469 ratings,469,,True
60ada3e8-dfce-4303-b710-1e029e862152,Woolworths Supermarket,"Dairy, Eggs & Fridge",Perfect Italiano Extra Sharp Grated Parmesan 125g,302306,$3.25,$26.00 / 1KG,https://www.woolworths.com.au/shop/productdetails/302306/perfect-italiano-extra-sharp-grated-parmesan,https://cdn0.woolworths.media/content/wowproductimages/medium/302306.jpg,2020-09-21 17:27:05,,0,,True
9e143f6b-00db-4069-a815-82c0a1e3be1d,Woolworths Supermarket,"Dairy, Eggs & Fridge",Evergreen Sugar Free Soya Drink 2l,596965,$4.50,$2.25 / 1L,https://www.woolworths.com.au/shop/productdetails/596965/evergreen-sugar-free-soya-drink,https://cdn0.woolworths.media/content/wowproductimages/medium/596965.jpg,2020-09-21 17:27:05,,0,,True
896dd1e2-b1a0-4cbc-a57b-7a8dc3b0c352,Woolworths Supermarket,"Dairy, Eggs & Fridge",Evergreen Sweeten Soy Drink 2l,597070,$4.50,$2.25 / 1L,https://www.woolworths.com.au/shop/productdetails/597070/evergreen-sweeten-soy-drink,https://cdn0.woolworths.media/content/wowproductimages/medium/597070.jpg,2020-09-21 17:27:05,,0,,True
dd12f254-1e85-46f9-a72e-c3f46d8c3d8c,Woolworths Supermarket,"Dairy, Eggs & Fridge",Evergreen Pandan Soya Drink 2l,597074,$4.60,$2.30 / 1L,https://www.woolworths.com.au/shop/productdetails/597074/evergreen-pandan-soya-drink,https://cdn0.woolworths.media/content/wowproductimages/medium/597074.jpg,2020-09-21 17:27:05,,0,,True
61443707-5792-4bcd-9882-5f7519fae93f,Woolworths Supermarket,"Dairy, Eggs & Fridge",Almond Breeze Barista Blend Blue Diamond 1l,601864,$3.00,$3.00 / 1L,https://www.woolworths.com.au/shop/productdetails/601864/almond-breeze-barista-blend-blue-diamond,https://cdn0.woolworths.media/content/wowproductimages/medium/601864.jpg,2020-09-21 17:27:05,,0,,True
198431b1-4e5a-4474-b909-ade3a70ae454,Woolworths Supermarket,"Dairy, Eggs & Fridge",Latina Fresh Ready Meal Angus Beef & Vegetable Lasagne 1.6kg,601940,$18.90,$1.18 / 100G,https://www.woolworths.com.au/shop/productdetails/601940/latina-fresh-ready-meal-angus-beef-vegetable-lasagne,https://cdn0.woolworths.media/content/wowproductimages/medium/601940.jpg,2020-09-21 17:27:05,,0,,True
02448278-6f1e-4bcf-b54c-d5fe83ccfdc2,Woolworths Supermarket,"Dairy, Eggs & Fridge",The Goods Living & Fermented Original Sauerkraut 500g,606057,$6.00,$12.00 / 1KG,https://www.woolworths.com.au/shop/productdetails/606057/the-goods-living-fermented-original-sauerkraut,https://cdn0.woolworths.media/content/wowproductimages/medium/606057.jpg,2020-09-21 17:27:05,,0,Was $7.00 11/06/2018,True
d4f59b4d-d4f0-4e30-ae6f-0bcbe6a83a09,Woolworths Supermarket,"Dairy, Eggs & Fridge",The Goods Living & Fermented Spicy Sauerkraut 500g,606058,$6.00,$12.00 / 1KG,https://www.woolworths.com.au/shop/productdetails/606058/the-goods-living-fermented-spicy-sauerkraut,https://cdn0.woolworths.media/content/wowproductimages/medium/606058.jpg,2020-09-21 17:27:05,,0,Was $7.00 11/06/2018,True
3949a5e6-acbe-4bda-ad74-2f718f7acdc1,Woolworths Supermarket,"Dairy, Eggs & Fridge",Chobani Flip Greek Yoghurt Salted Caramel Crunch 140g,611738,$2.00,$1.43 / 100G,https://www.woolworths.com.au/shop/productdetails/611738/chobani-flip-greek-yoghurt-salted-caramel-crunch,https://cdn0.woolworths.media/content/wowproductimages/medium/611738.jpg,2020-09-21 17:27:05,,0,,True
72921740-2953-4544-847e-eeb8889d1e77,Woolworths Supermarket,"Dairy, Eggs & Fridge",Chobani Flip Greek Yoghurt Key Lime Crumble 140g,611808,$2.00,$1.43 / 100G,https://www.woolworths.com.au/shop/productdetails/611808/chobani-flip-greek-yoghurt-key-lime-crumble,https://cdn0.woolworths.media/content/wowproductimages/medium/611808.jpg,2020-09-21 17:27:05,,0,,True
763e1cf4-b83e-496a-941f-4e486bfb703e,Woolworths Supermarket,"Dairy, Eggs & Fridge",Chobani Flip Greek Yoghurt Mint Choc Chip 140g,611904,$2.00,$1.43 / 100G,https://www.woolworths.com.au/shop/productdetails/611904/chobani-flip-greek-yoghurt-mint-choc-chip,https://cdn0.woolworths.media/content/wowproductimages/medium/611904.jpg,2020-09-21 17:27:05,,0,,True
81fc5cdf-70b3-437a-9621-bf75a51c3139,Woolworths Supermarket,"Dairy, Eggs & Fridge",Chobani Greek Yoghurt Limited Edition 170g,612010,$1.80,$1.06 / 100G,https://www.woolworths.com.au/shop/productdetails/612010/chobani-greek-yoghurt-limited-edition,https://cdn0.woolworths.media/content/wowproductimages/medium/612010.jpg,2020-09-21 17:27:05,,0,Was $2.00 26/04/2020,True
e2001828-d21c-4b24-94f3-f2803f80a20c,Woolworths Supermarket,"Dairy, Eggs & Fridge",Riverina Reduced Fat Fetta Cheese 1kg,614440,$15.00,$15.00 / 1KG,https://www.woolworths.com.au/shop/productdetails/614440/riverina-reduced-fat-fetta-cheese,https://cdn0.woolworths.media/content/wowproductimages/medium/614440.jpg,2020-09-21 17:27:05,,0,,True
9ac85b51-bb75-4fed-b98e-2e0eba6afb7a,Woolworths Supermarket,"Dairy, Eggs & Fridge",The Culture Co. Probiotic Kefir Natural 1kg,617253,$6.80,$0.68 / 100G,https://www.woolworths.com.au/shop/productdetails/617253/the-culture-co-probiotic-kefir-natural,https://cdn0.woolworths.media/content/wowproductimages/medium/617253.jpg,2020-09-21 17:27:05,,0,,True
095570e0-c7e0-4ebf-9596-a9ffb2b230cf,Woolworths Supermarket,"Dairy, Eggs & Fridge",Leggos Fresh Napoli Sauce 450g,618571,$4.00,$0.89 / 100G,https://www.woolworths.com.au/shop/productdetails/618571/leggos-fresh-napoli-sauce,https://cdn0.woolworths.media/content/wowproductimages/medium/618571.jpg,2020-09-21 17:27:05,,0,,True
46aa48a7-a447-4889-aebc-c6699e1c089c,Woolworths Supermarket,"Dairy, Eggs & Fridge",Leggos Fresh Bolognese Sauce 250g,618610,$3.50,$1.40 / 100G,https://www.woolworths.com.au/shop/productdetails/618610/leggos-fresh-bolognese-sauce,https://cdn0.woolworths.media/content/wowproductimages/medium/618610.jpg,2020-09-21 17:27:05,,0,,True
ef2467fe-d593-4a39-b4f4-6e4267687d1c,Woolworths Supermarket,"Dairy, Eggs & Fridge",Leggos Fresh Napoli Sauce 250g,618611,$3.50,$1.40 / 100G,https://www.woolworths.com.au/shop/productdetails/618611/leggos-fresh-napoli-sauce,https://cdn0.woolworths.media/content/wowproductimages/medium/618611.jpg,2020-09-21 17:27:05,,0,,True
d62677bb-8c28-48bb-9633-8b5bf3af63b9,Woolworths Supermarket,"Dairy, Eggs & Fridge",Leggos Fresh Pasta Sauce Bolognese 450g,618612,$4.00,$0.89 / 100G,https://www.woolworths.com.au/shop/productdetails/618612/leggos-fresh-pasta-sauce-bolognese,https://cdn0.woolworths.media/content/wowproductimages/medium/618612.jpg,2020-09-21 17:27:05,,0,,True
90350435-12ec-476c-a83c-93582b399e36,Woolworths Supermarket,"Dairy, Eggs & Fridge",Leggos Veal Tortellini 630g,618616,$4.00,$0.63 / 100G,https://www.woolworths.com.au/shop/productdetails/618616/leggos-veal-tortellini,https://cdn0.woolworths.media/content/wowproductimages/medium/618616.jpg,2020-09-21 17:27:05,,0,,True
f357d92c-d0b9-45b9-826b-6180319c38eb,Woolworths Supermarket,"Dairy, Eggs & Fridge",Nakula Coconut Yoghurt Passionfruit 500g,619358,$6.00,$1.20 / 100G,https://www.woolworths.com.au/shop/productdetails/619358/nakula-coconut-yoghurt-passionfruit,https://cdn0.woolworths.media/content/wowproductimages/medium/619358.jpg,2020-09-21 17:27:05,,0,Was $7.00 13/05/2019,True
93082633-c601-49e9-98e2-064b7a50eca3,Woolworths Supermarket,"Dairy, Eggs & Fridge",Nakula Coconut Yoghurt Mango 500g,619376,$6.00,$1.20 / 100G,https://www.woolworths.com.au/shop/productdetails/619376/nakula-coconut-yoghurt-mango,https://cdn0.woolworths.media/content/wowproductimages/medium/619376.jpg,2020-09-21 17:27:05,,0,Was $7.00 13/05/2019,True
84862683-2d10-4a60-af76-28cbdde7fc46,Woolworths Supermarket,"Dairy, Eggs & Fridge",Oak Plus High Protein Flavoured Milk Chocolate 500ml,620120,$3.25,$6.50 / 1L,https://www.woolworths.com.au/shop/productdetails/620120/oak-plus-high-protein-flavoured-milk-chocolate,https://cdn0.woolworths.media/content/wowproductimages/medium/620120.jpg,2020-09-21 17:27:05,,0,,True
577238ce-cda5-42a3-8d0a-3c007bd0513d,Woolworths Supermarket,"Dairy, Eggs & Fridge",Oak Plus High Protein Flavoured Milk Vanilla 500ml,620495,$3.25,$6.50 / 1L,https://www.woolworths.com.au/shop/productdetails/620495/oak-plus-high-protein-flavoured-milk-vanilla,https://cdn0.woolworths.media/content/wowproductimages/medium/620495.jpg,2020-09-21 17:27:05,,0,,True
8f11707d-f680-48cb-885d-f40a02cf8b0c,Woolworths Supermarket,"Dairy, Eggs & Fridge",Chris' Traditional French Onion 200g,620882,$3.50,$1.75 / 100G,https://www.woolworths.com.au/shop/productdetails/620882/chris-traditional-french-onion,https://cdn0.woolworths.media/content/wowproductimages/medium/620882.jpg,2020-09-21 17:27:05,,0,2 for $6.00 $1.50/100G,True
db63de06-50bc-4644-88f4-ab8b317515e3,Woolworths Supermarket,"Dairy, Eggs & Fridge",Coyo Organic Coconut Yoghurt Vanilla Bean 500g,622919,$10.00,$2.00 / 100G,https://www.woolworths.com.au/shop/productdetails/622919/coyo-organic-coconut-yoghurt-vanilla-bean,https://cdn0.woolworths.media/content/wowproductimages/medium/622919.jpg,2020-09-21 17:27:05,,0,Was $11.00 30/04/2017,True
70f1aef6-92ea-45ce-87a0-cfa6d5fec402,Woolworths Supermarket,"Dairy, Eggs & Fridge",Perfect Italiano Shaved Parmesan 125g,360904,$3.25,$26.00 / 1KG,https://www.woolworths.com.au/shop/productdetails/360904/perfect-italiano-shaved-parmesan,https://cdn0.woolworths.media/content/wowproductimages/medium/360904.jpg,2020-09-21 17:27:05,,0,,True
601e71da-c93f-4098-80ee-9b27c0611b44,Woolworths Supermarket,"Dairy, Eggs & Fridge",Perfect Italiano Extra Sharp Grated Parmesan 125g,302306,$3.25,$26.00 / 1KG,https://www.woolworths.com.au/shop/productdetails/302306/perfect-italiano-extra-sharp-grated-parmesan,https://cdn0.woolworths.media/content/wowproductimages/medium/302306.jpg,2020-09-21 17:27:05,,0,,True
3915c2c3-d759-47f4-86a2-ffa2f2437238,Woolworths Supermarket,"Dairy, Eggs & Fridge",Just 4 You 12 Extra Large Caged Eggs 700g,893974,$3.50,$0.50 / 100G,https://www.woolworths.com.au/shop/productdetails/893974/just-4-you-12-extra-large-caged-eggs,https://cdn0.woolworths.media/content/wowproductimages/medium/893974.jpg,2020-09-21 17:27:05,,0,,True
712f83f0-53bf-45c6-8ee1-4b5599aa5403,Woolworths Supermarket,"Dairy, Eggs & Fridge",Woolworths Drought Relief Full Cream Milk 2l,807383,$2.39,$1.20 / 1L,https://www.woolworths.com.au/shop/productdetails/807383/woolworths-drought-relief-full-cream-milk,https://cdn0.woolworths.media/content/wowproductimages/medium/807383.jpg,2020-09-21 17:27:05,Average product rating out of 5: 4.7. Product score is based on 385 ratings,385,,True
c362dfd8-4d88-4f68-8d7e-0b5eef5b550e,Woolworths Supermarket,"Dairy, Eggs & Fridge",Woolworths Thickened Cream 300ml,044317,$1.90,$0.63 / 100ML,https://www.woolworths.com.au/shop/productdetails/44317/woolworths-thickened-cream,https://cdn0.woolworths.media/content/wowproductimages/medium/044317.jpg,2020-09-21 17:27:05,Average product rating out of 5: 4.9. Product score is based on 629 ratings,629,,True
f1f87d65-9684-4a30-a1ac-5b4ca0e82c2a,Woolworths Supermarket,"Dairy, Eggs & Fridge",Woolworths Drought Relief Full Cream Milk 3l,807384,$3.59,$1.20 / 1L,https://www.woolworths.com.au/shop/productdetails/807384/woolworths-drought-relief-full-cream-milk,https://cdn0.woolworths.media/content/wowproductimages/medium/807384.jpg,2020-09-21 17:27:05,,0,,True
f1fa0a13-7a6e-4b7f-a44c-deaad1c176d8,Woolworths Supermarket,"Dairy, Eggs & Fridge",Woolworths Baby Leaf Spinach 120g,524322,$3.00,$25.00 / 1KG,https://www.woolworths.com.au/shop/productdetails/524322/woolworths-baby-leaf-spinach,https://cdn0.woolworths.media/content/wowproductimages/medium/524322.jpg,2020-09-21 17:27:05,Average product rating out of 5: 4.7. Product score is based on 2842 ratings,2842,,True
434a2c49-616d-4d39-9eaa-98434c227962,Woolworths Supermarket,"Dairy, Eggs & Fridge",Woolworths Baby Spinach Salad Bag 60g,379515,$2.00,$33.33 / 1KG,https://www.woolworths.com.au/shop/productdetails/379515/woolworths-baby-spinach-salad-bag,https://cdn0.woolworths.media/content/wowproductimages/medium/379515.jpg,2020-09-21 17:27:05,Average product rating out of 5: 4.7. Product score is based on 725 ratings,725,,True
cd6b3944-b448-47b0-b959-5ccec3420e94,Woolworths Supermarket,"Dairy, Eggs & Fridge",Woolworths Thickened Cream 600ml,048720,$3.00,$0.50 / 100ML,https://www.woolworths.com.au/shop/productdetails/48720/woolworths-thickened-cream,https://cdn0.woolworths.media/content/wowproductimages/medium/048720.jpg,2020-09-21 17:27:05,Average product rating out of 5: 4.8. Product score is based on 740 ratings,740,,True
2882c606-118b-4049-a988-66959cf19b6f,Woolworths Supermarket,"Dairy, Eggs & Fridge",Woolworths Uht Full Cream Milk 1l,748595,$1.25,$1.25 / 1L,https://www.woolworths.com.au/shop/productdetails/748595/woolworths-uht-full-cream-milk,https://cdn0.woolworths.media/content/wowproductimages/medium/748595.jpg,2020-09-21 17:27:05,Average product rating out of 5: 4.9. Product score is based on 36 ratings,36,,True
9fae2f1f-a21f-456b-ae6b-2f518ce5296d,Woolworths Supermarket,"Dairy, Eggs & Fridge",Almond Breeze Unsweetened Almond Milk 1l,761604,$2.50,$2.50 / 1L,https://www.woolworths.com.au/shop/productdetails/761604/almond-breeze-unsweetened-almond-milk,https://cdn0.woolworths.media/content/wowproductimages/medium/761604.jpg,2020-09-21 17:27:05,,0,Was $3.25 13/03/2017,True
05b69dbb-0159-45fb-9b64-ecaf79cd35ea,Woolworths Supermarket,"Dairy, Eggs & Fridge",Woolworths Drought Relief Lite Milk 2l,807385,$2.39,$1.20 / 1L,https://www.woolworths.com.au/shop/productdetails/807385/woolworths-drought-relief-lite-milk,https://cdn0.woolworths.media/content/wowproductimages/medium/807385.jpg,2020-09-21 17:27:05,,0,,True
84546004-9f5f-4b51-82c7-b7b451dcd316,Woolworths Supermarket,"Dairy, Eggs & Fridge",Western Star Original Spreadable 500g,069756,$6.00,$1.20 / 100G,https://www.woolworths.com.au/shop/productdetails/69756/western-star-original-spreadable,https://cdn0.woolworths.media/content/wowproductimages/medium/069756.jpg,2020-09-21 17:27:05,,0,,True
48ceb8df-09b6-4c8b-a1bc-3ab2b4439316,Woolworths Supermarket,"Dairy, Eggs & Fridge",Hillview Cheese Block 1kg,500187,$8.00,$8.00 / 1KG,https://www.woolworths.com.au/shop/productdetails/500187/hillview-cheese-block,https://cdn0.woolworths.media/content/wowproductimages/medium/500187.jpg,2020-09-21 17:27:05,Average product rating out of 5: 4.5. Product score is based on 66 ratings,66,,True
491fe156-1bb9-4cff-8313-4a87174ef5d6,Woolworths Supermarket,"Dairy, Eggs & Fridge",Woolworths Sour Cream 300ml,105609,$2.10,$0.70 / 100ML,https://www.woolworths.com.au/shop/productdetails/105609/woolworths-sour-cream,https://cdn0.woolworths.media/content/wowproductimages/medium/105609.jpg,2020-09-21 17:27:05,Average product rating out of 5: 4.5. Product score is based on 1353 ratings,1353,,True
49e1fc76-3f9c-48b4-89f6-96d0a4273ff3,Woolworths Supermarket,"Dairy, Eggs & Fridge",Woolworths Drought Relief Lite Milk 3l,807386,$3.59,$1.20 / 1L,https://www.woolworths.com.au/shop/productdetails/807386/woolworths-drought-relief-lite-milk,https://cdn0.woolworths.media/content/wowproductimages/medium/807386.jpg,2020-09-21 17:27:05,,0,,True
5bde6b42-a501-43ea-b2d6-9329114fa23c,Woolworths Supermarket,"Dairy, Eggs & Fridge",Hillview Tasty Shredded Cheese 700g,491820,$6.60,$9.43 / 1KG,https://www.woolworths.com.au/shop/productdetails/491820/hillview-tasty-shredded-cheese,https://cdn0.woolworths.media/content/wowproductimages/medium/491820.jpg,2020-09-21 17:27:05,Average product rating out of 5: 4.5. Product score is based on 48 ratings,48,,True
47e7a3b2-de31-4406-9c0a-46c1f4c6d6f2,Woolworths Supermarket,"Dairy, Eggs & Fridge",Woolworths Tasty Shredded Cheese 500g,729026,$6.00,$12.00 / 1KG,https://www.woolworths.com.au/shop/productdetails/729026/woolworths-tasty-shredded-cheese,https://cdn0.woolworths.media/content/wowproductimages/medium/729026.jpg,2020-09-21 17:27:05,Average product rating out of 5: 4.6. Product score is based on 500 ratings,500,,True
2de3f971-428a-42b0-9e63-d81c6857d315,Woolworths Supermarket,"Dairy, Eggs & Fridge",Woolworths Single Leaf Baby Spinach 280g,524336,$5.00,$17.86 / 1KG,https://www.woolworths.com.au/shop/productdetails/524336/woolworths-single-leaf-baby-spinach,https://cdn0.woolworths.media/content/wowproductimages/medium/524336.jpg,2020-09-21 17:27:05,Average product rating out of 5: 4.8. Product score is based on 532 ratings,532,,True
58ec0792-9cf6-4b92-9a4e-639b3375c04c,Woolworths Supermarket,"Dairy, Eggs & Fridge",Woolworths Mozzarella Shredded Cheese 500g,728983,$6.00,$12.00 / 1KG,https://www.woolworths.com.au/shop/productdetails/728983/woolworths-mozzarella-shredded-cheese,https://cdn0.woolworths.media/content/wowproductimages/medium/728983.jpg,2020-09-21 17:27:05,Average product rating out of 5: 4.5. Product score is based on 469 ratings,469,,True
9acc6c4b-1ebd-4ded-87c2-8e80e3f798b3,Woolworths Supermarket,"Dairy, Eggs & Fridge",Tamar Valley Greek Yoghurt Natural 1kg,622935,$5.00,$0.50 / 100G,https://www.woolworths.com.au/shop/productdetails/622935/tamar-valley-greek-yoghurt-natural,https://cdn0.woolworths.media/content/wowproductimages/medium/622935.jpg,2020-09-21 17:27:05,,0,,True
b7597cf5-f37f-4f4e-8e26-f8c506930b27,Woolworths Supermarket,"Dairy, Eggs & Fridge",Tamar Valley Greek Yoghurt Vanilla 1kg,622945,$5.00,$0.50 / 100G,https://www.woolworths.com.au/shop/productdetails/622945/tamar-valley-greek-yoghurt-vanilla,https://cdn0.woolworths.media/content/wowproductimages/medium/622945.jpg,2020-09-21 17:27:05,,0,,True
e0d3c124-8eb4-47e9-bc41-33200aabbe51,Woolworths Supermarket,"Dairy, Eggs & Fridge",Nestle Milo Yoghurt Snack Pouch 150g,623659,$2.10,$1.40 / 100G,https://www.woolworths.com.au/shop/productdetails/623659/nestle-milo-yoghurt-snack-pouch,https://cdn0.woolworths.media/content/wowproductimages/medium/623659.jpg,2020-09-21 17:27:05,,0,,True
affe2413-5b2a-49c9-8460-b9ea6ff4d9fc,Woolworths Supermarket,"Dairy, Eggs & Fridge",Woolworths Cream Cheese Block 225g,624195,$3.00,$13.33 / 1KG,https://www.woolworths.com.au/shop/productdetails/624195/woolworths-cream-cheese-block,https://cdn0.woolworths.media/content/wowproductimages/medium/624195.jpg,2020-09-21 17:27:05,,0,Was $3.50 10/03/2018,True
45adb60e-87a6-4e5f-9c35-4514c96cc573,Woolworths Supermarket,"Dairy, Eggs & Fridge",Woolworths Vanilla Custard 97% Fat Free 1kg,624204,$3.30,$0.33 / 100G,https://www.woolworths.com.au/shop/productdetails/624204/woolworths-vanilla-custard-97-fat-free,https://cdn0.woolworths.media/content/wowproductimages/medium/624204.jpg,2020-09-21 17:27:05,Average product rating out of 5: 4.3. Product score is based on 2333 ratings,2333,,True
7afcd8ca-6651-4082-9976-ea6dbc1f5d60,Woolworths Supermarket,"Dairy, Eggs & Fridge",Rokeby Farms Filmjolk Probiotic Milk Blueberry 750ml,624764,$3.50,$4.67 / 1L,https://www.woolworths.com.au/shop/productdetails/624764/rokeby-farms-filmjolk-probiotic-milk-blueberry,https://cdn0.woolworths.media/content/wowproductimages/medium/624764.jpg,2020-09-21 17:27:05,,0,,True
619b2268-e4f2-4317-a5dd-f206bb010bc7,Woolworths Supermarket,"Dairy, Eggs & Fridge",Yumi's Roasted Capsicum & Cashew Dip 200g,626243,$4.00,$2.00 / 100G,https://www.woolworths.com.au/shop/productdetails/626243/yumi-s-roasted-capsicum-cashew-dip,https://cdn0.woolworths.media/content/wowproductimages/medium/626243.jpg,2020-09-21 17:27:05,,0,,True
ed73ebe9-709f-4251-8d26-1101f4f34bc0,Woolworths Supermarket,"Dairy, Eggs & Fridge",Simply Eggs 12 Extra Large Free Range Eggs 700g,626661,$5.50,$0.79 / 100G,https://www.woolworths.com.au/shop/productdetails/626661/simply-eggs-12-extra-large-free-range-eggs,https://cdn0.woolworths.media/content/wowproductimages/medium/626661.jpg,2020-09-21 17:27:05,,0,,True
dc3ded97-2068-42b6-ab30-8fbf0658881b,Woolworths Supermarket,"Dairy, Eggs & Fridge",La Casa Del Formaggio Smooth Ricotta 375g,629967,$5.00,$13.33 / 1KG,https://www.woolworths.com.au/shop/productdetails/629967/la-casa-del-formaggio-smooth-ricotta,https://cdn0.woolworths.media/content/wowproductimages/medium/629967.jpg,2020-09-21 17:27:05,,0,,True
8f7f144a-cb07-414e-b666-ef17bc7a2aa4,Woolworths Supermarket,"Dairy, Eggs & Fridge",Woolworths Kids Chocolate Flavoured Milk 250ml,630945,$1.50,$6.00 / 1L,https://www.woolworths.com.au/shop/productdetails/630945/woolworths-kids-chocolate-flavoured-milk,https://cdn0.woolworths.media/content/wowproductimages/medium/630945.jpg,2020-09-21 17:27:05,Average product rating out of 5: 4.5. Product score is based on 529 ratings,529,,True
bad3bc2a-a01e-4064-90fa-766483c9c67b,Woolworths Supermarket,"Dairy, Eggs & Fridge",Woolworths Kids Strawberry Flavoured Milk 250ml,630946,$1.50,$6.00 / 1L,https://www.woolworths.com.au/shop/productdetails/630946/woolworths-kids-strawberry-flavoured-milk,https://cdn0.woolworths.media/content/wowproductimages/medium/630946.jpg,2020-09-21 17:27:05,Average product rating out of 5: 4.2. Product score is based on 447 ratings,447,,True
3d4b4a02-78ef-4c6a-987c-ac1623446b40,Woolworths Supermarket,"Dairy, Eggs & Fridge",Woolworths Chocolate Flavoured Milk 2l,630947,$3.85,$1.93 / 1L,https://www.woolworths.com.au/shop/productdetails/630947/woolworths-chocolate-flavoured-milk,https://cdn0.woolworths.media/content/wowproductimages/medium/630947.jpg,2020-09-21 17:27:05,Average product rating out of 5: 4.1. Product score is based on 874 ratings,874,,True
8b2c7dd7-1861-42a3-a458-d4f6a6d79e4a,Woolworths Supermarket,"Dairy, Eggs & Fridge",Woolworths Strawberry Flavoured Milk 2l,630948,$3.85,$1.93 / 1L,https://www.woolworths.com.au/shop/productdetails/630948/woolworths-strawberry-flavoured-milk,https://cdn0.woolworths.media/content/wowproductimages/medium/630948.jpg,2020-09-21 17:27:05,Average product rating out of 5: 4.1. Product score is based on 861 ratings,861,,True
c9effef7-23b4-441c-8f1b-7ef48590dc9a,Woolworths Supermarket,"Dairy, Eggs & Fridge",Woolworths Shredded Iceberg Lettuce 200g,638009,$2.00,$10.00 / 1KG,https://www.woolworths.com.au/shop/productdetails/638009/woolworths-shredded-iceberg-lettuce,https://cdn0.woolworths.media/content/wowproductimages/medium/638009.jpg,2020-09-21 17:27:05,,0,,True
edbabfbf-d18a-46c6-8a91-e1261eeca978,Woolworths Supermarket,"Dairy, Eggs & Fridge",Picasso Kitchen Cauliflower Base 170g,638771,$3.60,$2.12 / 100G,https://www.woolworths.com.au/shop/productdetails/638771/picasso-kitchen-cauliflower-base,https://cdn0.woolworths.media/content/wowproductimages/medium/638771.jpg,2020-09-21 17:27:05,,0,,True
96555fa0-e116-47c9-81d0-1fb136c02862,Woolworths Supermarket,"Dairy, Eggs & Fridge",Yarra Valley Persian Fetta Classic 350g,640123,$10.40,$29.71 / 1KG,https://www.woolworths.com.au/shop/productdetails/640123/yarra-valley-persian-fetta-classic,https://cdn0.woolworths.media/content/wowproductimages/medium/640123.jpg,2020-09-21 17:27:05,,0,,True
042569b8-b5c8-4ae3-bf8a-73c2e3a5d4a3,Woolworths Supermarket,"Dairy, Eggs & Fridge",Danone Yopro Yoghurt Vanilla 160g,646684,$2.40,$1.50 / 100G,https://www.woolworths.com.au/shop/productdetails/646684/danone-yopro-yoghurt-vanilla,https://cdn0.woolworths.media/content/wowproductimages/medium/646684.jpg,2020-09-21 17:27:05,,0,,True
f4532c4c-6096-4b59-9814-5b0a4a5381ed,Woolworths Supermarket,"Dairy, Eggs & Fridge",Danone Yopro Yoghurt Mango 160g,646685,$2.40,$1.50 / 100G,https://www.woolworths.com.au/shop/productdetails/646685/danone-yopro-yoghurt-mango,https://cdn0.woolworths.media/content/wowproductimages/medium/646685.jpg,2020-09-21 17:27:05,,0,,True
c2070996-2482-4bc0-a7ac-e51e9a882923,Woolworths Supermarket,"Dairy, Eggs & Fridge",Danone Yopro Yoghurt Blueberry 160g,646687,$2.40,$1.50 / 100G,https://www.woolworths.com.au/shop/productdetails/646687/danone-yopro-yoghurt-blueberry,https://cdn0.woolworths.media/content/wowproductimages/medium/646687.jpg,2020-09-21 17:27:05,,0,,True
11e6cd47-9b91-4ba7-a615-8da65a954cea,Woolworths Supermarket,"Dairy, Eggs & Fridge",Danone Yopro Yoghurt Strawberry 160g,646706,$2.40,$1.50 / 100G,https://www.woolworths.com.au/shop/productdetails/646706/danone-yopro-yoghurt-strawberry,https://cdn0.woolworths.media/content/wowproductimages/medium/646706.jpg,2020-09-21 17:27:05,,0,,True
f7a5d066-b713-4cbe-9b8c-9a4b83da03fd,Woolworths Supermarket,"Dairy, Eggs & Fridge",Riverina Full Cream Fetta 1kg,647386,$15.00,$15.00 / 1KG,https://www.woolworths.com.au/shop/productdetails/647386/riverina-full-cream-fetta,https://cdn0.woolworths.media/content/wowproductimages/medium/647386.jpg,2020-09-21 17:27:05,,0,,True
3d88fa8d-23a4-45f8-a8fe-8c16d7dbdbc8,Woolworths Supermarket,"Dairy, Eggs & Fridge",Woolworths Soft & Spreadable 500g,647959,$3.80,$0.76 / 100G,https://www.woolworths.com.au/shop/productdetails/647959/woolworths-soft-spreadable,https://cdn0.woolworths.media/content/wowproductimages/medium/647959.jpg,2020-09-21 17:27:05,Average product rating out of 5: 4.1. Product score is based on 396 ratings,396,,True
92e9d6b5-9d82-4c8f-bd3e-150c94f69e98,Woolworths Supermarket,"Dairy, Eggs & Fridge",Danone Yopro Yoghurt Passionfruit 160g,648070,$2.40,$1.50 / 100G,https://www.woolworths.com.au/shop/productdetails/648070/danone-yopro-yoghurt-passionfruit,https://cdn0.woolworths.media/content/wowproductimages/medium/648070.jpg,2020-09-21 17:27:05,,0,,True
b63a97f5-232a-4b29-a912-034aa68806d5,Woolworths Supermarket,"Dairy, Eggs & Fridge",Woolworths Spaghetti Bolognese Bolognese 1.1kg,652060,$10.00,$0.91 / 100G,https://www.woolworths.com.au/shop/productdetails/652060/woolworths-spaghetti-bolognese-bolognese,https://cdn0.woolworths.media/content/wowproductimages/medium/652060.jpg,2020-09-21 17:27:05,Average product rating out of 5: 3.6. Product score is based on 149 ratings,149,Was $12.00 01/05/2018,True
e519474d-ea0b-44af-9418-c5c39984082f,Woolworths Supermarket,"Dairy, Eggs & Fridge",Woolworths Drought Relief Full Cream Milk 3l,807384,$3.59,$1.20 / 1L,https://www.woolworths.com.au/shop/productdetails/807384/woolworths-drought-relief-full-cream-milk,https://cdn0.woolworths.media/content/wowproductimages/medium/807384.jpg,2020-09-21 17:27:05,,0,,True
c9441098-e4d9-4866-9f4b-a96b9479abb9,Woolworths Supermarket,"Dairy, Eggs & Fridge",Just 4 You 12 Extra Large Caged Eggs 700g,893974,$3.50,$0.50 / 100G,https://www.woolworths.com.au/shop/productdetails/893974/just-4-you-12-extra-large-caged-eggs,https://cdn0.woolworths.media/content/wowproductimages/medium/893974.jpg,2020-09-21 17:27:05,,0,,True
5c3eb0cd-9df6-4743-9937-8dcde3d918a2,Woolworths Supermarket,"Dairy, Eggs & Fridge",Woolworths Drought Relief Full Cream Milk 2l,807383,$2.39,$1.20 / 1L,https://www.woolworths.com.au/shop/productdetails/807383/woolworths-drought-relief-full-cream-milk,https://cdn0.woolworths.media/content/wowproductimages/medium/807383.jpg,2020-09-21 17:27:05,Average product rating out of 5: 4.7. Product score is based on 385 ratings,385,,True
81ee2fd8-88ad-46e3-bc9e-977bbda7b855,Woolworths Supermarket,"Dairy, Eggs & Fridge",Woolworths Uht Full Cream Milk 1l,748595,$1.25,$1.25 / 1L,https://www.woolworths.com.au/shop/productdetails/748595/woolworths-uht-full-cream-milk,https://cdn0.woolworths.media/content/wowproductimages/medium/748595.jpg,2020-09-21 17:27:05,Average product rating out of 5: 4.9. Product score is based on 36 ratings,36,,True
880d4ddd-714b-41bd-b63a-9fdf7103cd28,Woolworths Supermarket,"Dairy, Eggs & Fridge",Woolworths Single Leaf Baby Spinach 280g,524336,$5.00,$17.86 / 1KG,https://www.woolworths.com.au/shop/productdetails/524336/woolworths-single-leaf-baby-spinach,https://cdn0.woolworths.media/content/wowproductimages/medium/524336.jpg,2020-09-21 17:27:05,Average product rating out of 5: 4.8. Product score is based on 532 ratings,532,,True
daeb194e-89c9-40ad-bb92-ab819134c418,Woolworths Supermarket,"Dairy, Eggs & Fridge",Woolworths Thickened Cream 600ml,048720,$3.00,$0.50 / 100ML,https://www.woolworths.com.au/shop/productdetails/48720/woolworths-thickened-cream,https://cdn0.woolworths.media/content/wowproductimages/medium/048720.jpg,2020-09-21 17:27:05,Average product rating out of 5: 4.8. Product score is based on 740 ratings,740,,True
730606d6-72bc-49a7-a0e4-3c162a89bcae,Woolworths Supermarket,"Dairy, Eggs & Fridge",Hillview Tasty Shredded Cheese 700g,491820,$6.60,$9.43 / 1KG,https://www.woolworths.com.au/shop/productdetails/491820/hillview-tasty-shredded-cheese,https://cdn0.woolworths.media/content/wowproductimages/medium/491820.jpg,2020-09-21 17:27:05,Average product rating out of 5: 4.5. Product score is based on 48 ratings,48,,True
82d88f7c-a12d-4706-b7cc-e017d0de43f7,Woolworths Supermarket,"Dairy, Eggs & Fridge",Woolworths Baby Spinach Salad Bag 60g,379515,$2.00,$33.33 / 1KG,https://www.woolworths.com.au/shop/productdetails/379515/woolworths-baby-spinach-salad-bag,https://cdn0.woolworths.media/content/wowproductimages/medium/379515.jpg,2020-09-21 17:27:05,Average product rating out of 5: 4.7. Product score is based on 725 ratings,725,,True
9d2255ff-39da-4740-a9ef-5d902409b335,Woolworths Supermarket,"Dairy, Eggs & Fridge",Woolworths Sour Cream 300ml,105609,$2.10,$0.70 / 100ML,https://www.woolworths.com.au/shop/productdetails/105609/woolworths-sour-cream,https://cdn0.woolworths.media/content/wowproductimages/medium/105609.jpg,2020-09-21 17:27:05,Average product rating out of 5: 4.5. Product score is based on 1353 ratings,1353,,True
c634bc5a-ba69-45e4-bb17-dd32187dceca,Woolworths Supermarket,"Dairy, Eggs & Fridge",Woolworths Mozzarella Shredded Cheese 500g,728983,$6.00,$12.00 / 1KG,https://www.woolworths.com.au/shop/productdetails/728983/woolworths-mozzarella-shredded-cheese,https://cdn0.woolworths.media/content/wowproductimages/medium/728983.jpg,2020-09-21 17:27:05,Average product rating out of 5: 4.5. Product score is based on 469 ratings,469,,True
9e8c7e2d-b2af-4304-845f-fd1976ae058a,Woolworths Supermarket,"Dairy, Eggs & Fridge",Woolworths Thickened Cream 300ml,044317,$1.90,$0.63 / 100ML,https://www.woolworths.com.au/shop/productdetails/44317/woolworths-thickened-cream,https://cdn0.woolworths.media/content/wowproductimages/medium/044317.jpg,2020-09-21 17:27:05,Average product rating out of 5: 4.9. Product score is based on 629 ratings,629,,True
ac10d90f-10af-4025-bf6a-9db356d653b0,Woolworths Supermarket,"Dairy, Eggs & Fridge",Woolworths Tasty Shredded Cheese 500g,729026,$6.00,$12.00 / 1KG,https://www.woolworths.com.au/shop/productdetails/729026/woolworths-tasty-shredded-cheese,https://cdn0.woolworths.media/content/wowproductimages/medium/729026.jpg,2020-09-21 17:27:05,Average product rating out of 5: 4.6. Product score is based on 500 ratings,500,,True
ecd313f7-257d-4691-ab7c-85c567ab30db,Woolworths Supermarket,"Dairy, Eggs & Fridge",Woolworths Baby Leaf Spinach 120g,524322,$3.00,$25.00 / 1KG,https://www.woolworths.com.au/shop/productdetails/524322/woolworths-baby-leaf-spinach,https://cdn0.woolworths.media/content/wowproductimages/medium/524322.jpg,2020-09-21 17:27:05,Average product rating out of 5: 4.7. Product score is based on 2842 ratings,2842,,True
ef550ba9-67e8-44fa-b8dd-038507593c10,Woolworths Supermarket,"Dairy, Eggs & Fridge",Hillview Cheese Block 1kg,500187,$8.00,$8.00 / 1KG,https://www.woolworths.com.au/shop/productdetails/500187/hillview-cheese-block,https://cdn0.woolworths.media/content/wowproductimages/medium/500187.jpg,2020-09-21 17:27:05,Average product rating out of 5: 4.5. Product score is based on 66 ratings,66,,True
d48b9906-cc57-4213-bf35-88351091efd4,Woolworths Supermarket,"Dairy, Eggs & Fridge",Western Star Original Spreadable 500g,069756,$6.00,$1.20 / 100G,https://www.woolworths.com.au/shop/productdetails/69756/western-star-original-spreadable,https://cdn0.woolworths.media/content/wowproductimages/medium/069756.jpg,2020-09-21 17:27:05,,0,,True
0cf6d442-8463-4adf-880e-b0c8c62d2abc,Woolworths Supermarket,"Dairy, Eggs & Fridge",Perfect Italiano Shaved Parmesan 125g,360904,$3.25,$26.00 / 1KG,https://www.woolworths.com.au/shop/productdetails/360904/perfect-italiano-shaved-parmesan,https://cdn0.woolworths.media/content/wowproductimages/medium/360904.jpg,2020-09-21 17:27:05,,0,,True
6420ffd2-147d-4242-8e13-6170d2b41b93,Woolworths Supermarket,"Dairy, Eggs & Fridge",Woolworths Drought Relief Lite Milk 2l,807385,$2.39,$1.20 / 1L,https://www.woolworths.com.au/shop/productdetails/807385/woolworths-drought-relief-lite-milk,https://cdn0.woolworths.media/content/wowproductimages/medium/807385.jpg,2020-09-21 17:27:05,,0,,True
47d1333f-25e4-40f8-9e02-0affb75f5d79,Woolworths Supermarket,"Dairy, Eggs & Fridge",Woolworths Drought Relief Lite Milk 3l,807386,$3.59,$1.20 / 1L,https://www.woolworths.com.au/shop/productdetails/807386/woolworths-drought-relief-lite-milk,https://cdn0.woolworths.media/content/wowproductimages/medium/807386.jpg,2020-09-21 17:27:05,,0,,True
8b644340-38f4-4744-8fca-6756c46e0876,Woolworths Supermarket,"Dairy, Eggs & Fridge",Almond Breeze Unsweetened Almond Milk 1l,761604,$2.50,$2.50 / 1L,https://www.woolworths.com.au/shop/productdetails/761604/almond-breeze-unsweetened-almond-milk,https://cdn0.woolworths.media/content/wowproductimages/medium/761604.jpg,2020-09-21 17:27:05,,0,Was $3.25 13/03/2017,True
ff6004b3-58f2-42f0-b9d4-52ab8875e697,Woolworths Supermarket,"Dairy, Eggs & Fridge",Perfect Italiano Extra Sharp Grated Parmesan 125g,302306,$3.25,$26.00 / 1KG,https://www.woolworths.com.au/shop/productdetails/302306/perfect-italiano-extra-sharp-grated-parmesan,https://cdn0.woolworths.media/content/wowproductimages/medium/302306.jpg,2020-09-21 17:27:05,,0,,True
0b381604-6700-4e32-8c67-5300eabe06d6,Woolworths Supermarket,"Dairy, Eggs & Fridge",Woolworths Fettuccine Carbonara 350g,652062,$7.50,$2.14 / 100G,https://www.woolworths.com.au/shop/productdetails/652062/woolworths-fettuccine-carbonara,https://cdn0.woolworths.media/content/wowproductimages/medium/652062.jpg,2020-09-21 17:27:05,Average product rating out of 5: 3.6. Product score is based on 329 ratings,329,2 for $12.00 $1.71/100G,True
06deb12a-8d4d-46fc-a1da-f9c969de5453,Woolworths Supermarket,"Dairy, Eggs & Fridge",Devondale Unsalted Butter 250g,652560,$3.20,$1.28 / 100G,https://www.woolworths.com.au/shop/productdetails/652560/devondale-unsalted-butter,https://cdn0.woolworths.media/content/wowproductimages/medium/652560.jpg,2020-09-21 17:27:05,,0,,True
5bb17430-e20e-476d-af33-02ae030104a2,Woolworths Supermarket,"Dairy, Eggs & Fridge",Pace Farm 18 Large Free Range Eggs 900g,655429,$9.00,$1.00 / 100G,https://www.woolworths.com.au/shop/productdetails/655429/pace-farm-18-large-free-range-eggs,https://cdn0.woolworths.media/content/wowproductimages/medium/655429.jpg,2020-09-21 17:27:05,,0,,True
596f2c19-16c1-4bb5-bb91-bb6a9d7bf9d1,Woolworths Supermarket,"Dairy, Eggs & Fridge",A2 No Fat Milk 1l,657076,$3.20,$3.20 / 1L,https://www.woolworths.com.au/shop/productdetails/657076/a2-no-fat-milk,https://cdn0.woolworths.media/content/wowproductimages/medium/657076.jpg,2020-09-21 17:27:05,,0,,True
2703a388-f47f-481d-9b7f-802a4f1bf87b,Woolworths Supermarket,"Dairy, Eggs & Fridge",Jalna Whole Milk Yoghurt Lactose Free Natural 1kg,659436,$7.95,$0.80 / 100G,https://www.woolworths.com.au/shop/productdetails/659436/jalna-whole-milk-yoghurt-lactose-free-natural,https://cdn0.woolworths.media/content/wowproductimages/medium/659436.jpg,2020-09-21 17:27:05,,0,,True
07595c35-f781-428a-8e5f-fc0be1910e01,Woolworths Supermarket,"Dairy, Eggs & Fridge",Mainland Pure Butter Sea Salt 250g,660407,$4.50,$1.80 / 100G,https://www.woolworths.com.au/shop/productdetails/660407/mainland-pure-butter-sea-salt,https://cdn0.woolworths.media/content/wowproductimages/medium/660407.jpg,2020-09-21 17:27:05,,0,Was $5.00 13/05/2019,True
a986ce9e-be5b-4ff0-a614-850610000241,Woolworths Supermarket,"Dairy, Eggs & Fridge",Mainland Pure Butter Unsalted 250g,660430,$4.50,$1.80 / 100G,https://www.woolworths.com.au/shop/productdetails/660430/mainland-pure-butter-unsalted,https://cdn0.woolworths.media/content/wowproductimages/medium/660430.jpg,2020-09-21 17:27:05,,0,Was $5.00 13/05/2019,True
7dc173b7-1be6-4270-bd4d-82fef61097b9,Woolworths Supermarket,"Dairy, Eggs & Fridge",Tamar Valley Kids Blueberry Yoghurt Pouch 110g,660435,$1.80,$1.64 / 100G,https://www.woolworths.com.au/shop/productdetails/660435/tamar-valley-kids-blueberry-yoghurt-pouch,https://cdn0.woolworths.media/content/wowproductimages/medium/660435.jpg,2020-09-21 17:27:05,,0,,True
e3a1ae08-9ba5-4033-9c51-6fa9ad28798c,Woolworths Supermarket,"Dairy, Eggs & Fridge",Farmers Union Greek Style Yogurt Pouch Real Vanilla Bean 130g,663177,$1.50,$1.15 / 100G,https://www.woolworths.com.au/shop/productdetails/663177/farmers-union-greek-style-yogurt-pouch-real-vanilla-bean,https://cdn0.woolworths.media/content/wowproductimages/medium/663177.jpg,2020-09-21 17:27:05,,0,Was $2.25 11/08/2019,True
0d68a757-bc3f-4ac9-b045-be41516ae5c1,Woolworths Supermarket,"Dairy, Eggs & Fridge",Liberty Eggs 18 Large Cage Free Eggs 1kg,663362,$7.50,$0.75 / 100G,https://www.woolworths.com.au/shop/productdetails/663362/liberty-eggs-18-large-cage-free-eggs,https://cdn0.woolworths.media/content/wowproductimages/medium/663362.jpg,2020-09-21 17:27:05,,0,,True
90f8593a-dd35-4805-92b6-50f407c465ec,Woolworths Supermarket,"Dairy, Eggs & Fridge",Woolworths Free From Lactose Free Full Cream Milk 1l,665750,$2.15,$2.15 / 1L,https://www.woolworths.com.au/shop/productdetails/665750/woolworths-free-from-lactose-free-full-cream-milk,https://cdn0.woolworths.media/content/wowproductimages/medium/665750.jpg,2020-09-21 17:27:05,,0,,True
0d0489ca-1957-49b1-945f-346913151914,Woolworths Supermarket,"Dairy, Eggs & Fridge",Woolworths Buttermilk 600ml,665751,$2.10,$0.35 / 100ML,https://www.woolworths.com.au/shop/productdetails/665751/woolworths-buttermilk,https://cdn0.woolworths.media/content/wowproductimages/medium/665751.jpg,2020-09-21 17:27:05,,0,,True
25cd1279-8b03-4555-a145-e9e7f533c7ad,Woolworths Supermarket,"Dairy, Eggs & Fridge",Rokeby Farms Smoothie Strawberry 425ml,666322,$4.00,$9.41 / 1L,https://www.woolworths.com.au/shop/productdetails/666322/rokeby-farms-smoothie-strawberry,https://cdn0.woolworths.media/content/wowproductimages/medium/666322.jpg,2020-09-21 17:27:05,,0,,True
89ba93a9-410d-4219-83e7-8d87a72786a6,Woolworths Supermarket,"Dairy, Eggs & Fridge",Kiri Greek Style Spreadable Cream Cheese 200g,666362,$4.50,$22.50 / 1KG,https://www.woolworths.com.au/shop/productdetails/666362/kiri-greek-style-spreadable-cream-cheese,https://cdn0.woolworths.media/content/wowproductimages/medium/666362.jpg,2020-09-21 17:27:05,,0,,True
fc83c914-50b8-47b1-aa3f-ee2da5113eaf,Woolworths Supermarket,"Dairy, Eggs & Fridge",President Le Blue Extra Creamy 120g,666467,$5.85,$48.75 / 1KG,https://www.woolworths.com.au/shop/productdetails/666467/president-le-blue-extra-creamy,https://cdn0.woolworths.media/content/wowproductimages/medium/666467.jpg,2020-09-21 17:27:05,,0,,True
acbbefc3-1288-4ed2-817f-6b2d767b5f89,Woolworths Supermarket,"Dairy, Eggs & Fridge",Coon Cheese Slices Extra Tasty 250g,666683,$6.00,$24.00 / 1KG,https://www.woolworths.com.au/shop/productdetails/666683/coon-cheese-slices-extra-tasty,https://cdn0.woolworths.media/content/wowproductimages/medium/666683.jpg,2020-09-21 17:27:05,,0,,True
3bcc2873-21d7-4582-bcac-8b4ce9fa12e9,Woolworths Supermarket,"Dairy, Eggs & Fridge",Oak Thick Vanilla Flavoured Milk 425ml,667901,$2.10,$4.94 / 1L,https://www.woolworths.com.au/shop/productdetails/667901/oak-thick-vanilla-flavoured-milk,https://cdn0.woolworths.media/content/wowproductimages/medium/667901.jpg,2020-09-21 17:27:05,,0,,True
f4a790d6-978d-4255-ae59-0b54a57a2269,Woolworths Supermarket,"Dairy, Eggs & Fridge",Oak Thick Death Chocolate Milk 425ml,667907,$2.10,$4.94 / 1L,https://www.woolworths.com.au/shop/productdetails/667907/oak-thick-death-chocolate-milk,https://cdn0.woolworths.media/content/wowproductimages/medium/667907.jpg,2020-09-21 17:27:05,,0,,True
c98facca-2ffd-4c88-ae30-5de1ae2e475c,Woolworths Supermarket,"Dairy, Eggs & Fridge",Oak Thick Salted Caramel Milk 425ml,667980,$2.10,$4.94 / 1L,https://www.woolworths.com.au/shop/productdetails/667980/oak-thick-salted-caramel-milk,https://cdn0.woolworths.media/content/wowproductimages/medium/667980.jpg,2020-09-21 17:27:05,,0,,True
b0dd5a65-6832-47a8-8097-2c6573e45a20,Woolworths Supermarket,"Dairy, Eggs & Fridge",Pauls Zymil Strawberry 400ml,667986,$3.65,$9.13 / 1L,https://www.woolworths.com.au/shop/productdetails/667986/pauls-zymil-strawberry,https://cdn0.woolworths.media/content/wowproductimages/medium/667986.jpg,2020-09-21 17:27:05,,0,,True
d190547c-435d-4c2d-9395-e0731a0a7181,Woolworths Supermarket,"Dairy, Eggs & Fridge",Pauls Farmhouse Gold Organic Milk 1.5l,667988,$5.10,$3.40 / 1L,https://www.woolworths.com.au/shop/productdetails/667988/pauls-farmhouse-gold-organic-milk,https://cdn0.woolworths.media/content/wowproductimages/medium/667988.jpg,2020-09-21 17:27:05,,0,,True
0fa31fc0-ed5e-474f-911d-10d19114af8d,Woolworths Supermarket,"Dairy, Eggs & Fridge",Pauls Zymil Chocolate 400ml,667992,$3.65,$9.13 / 1L,https://www.woolworths.com.au/shop/productdetails/667992/pauls-zymil-chocolate,https://cdn0.woolworths.media/content/wowproductimages/medium/667992.jpg,2020-09-21 17:27:05,,0,,True
d4a877c4-811d-4b3c-9d47-f5c52cf26b42,Woolworths Supermarket,"Dairy, Eggs & Fridge",Meredith Dairy Goat's Cheese Chevre Plain 80g,668984,$4.00,$50.00 / 1KG,https://www.woolworths.com.au/shop/productdetails/668984/meredith-dairy-goat-s-cheese-chevre-plain,https://cdn0.woolworths.media/content/wowproductimages/medium/668984.jpg,2020-09-21 17:27:05,,0,,True
662c9e51-94f3-4300-a5a4-6ea85a4536a2,Woolworths Supermarket,"Dairy, Eggs & Fridge",Califia Farms Unsweetened Vanilla Almond 750ml,669493,$4.00,$5.33 / 1L,https://www.woolworths.com.au/shop/productdetails/669493/califia-farms-unsweetened-vanilla-almond,https://cdn0.woolworths.media/content/wowproductimages/medium/669493.jpg,2020-09-21 17:27:05,,0,,True
2f2a4416-6e58-4dc0-91a1-6050f83e684b,Woolworths Supermarket,"Dairy, Eggs & Fridge",Coon Cheese Slices Tasty 750g,187899,$10.00,$13.33 / 1KG,https://www.woolworths.com.au/shop/productdetails/187899/coon-cheese-slices-tasty,https://cdn0.woolworths.media/content/wowproductimages/medium/187899.jpg,2020-09-21 17:27:05,,0,Was $12.00 07/07/2020,True
d1e47a09-9b87-41f1-9a1b-a841f2f46c67,Woolworths Supermarket,"Dairy, Eggs & Fridge",Woolworths Baby Spinach Salad Bag 60g,379515,$2.00,$33.33 / 1KG,https://www.woolworths.com.au/shop/productdetails/379515/woolworths-baby-spinach-salad-bag,https://cdn0.woolworths.media/content/wowproductimages/medium/379515.jpg,2020-09-21 17:27:05,Average product rating out of 5: 4.7. Product score is based on 725 ratings,725,,True
46a99047-b857-491b-8a9b-e24a826101b6,Woolworths Supermarket,"Dairy, Eggs & Fridge",Flora Proactiv Margarine Buttery 750g,763453,$10.00,$1.33 / 100G,https://www.woolworths.com.au/shop/productdetails/763453/flora-proactiv-margarine-buttery,https://cdn0.woolworths.media/content/wowproductimages/medium/763453.jpg,2020-09-21 17:27:05,,0,,True
320dc8ea-6653-4a7e-af61-d6234bc719d8,Woolworths Supermarket,"Dairy, Eggs & Fridge",Almond Breeze Unsweetened Almond Milk 1l,761604,$2.50,$2.50 / 1L,https://www.woolworths.com.au/shop/productdetails/761604/almond-breeze-unsweetened-almond-milk,https://cdn0.woolworths.media/content/wowproductimages/medium/761604.jpg,2020-09-21 17:27:05,,0,Was $3.25 13/03/2017,True
529d4107-1292-4bbf-84f0-19aa15229294,Woolworths Supermarket,"Dairy, Eggs & Fridge",A2 Full Cream Milk 2l,208064,$5.30,$2.65 / 1L,https://www.woolworths.com.au/shop/productdetails/208064/a2-full-cream-milk,https://cdn0.woolworths.media/content/wowproductimages/medium/208064.jpg,2020-09-21 17:27:05,,0,,True
85bf7e8b-2baa-4d4f-9cbc-53b82cbeffa1,Woolworths Supermarket,"Dairy, Eggs & Fridge",Hillview Tasty Shredded Cheese 700g,491820,$6.60,$9.43 / 1KG,https://www.woolworths.com.au/shop/productdetails/491820/hillview-tasty-shredded-cheese,https://cdn0.woolworths.media/content/wowproductimages/medium/491820.jpg,2020-09-21 17:27:05,Average product rating out of 5: 4.5. Product score is based on 48 ratings,48,,True
d610e277-4df3-4acb-9d7a-99389e15a3b7,Woolworths Supermarket,"Dairy, Eggs & Fridge",Western Star Original Spreadable 500g,069756,$6.00,$1.20 / 100G,https://www.woolworths.com.au/shop/productdetails/69756/western-star-original-spreadable,https://cdn0.woolworths.media/content/wowproductimages/medium/069756.jpg,2020-09-21 17:27:05,,0,,True
241d2a38-2d86-4ce1-9e49-d93ccd99e54f,Woolworths Supermarket,"Dairy, Eggs & Fridge",Woolworths Drought Relief Lite Milk 3l,807386,$3.59,$1.20 / 1L,https://www.woolworths.com.au/shop/productdetails/807386/woolworths-drought-relief-lite-milk,https://cdn0.woolworths.media/content/wowproductimages/medium/807386.jpg,2020-09-21 17:27:05,,0,,True
a005bee8-d14f-4d07-b3e0-6a885b4247fc,Woolworths Supermarket,"Dairy, Eggs & Fridge",Woolworths Tasty Shredded Cheese 500g,729026,$6.00,$12.00 / 1KG,https://www.woolworths.com.au/shop/productdetails/729026/woolworths-tasty-shredded-cheese,https://cdn0.woolworths.media/content/wowproductimages/medium/729026.jpg,2020-09-21 17:27:05,Average product rating out of 5: 4.6. Product score is based on 500 ratings,500,,True
b6c50979-1ab9-4339-b234-271c357c59c8,Woolworths Supermarket,"Dairy, Eggs & Fridge",Woolworths Drought Relief Lite Milk 2l,807385,$2.39,$1.20 / 1L,https://www.woolworths.com.au/shop/productdetails/807385/woolworths-drought-relief-lite-milk,https://cdn0.woolworths.media/content/wowproductimages/medium/807385.jpg,2020-09-21 17:27:05,,0,,True
0dc25428-eee2-4ca4-bb51-5660ed46bcda,Woolworths Supermarket,"Dairy, Eggs & Fridge",Woolworths Drought Relief Full Cream Milk 3l,807384,$3.59,$1.20 / 1L,https://www.woolworths.com.au/shop/productdetails/807384/woolworths-drought-relief-full-cream-milk,https://cdn0.woolworths.media/content/wowproductimages/medium/807384.jpg,2020-09-21 17:27:05,,0,,True
3c71e18f-3f81-4cc8-8880-7925223bd67a,Woolworths Supermarket,"Dairy, Eggs & Fridge",Woolworths Mozzarella Shredded Cheese 500g,728983,$6.00,$12.00 / 1KG,https://www.woolworths.com.au/shop/productdetails/728983/woolworths-mozzarella-shredded-cheese,https://cdn0.woolworths.media/content/wowproductimages/medium/728983.jpg,2020-09-21 17:27:05,Average product rating out of 5: 4.5. Product score is based on 469 ratings,469,,True
1e0c26f5-9299-4ab5-825a-9c0975e2ba84,Woolworths Supermarket,"Dairy, Eggs & Fridge",Woolworths Single Leaf Baby Spinach 280g,524336,$5.00,$17.86 / 1KG,https://www.woolworths.com.au/shop/productdetails/524336/woolworths-single-leaf-baby-spinach,https://cdn0.woolworths.media/content/wowproductimages/medium/524336.jpg,2020-09-21 17:27:05,Average product rating out of 5: 4.8. Product score is based on 532 ratings,532,,True
8650c63c-cbd9-4c4b-9245-a5bc653cb356,Woolworths Supermarket,"Dairy, Eggs & Fridge",Hillview Cheese Block 1kg,500187,$8.00,$8.00 / 1KG,https://www.woolworths.com.au/shop/productdetails/500187/hillview-cheese-block,https://cdn0.woolworths.media/content/wowproductimages/medium/500187.jpg,2020-09-21 17:27:05,Average product rating out of 5: 4.5. Product score is based on 66 ratings,66,,True
296d600a-756c-43a1-847c-8f9b27c50f16,Woolworths Supermarket,"Dairy, Eggs & Fridge",Woolworths Thickened Cream 600ml,048720,$3.00,$0.50 / 100ML,https://www.woolworths.com.au/shop/productdetails/48720/woolworths-thickened-cream,https://cdn0.woolworths.media/content/wowproductimages/medium/048720.jpg,2020-09-21 17:27:05,Average product rating out of 5: 4.8. Product score is based on 740 ratings,740,,True
635445d4-46b8-4b33-a287-d8b4a9f4c7e1,Woolworths Supermarket,"Dairy, Eggs & Fridge",Woolworths Uht Full Cream Milk 1l,748595,$1.25,$1.25 / 1L,https://www.woolworths.com.au/shop/productdetails/748595/woolworths-uht-full-cream-milk,https://cdn0.woolworths.media/content/wowproductimages/medium/748595.jpg,2020-09-21 17:27:05,Average product rating out of 5: 4.9. Product score is based on 36 ratings,36,,True
10ed5007-b680-4032-9e77-fff85af4e114,Woolworths Supermarket,"Dairy, Eggs & Fridge",Just 4 You 12 Extra Large Caged Eggs 700g,893974,$3.50,$0.50 / 100G,https://www.woolworths.com.au/shop/productdetails/893974/just-4-you-12-extra-large-caged-eggs,https://cdn0.woolworths.media/content/wowproductimages/medium/893974.jpg,2020-09-21 17:27:05,,0,,True
3bf7e583-866d-4e3c-968f-2e7fc905559b,Woolworths Supermarket,"Dairy, Eggs & Fridge",Woolworths Baby Leaf Spinach 120g,524322,$3.00,$25.00 / 1KG,https://www.woolworths.com.au/shop/productdetails/524322/woolworths-baby-leaf-spinach,https://cdn0.woolworths.media/content/wowproductimages/medium/524322.jpg,2020-09-21 17:27:05,Average product rating out of 5: 4.7. Product score is based on 2842 ratings,2842,,True
58cca8c6-8ba1-492c-ae2b-8cc3ffbe129b,Woolworths Supermarket,"Dairy, Eggs & Fridge",Woolworths Drought Relief Full Cream Milk 2l,807383,$2.39,$1.20 / 1L,https://www.woolworths.com.au/shop/productdetails/807383/woolworths-drought-relief-full-cream-milk,https://cdn0.woolworths.media/content/wowproductimages/medium/807383.jpg,2020-09-21 17:27:05,Average product rating out of 5: 4.7. Product score is based on 385 ratings,385,,True
fe2d3ece-7552-4ca1-b87e-e1f4d191dafc,Woolworths Supermarket,"Dairy, Eggs & Fridge",A2 Light Milk 2l,208066,$5.30,$2.65 / 1L,https://www.woolworths.com.au/shop/productdetails/208066/a2-light-milk,https://cdn0.woolworths.media/content/wowproductimages/medium/208066.jpg,2020-09-21 17:27:05,,0,,True
b8664026-9930-4999-8ee0-ab91ff57ea0e,Woolworths Supermarket,"Dairy, Eggs & Fridge",Califia Farms Xx Espresso Cold Brew Coffee With Almond 750ml,669551,$3.50,$4.67 / 1L,https://www.woolworths.com.au/shop/productdetails/669551/califia-farms-xx-espresso-cold-brew-coffee-with-almond,https://cdn0.woolworths.media/content/wowproductimages/medium/669551.jpg,2020-09-21 17:27:05,,0,,True
896cd5c9-675a-4331-86a1-96aa6e674e19,Woolworths Supermarket,"Dairy, Eggs & Fridge",Califia Farms Unsweetened Almond 750ml,669552,$4.00,$5.33 / 1L,https://www.woolworths.com.au/shop/productdetails/669552/califia-farms-unsweetened-almond,https://cdn0.woolworths.media/content/wowproductimages/medium/669552.jpg,2020-09-21 17:27:05,,0,,True
e885d2c5-a2b9-4d5e-b8e0-a4438c4bf191,Woolworths Supermarket,"Dairy, Eggs & Fridge",Woolworths Chocolate Flavoured Custard 85g,669774,$0.95,$11.18 / 1KG,https://www.woolworths.com.au/shop/productdetails/669774/woolworths-chocolate-flavoured-custard,https://cdn0.woolworths.media/content/wowproductimages/medium/669774.jpg,2020-09-21 17:27:05,Average product rating out of 5: 3.8. Product score is based on 222 ratings,222,,True
2c7b3385-ddfb-4a0d-9e68-c8f5fc8f670c,Woolworths Supermarket,"Dairy, Eggs & Fridge",Woolworths Vanilla Flavoured Custard Pouch 85g,669775,$0.95,$11.18 / 1KG,https://www.woolworths.com.au/shop/productdetails/669775/woolworths-vanilla-flavoured-custard-pouch,https://cdn0.woolworths.media/content/wowproductimages/medium/669775.jpg,2020-09-21 17:27:05,Average product rating out of 5: 3.9. Product score is based on 149 ratings,149,,True
6c653a29-3879-412e-bd4e-494231f94543,Woolworths Supermarket,"Dairy, Eggs & Fridge",Woolworths Chargrilled Lamb In Mint Gravy 400g,673149,$11.00,$2.75 / 100G,https://www.woolworths.com.au/shop/productdetails/673149/woolworths-chargrilled-lamb-in-mint-gravy,https://cdn0.woolworths.media/content/wowproductimages/medium/673149.jpg,2020-09-21 17:27:05,Average product rating out of 5: 3.3. Product score is based on 129 ratings,129,,True
6b36eb17-bab0-4cfc-b4f5-60def7356c2e,Woolworths Supermarket,"Dairy, Eggs & Fridge",Woolworths Tasmanian Salmon With Rice 400g,673742,$11.00,$2.75 / 100G,https://www.woolworths.com.au/shop/productdetails/673742/woolworths-tasmanian-salmon-with-rice,https://cdn0.woolworths.media/content/wowproductimages/medium/673742.jpg,2020-09-21 17:27:05,Average product rating out of 5: 3.8. Product score is based on 422 ratings,422,,True
cd24362f-a150-4f69-815a-7511c87fb199,Woolworths Supermarket,"Dairy, Eggs & Fridge",Woolworths Curried Sausages 800g,674327,$10.00,$1.25 / 100G,https://www.woolworths.com.au/shop/productdetails/674327/woolworths-curried-sausages,https://cdn0.woolworths.media/content/wowproductimages/medium/674327.jpg,2020-09-21 17:27:05,,0,,True
358cc9d6-f4a5-43dc-a2d5-03442e9244f3,Woolworths Supermarket,"Dairy, Eggs & Fridge",Sheese Mature Cheddar Vegan Cheese Block 200g,675781,$6.00,$30.00 / 1KG,https://www.woolworths.com.au/shop/productdetails/675781/sheese-mature-cheddar-vegan-cheese-block,https://cdn0.woolworths.media/content/wowproductimages/medium/675781.jpg,2020-09-21 17:27:05,,0,,True
075787ea-eebe-4315-aaf6-17919b94bd4f,Woolworths Supermarket,"Dairy, Eggs & Fridge",South Cape Sweet Chilli Cream Cheese 200g,677235,$4.60,$23.00 / 1KG,https://www.woolworths.com.au/shop/productdetails/677235/south-cape-sweet-chilli-cream-cheese,https://cdn0.woolworths.media/content/wowproductimages/medium/677235.jpg,2020-09-21 17:27:05,,0,,True
5e3e93bb-b662-407c-be3d-9d992b44780c,Woolworths Supermarket,"Dairy, Eggs & Fridge",Bio Cheese Feta 200g,679072,$8.00,$40.00 / 1KG,https://www.woolworths.com.au/shop/productdetails/679072/bio-cheese-feta,https://cdn0.woolworths.media/content/wowproductimages/medium/679072.jpg,2020-09-21 17:27:05,,0,,True
ff37996a-1000-4dfa-ad0f-6a1fe9cf28aa,Woolworths Supermarket,"Dairy, Eggs & Fridge",Pitango Organic Pumpkin & Ginger Soup 500g,681472,$5.00,$1.00 / 100G,https://www.woolworths.com.au/shop/productdetails/681472/pitango-organic-pumpkin-ginger-soup,https://cdn0.woolworths.media/content/wowproductimages/medium/681472.jpg,2020-09-21 17:27:05,,0,,True
38843a2b-161d-4dfb-b165-af1f39a7401c,Woolworths Supermarket,"Dairy, Eggs & Fridge",Pitango Free Range Chicken & Vegetable Soup 500g,681475,$5.00,$1.00 / 100G,https://www.woolworths.com.au/shop/productdetails/681475/pitango-free-range-chicken-vegetable-soup,https://cdn0.woolworths.media/content/wowproductimages/medium/681475.jpg,2020-09-21 17:27:05,,0,,True
253f1547-321c-407d-8cf5-b27df175af43,Woolworths Supermarket,"Dairy, Eggs & Fridge",Bulla Sour Cream Light Lactose Free 200g,681525,$3.20,$1.60 / 100G,https://www.woolworths.com.au/shop/productdetails/681525/bulla-sour-cream-light-lactose-free,https://cdn0.woolworths.media/content/wowproductimages/medium/681525.jpg,2020-09-21 17:27:05,,0,,True
31fe66fc-3960-467f-adb6-1601c5bbf805,Woolworths Supermarket,"Dairy, Eggs & Fridge",Woolworths Family Classics Cottage Pie 1.1kg,681569,,,https://www.woolworths.com.au/shop/productdetails/681569/woolworths-family-classics-cottage-pie,https://cdn0.woolworths.media/content/wowproductimages/medium/681569.jpg,2020-09-21 17:27:05,,0,Was $12.00 01/05/2018,False
38baa2bb-85d3-4504-9450-be53408b804e,Woolworths Supermarket,"Dairy, Eggs & Fridge",Dairyworks Cheddar Cheese Burger Slices 200g,681781,$4.00,$20.00 / 1KG,https://www.woolworths.com.au/shop/productdetails/681781/dairyworks-cheddar-cheese-burger-slices,https://cdn0.woolworths.media/content/wowproductimages/medium/681781.jpg,2020-09-21 17:27:05,,0,,True
79288679-a58a-4468-8d80-8b491ab37bc7,Woolworths Supermarket,"Dairy, Eggs & Fridge",Dairyworks Grated 3 Cheese Mix 250g,681853,$4.50,$18.00 / 1KG,https://www.woolworths.com.au/shop/productdetails/681853/dairyworks-grated-3-cheese-mix,https://cdn0.woolworths.media/content/wowproductimages/medium/681853.jpg,2020-09-21 17:27:05,,0,Was $5.00 09/10/2018,True
64426c41-22b9-408a-b615-b18a507a28c0,Woolworths Supermarket,"Dairy, Eggs & Fridge",Australia's Own Full Cream Uht Milk 2l,682610,$2.40,$1.20 / 1L,https://www.woolworths.com.au/shop/productdetails/682610/australia-s-own-full-cream-uht-milk,https://cdn0.woolworths.media/content/wowproductimages/medium/682610.jpg,2020-09-21 17:27:05,,0,,True
f97971b3-5c4a-4257-ac4c-fba7af658b20,Woolworths Supermarket,"Dairy, Eggs & Fridge",Australia's Own Skim Uht Milk 2l,682611,$2.40,$1.20 / 1L,https://www.woolworths.com.au/shop/productdetails/682611/australia-s-own-skim-uht-milk,https://cdn0.woolworths.media/content/wowproductimages/medium/682611.jpg,2020-09-21 17:27:05,,0,,True
34a7e6e8-951d-44af-afd2-0b91612e4ce9,Woolworths Supermarket,"Dairy, Eggs & Fridge",Mainland Munchables Rice Crackers 4 pack,682794,$6.00,$50.00 / 1KG,https://www.woolworths.com.au/shop/productdetails/682794/mainland-munchables-rice-crackers,https://cdn0.woolworths.media/content/wowproductimages/medium/682794.jpg,2020-09-21 17:27:05,,0,Was $6.50 29/05/2018,True
4ca69fe6-5191-4e5e-9761-7c3d07e3fc54,Woolworths Supermarket,"Dairy, Eggs & Fridge",Macro Organic Creamy Soy Milk 1l,683262,$2.00,$2.00 / 1L,https://www.woolworths.com.au/shop/productdetails/683262/macro-organic-creamy-soy-milk,https://cdn0.woolworths.media/content/wowproductimages/medium/683262.jpg,2020-09-21 17:27:05,Average product rating out of 5: 3.9. Product score is based on 229 ratings,229,,True
38fae96f-b67b-487a-90ff-b9e06c6b6ea7,Woolworths Supermarket,"Dairy, Eggs & Fridge",Danone Yopro Plain 700g,686218,$6.00,$0.86 / 100G,https://www.woolworths.com.au/shop/productdetails/686218/danone-yopro-plain,https://cdn0.woolworths.media/content/wowproductimages/medium/686218.jpg,2020-09-21 17:27:05,,0,Was $7.00 02/10/2018,True
ac875b43-e151-48fa-a7cd-59fc3ff237ef,Woolworths Supermarket,"Dairy, Eggs & Fridge",Farmers Union Pouch Hint Of Real Mango 130g,686455,$1.50,$1.15 / 100G,https://www.woolworths.com.au/shop/productdetails/686455/farmers-union-pouch-hint-of-real-mango,https://cdn0.woolworths.media/content/wowproductimages/medium/686455.jpg,2020-09-21 17:27:05,,0,Was $2.25 11/08/2019,True
3900913b-a15f-490f-8390-6ccd66cbf836,Woolworths Supermarket,"Dairy, Eggs & Fridge",Dairy Farmers Thick & Creamy Apricot & Vanilla 150g,686460,$1.00,$0.67 / 100G,https://www.woolworths.com.au/shop/productdetails/686460/dairy-farmers-thick-creamy-apricot-vanilla,https://cdn0.woolworths.media/content/wowproductimages/medium/686460.jpg,2020-09-21 17:27:05,,0,,True
58a50c8f-9029-4ff4-b372-8ef1b5c391bc,Woolworths Supermarket,"Dairy, Eggs & Fridge",Farmers Union Pouch Strawberry 130g,686461,$1.50,$1.15 / 100G,https://www.woolworths.com.au/shop/productdetails/686461/farmers-union-pouch-strawberry,https://cdn0.woolworths.media/content/wowproductimages/medium/686461.jpg,2020-09-21 17:27:05,,0,Was $2.25 11/08/2019,True
75dc66f5-343d-4375-b62d-dd9780de4728,Woolworths Supermarket,"Dairy, Eggs & Fridge",Coon Cheese Slices Tasty 750g,187899,$10.00,$13.33 / 1KG,https://www.woolworths.com.au/shop/productdetails/187899/coon-cheese-slices-tasty,https://cdn0.woolworths.media/content/wowproductimages/medium/187899.jpg,2020-09-21 17:27:05,,0,Was $12.00 07/07/2020,True
fcfe892a-26a1-4e44-807e-822abe92047b,Woolworths Supermarket,"Dairy, Eggs & Fridge",Woolworths Baby Leaf Spinach 120g,524322,$3.00,$25.00 / 1KG,https://www.woolworths.com.au/shop/productdetails/524322/woolworths-baby-leaf-spinach,https://cdn0.woolworths.media/content/wowproductimages/medium/524322.jpg,2020-09-21 17:27:05,Average product rating out of 5: 4.7. Product score is based on 2842 ratings,2842,,True
c951268b-9372-4860-a830-3432c77d16b1,Woolworths Supermarket,"Dairy, Eggs & Fridge",Woolworths Baby Spinach Salad Bag 60g,379515,$2.00,$33.33 / 1KG,https://www.woolworths.com.au/shop/productdetails/379515/woolworths-baby-spinach-salad-bag,https://cdn0.woolworths.media/content/wowproductimages/medium/379515.jpg,2020-09-21 17:27:05,Average product rating out of 5: 4.7. Product score is based on 725 ratings,725,,True
16c455ed-a7ac-480f-a41c-f677cb4bbbb3,Woolworths Supermarket,"Dairy, Eggs & Fridge",Woolworths Thickened Cream 600ml,048720,$3.00,$0.50 / 100ML,https://www.woolworths.com.au/shop/productdetails/48720/woolworths-thickened-cream,https://cdn0.woolworths.media/content/wowproductimages/medium/048720.jpg,2020-09-21 17:27:05,Average product rating out of 5: 4.8. Product score is based on 740 ratings,740,,True
d5ab1612-295b-454d-9218-1e0fdc7d13f8,Woolworths Supermarket,"Dairy, Eggs & Fridge",Woolworths Drought Relief Lite Milk 3l,807386,$3.59,$1.20 / 1L,https://www.woolworths.com.au/shop/productdetails/807386/woolworths-drought-relief-lite-milk,https://cdn0.woolworths.media/content/wowproductimages/medium/807386.jpg,2020-09-21 17:27:05,,0,,True
a19e29b2-07ad-493c-8ab8-b8152aab4974,Woolworths Supermarket,"Dairy, Eggs & Fridge",Just 4 You 12 Extra Large Caged Eggs 700g,893974,$3.50,$0.50 / 100G,https://www.woolworths.com.au/shop/productdetails/893974/just-4-you-12-extra-large-caged-eggs,https://cdn0.woolworths.media/content/wowproductimages/medium/893974.jpg,2020-09-21 17:27:05,,0,,True
cd34612a-c958-4e84-9b92-d6be2beba1d2,Woolworths Supermarket,"Dairy, Eggs & Fridge",Woolworths Tasty Shredded Cheese 500g,729026,$6.00,$12.00 / 1KG,https://www.woolworths.com.au/shop/productdetails/729026/woolworths-tasty-shredded-cheese,https://cdn0.woolworths.media/content/wowproductimages/medium/729026.jpg,2020-09-21 17:27:05,Average product rating out of 5: 4.6. Product score is based on 500 ratings,500,,True
4b760dfb-7a4f-4a6a-bda7-66e399b345ed,Woolworths Supermarket,"Dairy, Eggs & Fridge",Woolworths Drought Relief Full Cream Milk 3l,807384,$3.59,$1.20 / 1L,https://www.woolworths.com.au/shop/productdetails/807384/woolworths-drought-relief-full-cream-milk,https://cdn0.woolworths.media/content/wowproductimages/medium/807384.jpg,2020-09-21 17:27:05,,0,,True
77054fae-124e-4e2a-ad39-67283235b3a9,Woolworths Supermarket,"Dairy, Eggs & Fridge",Woolworths Mozzarella Shredded Cheese 500g,728983,$6.00,$12.00 / 1KG,https://www.woolworths.com.au/shop/productdetails/728983/woolworths-mozzarella-shredded-cheese,https://cdn0.woolworths.media/content/wowproductimages/medium/728983.jpg,2020-09-21 17:27:05,Average product rating out of 5: 4.5. Product score is based on 469 ratings,469,,True
594412fc-2581-4495-b0ce-032206eb9499,Woolworths Supermarket,"Dairy, Eggs & Fridge",Woolworths Drought Relief Lite Milk 2l,807385,$2.39,$1.20 / 1L,https://www.woolworths.com.au/shop/productdetails/807385/woolworths-drought-relief-lite-milk,https://cdn0.woolworths.media/content/wowproductimages/medium/807385.jpg,2020-09-21 17:27:05,,0,,True
4090b905-61df-4867-a747-399bbfde0bb6,Woolworths Supermarket,"Dairy, Eggs & Fridge",Hillview Cheese Block 1kg,500187,$8.00,$8.00 / 1KG,https://www.woolworths.com.au/shop/productdetails/500187/hillview-cheese-block,https://cdn0.woolworths.media/content/wowproductimages/medium/500187.jpg,2020-09-21 17:27:05,Average product rating out of 5: 4.5. Product score is based on 66 ratings,66,,True
dcc3849b-800e-4d76-b74c-c3699f20b06b,Woolworths Supermarket,"Dairy, Eggs & Fridge",Woolworths Single Leaf Baby Spinach 280g,524336,$5.00,$17.86 / 1KG,https://www.woolworths.com.au/shop/productdetails/524336/woolworths-single-leaf-baby-spinach,https://cdn0.woolworths.media/content/wowproductimages/medium/524336.jpg,2020-09-21 17:27:05,Average product rating out of 5: 4.8. Product score is based on 532 ratings,532,,True
b5c3c267-8b2f-4913-8254-25a2e903618a,Woolworths Supermarket,"Dairy, Eggs & Fridge",Western Star Original Spreadable 500g,069756,$6.00,$1.20 / 100G,https://www.woolworths.com.au/shop/productdetails/69756/western-star-original-spreadable,https://cdn0.woolworths.media/content/wowproductimages/medium/069756.jpg,2020-09-21 17:27:05,,0,,True
690099d6-2d59-478a-b4e5-dfcc9214f8f3,Woolworths Supermarket,"Dairy, Eggs & Fridge",Woolworths Drought Relief Full Cream Milk 2l,807383,$2.39,$1.20 / 1L,https://www.woolworths.com.au/shop/productdetails/807383/woolworths-drought-relief-full-cream-milk,https://cdn0.woolworths.media/content/wowproductimages/medium/807383.jpg,2020-09-21 17:27:05,Average product rating out of 5: 4.7. Product score is based on 385 ratings,385,,True
85858697-782e-472d-9896-43a29cf7f1dd,Woolworths Supermarket,"Dairy, Eggs & Fridge",Almond Breeze Unsweetened Almond Milk 1l,761604,$2.50,$2.50 / 1L,https://www.woolworths.com.au/shop/productdetails/761604/almond-breeze-unsweetened-almond-milk,https://cdn0.woolworths.media/content/wowproductimages/medium/761604.jpg,2020-09-21 17:27:05,,0,Was $3.25 13/03/2017,True
72705f32-9f40-4248-ad63-65486af8904c,Woolworths Supermarket,"Dairy, Eggs & Fridge",Woolworths Uht Full Cream Milk 1l,748595,$1.25,$1.25 / 1L,https://www.woolworths.com.au/shop/productdetails/748595/woolworths-uht-full-cream-milk,https://cdn0.woolworths.media/content/wowproductimages/medium/748595.jpg,2020-09-21 17:27:05,Average product rating out of 5: 4.9. Product score is based on 36 ratings,36,,True
4d475fb4-4e9b-4572-9763-dd733aacc901,Woolworths Supermarket,"Dairy, Eggs & Fridge",Hillview Tasty Shredded Cheese 700g,491820,$6.60,$9.43 / 1KG,https://www.woolworths.com.au/shop/productdetails/491820/hillview-tasty-shredded-cheese,https://cdn0.woolworths.media/content/wowproductimages/medium/491820.jpg,2020-09-21 17:27:05,Average product rating out of 5: 4.5. Product score is based on 48 ratings,48,,True
23b14f66-683d-4786-8064-84617af9bcde,Woolworths Supermarket,"Dairy, Eggs & Fridge",A2 Full Cream Milk 2l,208064,$5.30,$2.65 / 1L,https://www.woolworths.com.au/shop/productdetails/208064/a2-full-cream-milk,https://cdn0.woolworths.media/content/wowproductimages/medium/208064.jpg,2020-09-21 17:27:05,,0,,True
a430b62e-ae0b-4174-8276-56cb72f10ce7,Woolworths Supermarket,"Dairy, Eggs & Fridge",Flora Proactiv Margarine Buttery 750g,763453,$10.00,$1.33 / 100G,https://www.woolworths.com.au/shop/productdetails/763453/flora-proactiv-margarine-buttery,https://cdn0.woolworths.media/content/wowproductimages/medium/763453.jpg,2020-09-21 17:27:05,,0,,True
a6cf5bf7-e2da-4a0c-b915-eba7ead903e5,Woolworths Supermarket,"Dairy, Eggs & Fridge",A2 Light Milk 2l,208066,$5.30,$2.65 / 1L,https://www.woolworths.com.au/shop/productdetails/208066/a2-light-milk,https://cdn0.woolworths.media/content/wowproductimages/medium/208066.jpg,2020-09-21 17:27:05,,0,,True
72c6be22-86a9-4157-b09d-5502ad2edd92,Woolworths Supermarket,"Dairy, Eggs & Fridge",Dairy Farmers Thick & Creamy Orchard Peach 600g,686479,$4.50,$0.75 / 100G,https://www.woolworths.com.au/shop/productdetails/686479/dairy-farmers-thick-creamy-orchard-peach,https://cdn0.woolworths.media/content/wowproductimages/medium/686479.jpg,2020-09-21 17:27:05,,0,,True
165e6d7e-f45d-4c2c-ac80-51333469edd4,Woolworths Supermarket,"Dairy, Eggs & Fridge",Chobani Limited Batch Pouch 140g,687255,$1.12,$0.80 / 100G,https://www.woolworths.com.au/shop/productdetails/687255/chobani-limited-batch-pouch,https://cdn0.woolworths.media/content/wowproductimages/medium/687255.jpg,2020-09-21 17:27:05,,0,,True
bb237574-1514-4d19-9894-901ed13a5aa7,Woolworths Supermarket,"Dairy, Eggs & Fridge",Chobani Flip Strawberry Shortcake 140g,687605,$2.00,$1.43 / 100G,https://www.woolworths.com.au/shop/productdetails/687605/chobani-flip-strawberry-shortcake,https://cdn0.woolworths.media/content/wowproductimages/medium/687605.jpg,2020-09-21 17:27:05,,0,,True
12c61586-3387-4533-8274-2e59fc44100c,Woolworths Supermarket,"Dairy, Eggs & Fridge",Chobani Flip Cookies & Cream Crunch 140g,687630,$2.00,$1.43 / 100G,https://www.woolworths.com.au/shop/productdetails/687630/chobani-flip-cookies-cream-crunch,https://cdn0.woolworths.media/content/wowproductimages/medium/687630.jpg,2020-09-21 17:27:05,,0,,True
d296113a-8868-48b8-9033-624283fc1d5d,Woolworths Supermarket,"Dairy, Eggs & Fridge",Chobani Flip Lemon Meringue Tang 140g,687632,$2.00,$1.43 / 100G,https://www.woolworths.com.au/shop/productdetails/687632/chobani-flip-lemon-meringue-tang,https://cdn0.woolworths.media/content/wowproductimages/medium/687632.jpg,2020-09-21 17:27:05,,0,,True
944db12a-3a45-47a5-8ba5-8b3839d00364,Woolworths Supermarket,"Dairy, Eggs & Fridge",Rafferty's Garden Banana Yoghurt 70g,687796,$1.30,$1.86 / 100G,https://www.woolworths.com.au/shop/productdetails/687796/rafferty-s-garden-banana-yoghurt,https://cdn0.woolworths.media/content/wowproductimages/medium/687796.jpg,2020-09-21 17:27:05,,0,5 for $5.00 $1.43/100G,True
d3b01e16-1f68-460d-8694-62e595444ea8,Woolworths Supermarket,"Dairy, Eggs & Fridge",Rafferty's Garden Mango & Peach Yoghurt 70g,687797,$1.30,$1.86 / 100G,https://www.woolworths.com.au/shop/productdetails/687797/rafferty-s-garden-mango-peach-yoghurt,https://cdn0.woolworths.media/content/wowproductimages/medium/687797.jpg,2020-09-21 17:27:05,,0,5 for $5.00 $1.43/100G,True
1b035744-a066-4017-979a-5441741299ac,Woolworths Supermarket,"Dairy, Eggs & Fridge",Gippsland Passionfruit Twist Yoghurt 160g,687826,$2.50,$1.56 / 100G,https://www.woolworths.com.au/shop/productdetails/687826/gippsland-passionfruit-twist-yoghurt,https://cdn0.woolworths.media/content/wowproductimages/medium/687826.jpg,2020-09-21 17:27:05,,0,Was $2.85 26/11/2018,True
83bb430d-e100-4491-b967-860641fc6777,Woolworths Supermarket,"Dairy, Eggs & Fridge",Rafferty's Garden Plain Yoghurt 70g,687837,$1.30,$1.86 / 100G,https://www.woolworths.com.au/shop/productdetails/687837/rafferty-s-garden-plain-yoghurt,https://cdn0.woolworths.media/content/wowproductimages/medium/687837.jpg,2020-09-21 17:27:05,,0,5 for $5.00 $1.43/100G,True
a2ec1665-e6f4-4b0d-8801-2ec595f5316a,Woolworths Supermarket,"Dairy, Eggs & Fridge",Woolworths Mozzarella Cheese 350g,688515,$5.00,$14.29 / 1KG,https://www.woolworths.com.au/shop/productdetails/688515/woolworths-mozzarella-cheese,https://cdn0.woolworths.media/content/wowproductimages/medium/688515.jpg,2020-09-21 17:27:05,Average product rating out of 5: 4.9. Product score is based on 25 ratings,25,,True
72ef49a7-f3e0-45c6-98fa-6a8c97cbbf8a,Woolworths Supermarket,"Dairy, Eggs & Fridge",Woolworths Italian Cheese Blend 250g,688516,$4.20,$16.80 / 1KG,https://www.woolworths.com.au/shop/productdetails/688516/woolworths-italian-cheese-blend,https://cdn0.woolworths.media/content/wowproductimages/medium/688516.jpg,2020-09-21 17:27:05,Average product rating out of 5: 4.1. Product score is based on 659 ratings,659,,True
0c8a9938-5afe-48d5-bcd1-82137a9d3d0f,Woolworths Supermarket,"Dairy, Eggs & Fridge",Woolworths Mexican Cheese Blend 250g,688517,$4.20,$16.80 / 1KG,https://www.woolworths.com.au/shop/productdetails/688517/woolworths-mexican-cheese-blend,https://cdn0.woolworths.media/content/wowproductimages/medium/688517.jpg,2020-09-21 17:27:05,Average product rating out of 5: 4.0. Product score is based on 377 ratings,377,,True
92b1fe18-e5de-4802-90d4-932bf53a978e,Woolworths Supermarket,"Dairy, Eggs & Fridge",Cocobella Vanilla Yoghurt 500g,688826,$6.00,$1.20 / 100G,https://www.woolworths.com.au/shop/productdetails/688826/cocobella-vanilla-yoghurt,https://cdn0.woolworths.media/content/wowproductimages/medium/688826.jpg,2020-09-21 17:27:05,,0,,True
f1f2cd73-c64e-4da1-8737-f7bd2348e4b8,Woolworths Supermarket,"Dairy, Eggs & Fridge",Cocobella Cocobella Yoghurt Passionfruit 500g,688827,$6.00,$1.20 / 100G,https://www.woolworths.com.au/shop/productdetails/688827/cocobella-cocobella-yoghurt-passionfruit,https://cdn0.woolworths.media/content/wowproductimages/medium/688827.jpg,2020-09-21 17:27:05,,0,,True
9af1c66c-bcbb-414f-aad3-0349e406d971,Woolworths Supermarket,"Dairy, Eggs & Fridge",Essentials Unsalted Butter 500g,688962,$5.00,$1.00 / 100G,https://www.woolworths.com.au/shop/productdetails/688962/essentials-unsalted-butter,https://cdn0.woolworths.media/content/wowproductimages/medium/688962.jpg,2020-09-21 17:27:05,,0,,True
e063ceb5-8a90-48e0-9b1a-38d4fd235978,Woolworths Supermarket,"Dairy, Eggs & Fridge",Chobani Fit Strawberry Greek Yoghurt 170g,689462,$1.12,$0.66 / 100G,https://www.woolworths.com.au/shop/productdetails/689462/chobani-fit-strawberry-greek-yoghurt,https://cdn0.woolworths.media/content/wowproductimages/medium/689462.jpg,2020-09-21 17:27:05,,0,,True
ee73b1f3-382a-415c-9100-fdcfbde44579,Woolworths Supermarket,"Dairy, Eggs & Fridge",Chobani Fit Passion Fruit Greek Yoghurt 170g,689463,$1.12,$0.66 / 100G,https://www.woolworths.com.au/shop/productdetails/689463/chobani-fit-passion-fruit-greek-yoghurt,https://cdn0.woolworths.media/content/wowproductimages/medium/689463.jpg,2020-09-21 17:27:05,,0,,True
21688a5b-1a4e-4858-971a-942e18b295a0,Woolworths Supermarket,"Dairy, Eggs & Fridge",Chobani Fit Strawberry Greek Yoghurt Pouch 140g,689539,$1.12,$0.80 / 100G,https://www.woolworths.com.au/shop/productdetails/689539/chobani-fit-strawberry-greek-yoghurt-pouch,https://cdn0.woolworths.media/content/wowproductimages/medium/689539.jpg,2020-09-21 17:27:05,,0,,True
de51c567-c4fa-4ba2-9752-22668b6b311b,Woolworths Supermarket,"Dairy, Eggs & Fridge",Manning Valley 18 Large Free Range Eggs 900g,689556,$8.50,$0.94 / 100G,https://www.woolworths.com.au/shop/productdetails/689556/manning-valley-18-large-free-range-eggs,https://cdn0.woolworths.media/content/wowproductimages/medium/689556.jpg,2020-09-21 17:27:05,,0,,True
d3babed0-aa1f-40e1-aec7-4b7fdbb7ec69,Woolworths Supermarket,"Dairy, Eggs & Fridge",Danone Yopro Banana Yoghurt 160g,689557,$2.40,$1.50 / 100G,https://www.woolworths.com.au/shop/productdetails/689557/danone-yopro-banana-yoghurt,https://cdn0.woolworths.media/content/wowproductimages/medium/689557.jpg,2020-09-21 17:27:05,,0,,True
ae24a2b1-ff75-4c33-8706-5ed731c2bf91,Woolworths Supermarket,"Dairy, Eggs & Fridge",Chobani Fit Vanilla Greek Yoghurt Pouch 140g,689570,$1.12,$0.80 / 100G,https://www.woolworths.com.au/shop/productdetails/689570/chobani-fit-vanilla-greek-yoghurt-pouch,https://cdn0.woolworths.media/content/wowproductimages/medium/689570.jpg,2020-09-21 17:27:05,,0,,True
4e41eed5-203c-4335-be85-7a8c36f7cce6,Woolworths Supermarket,"Dairy, Eggs & Fridge",The Collective Super Kefir 13 Unsweetened Yoghurt 700g,690709,$5.00,$0.71 / 100G,https://www.woolworths.com.au/shop/productdetails/690709/the-collective-super-kefir-13-unsweetened-yoghurt,https://cdn0.woolworths.media/content/wowproductimages/medium/690709.jpg,2020-09-21 17:27:05,,0,Was $6.00 15/03/2020,True
bfc647bc-a63a-4755-8079-6ca15ce09c23,Woolworths Supermarket,"Dairy, Eggs & Fridge",The Collective Super Kefir 13 Mango Turmeric 700g,690810,,,https://www.woolworths.com.au/shop/productdetails/690810/the-collective-super-kefir-13-mango-turmeric,https://cdn0.woolworths.media/content/wowproductimages/medium/690810.jpg,2020-09-21 17:27:05,,0,Was $6.00 15/03/2020,False
5cf56bfe-95a3-428d-915d-fb722bb1e42e,Woolworths Supermarket,"Dairy, Eggs & Fridge",The Collective Organic Strawberry Yoghurt 70g,690811,$1.00,$1.43 / 100G,https://www.woolworths.com.au/shop/productdetails/690811/the-collective-organic-strawberry-yoghurt,https://cdn0.woolworths.media/content/wowproductimages/medium/690811.jpg,2020-09-21 17:27:05,,0,,True
3fc2dfca-fc00-44b6-8594-ba736ea7eb1e,Woolworths Supermarket,"Dairy, Eggs & Fridge",Woolworths Baby Spinach Salad Bag 60g,379515,$2.00,$33.33 / 1KG,https://www.woolworths.com.au/shop/productdetails/379515/woolworths-baby-spinach-salad-bag,https://cdn0.woolworths.media/content/wowproductimages/medium/379515.jpg,2020-09-21 17:27:05,Average product rating out of 5: 4.7. Product score is based on 725 ratings,725,,True
e1c16f41-430d-4e6b-a9b7-2cca2723898d,Woolworths Supermarket,"Dairy, Eggs & Fridge",A2 Light Milk 2l,208066,$5.30,$2.65 / 1L,https://www.woolworths.com.au/shop/productdetails/208066/a2-light-milk,https://cdn0.woolworths.media/content/wowproductimages/medium/208066.jpg,2020-09-21 17:27:05,,0,,True
8aa44403-2510-49ff-b084-5dfa1c4f506a,Woolworths Supermarket,"Dairy, Eggs & Fridge",Dairy Farmers Thick & Creamy Classic Vanilla Yoghurt 150g,777320,$1.00,$0.67 / 100G,https://www.woolworths.com.au/shop/productdetails/777320/dairy-farmers-thick-creamy-classic-vanilla-yoghurt,https://cdn0.woolworths.media/content/wowproductimages/medium/777320.jpg,2020-09-21 17:27:05,,0,,True
0931f309-c2ad-438a-8a7d-c6d878fc4f83,Woolworths Supermarket,"Dairy, Eggs & Fridge",Woolworths Mozzarella Shredded Cheese 500g,728983,$6.00,$12.00 / 1KG,https://www.woolworths.com.au/shop/productdetails/728983/woolworths-mozzarella-shredded-cheese,https://cdn0.woolworths.media/content/wowproductimages/medium/728983.jpg,2020-09-21 17:27:05,Average product rating out of 5: 4.5. Product score is based on 469 ratings,469,,True
b198e3a5-e110-4ad3-986f-1348a4fdcb2b,Woolworths Supermarket,"Dairy, Eggs & Fridge",Macro Firm Tofu 450g,023038,$3.50,$7.78 / 1KG,https://www.woolworths.com.au/shop/productdetails/23038/macro-firm-tofu,https://cdn0.woolworths.media/content/wowproductimages/medium/023038.jpg,2020-09-21 17:27:05,Average product rating out of 5: 4.1. Product score is based on 270 ratings,270,,True
897479fa-ca3d-47bc-a126-5e0ed185e0e5,Woolworths Supermarket,"Dairy, Eggs & Fridge",Dairy Farmers Thick & Creamy Yellow Box Honey Yoghurt 150g,768112,$1.00,$0.67 / 100G,https://www.woolworths.com.au/shop/productdetails/768112/dairy-farmers-thick-creamy-yellow-box-honey-yoghurt,https://cdn0.woolworths.media/content/wowproductimages/medium/768112.jpg,2020-09-21 17:27:05,,0,,True
a78cbf5b-a3ad-4014-b8a5-45e44680c648,Woolworths Supermarket,"Dairy, Eggs & Fridge",Western Star Original Spreadable 500g,069756,$6.00,$1.20 / 100G,https://www.woolworths.com.au/shop/productdetails/69756/western-star-original-spreadable,https://cdn0.woolworths.media/content/wowproductimages/medium/069756.jpg,2020-09-21 17:27:05,,0,,True
d5c1045a-f7d3-4fe3-899e-03e67dbb11b3,Woolworths Supermarket,"Dairy, Eggs & Fridge",Tamar Valley Kids Yoghurt Pouch Vanilla 110g,508826,$1.80,$1.64 / 100G,https://www.woolworths.com.au/shop/productdetails/508826/tamar-valley-kids-yoghurt-pouch-vanilla,https://cdn0.woolworths.media/content/wowproductimages/medium/508826.jpg,2020-09-21 17:27:05,,0,,True
9aaf86a4-cd73-476f-9a31-eacb743fe805,Woolworths Supermarket,"Dairy, Eggs & Fridge",Pauls Yoghurt Pouch Vanilla Kids Yoghurt 70g,705258,$1.40,$2.00 / 100G,https://www.woolworths.com.au/shop/productdetails/705258/pauls-yoghurt-pouch-vanilla-kids-yoghurt,https://cdn0.woolworths.media/content/wowproductimages/medium/705258.jpg,2020-09-21 17:27:05,,0,,True
ac8c3ba4-0144-4867-9696-7693e953c20a,Woolworths Supermarket,"Dairy, Eggs & Fridge",Devondale Salted Butter 250g,075645,$3.20,$1.28 / 100G,https://www.woolworths.com.au/shop/productdetails/75645/devondale-salted-butter,https://cdn0.woolworths.media/content/wowproductimages/medium/075645.jpg,2020-09-21 17:27:05,,0,,True
78fdd1f9-d0cf-46bf-a981-382f82f1df40,Woolworths Supermarket,"Dairy, Eggs & Fridge",Tasmanian Heritage Double Brie Cheese 250g,077182,$11.80,$47.20 / 1KG,https://www.woolworths.com.au/shop/productdetails/77182/tasmanian-heritage-double-brie-cheese,https://cdn0.woolworths.media/content/wowproductimages/medium/077182.jpg,2020-09-21 17:27:05,,0,,True
1dc9871f-107d-4400-af8d-f8626e37112d,Woolworths Supermarket,"Dairy, Eggs & Fridge",Pace Farm 12 Extra Large Free Range Eggs 700g,092953,$5.95,$0.85 / 100G,https://www.woolworths.com.au/shop/productdetails/92953/pace-farm-12-extra-large-free-range-eggs,https://cdn0.woolworths.media/content/wowproductimages/medium/092953.jpg,2020-09-21 17:27:05,,0,,True
15936b6c-c3d6-4379-8661-caed13cfe3fd,Woolworths Supermarket,"Dairy, Eggs & Fridge",Woolworths Classic Coleslaw 200g,531041,$2.00,$10.00 / 1KG,https://www.woolworths.com.au/shop/productdetails/531041/woolworths-classic-coleslaw,https://cdn0.woolworths.media/content/wowproductimages/medium/531041.jpg,2020-09-21 17:27:05,Average product rating out of 5: 4.2. Product score is based on 371 ratings,371,,True
f6de4750-e8b2-4135-9aba-794936396acf,Woolworths Supermarket,"Dairy, Eggs & Fridge",Chobani No Fat Raspberry Yoghurt 170g,752079,$1.80,$1.06 / 100G,https://www.woolworths.com.au/shop/productdetails/752079/chobani-no-fat-raspberry-yoghurt,https://cdn0.woolworths.media/content/wowproductimages/medium/752079.jpg,2020-09-21 17:27:05,,0,Was $2.00 26/04/2020,True
358903d3-7ab1-4af8-bcd8-0988abac4cbf,Woolworths Supermarket,"Dairy, Eggs & Fridge",Meadowlea Original Spread 500g,048016,$3.30,$0.66 / 100G,https://www.woolworths.com.au/shop/productdetails/48016/meadowlea-original-spread,https://cdn0.woolworths.media/content/wowproductimages/medium/048016.jpg,2020-09-21 17:27:05,,0,,True
3d59c41f-a3d9-43f4-bacc-d62845f648c8,Woolworths Supermarket,"Dairy, Eggs & Fridge",Dairy Farmers Thick & Creamy Mango & Passionfruit Yoghurt 150g,768054,$1.00,$0.67 / 100G,https://www.woolworths.com.au/shop/productdetails/768054/dairy-farmers-thick-creamy-mango-passionfruit-yoghurt,https://cdn0.woolworths.media/content/wowproductimages/medium/768054.jpg,2020-09-21 17:27:05,,0,,True
aef7bd25-fb37-495d-a4e0-62622d2080de,Woolworths Supermarket,"Dairy, Eggs & Fridge",Pauls Zymil Light Lactose Free Milk 1l,144000,$3.10,$3.10 / 1L,https://www.woolworths.com.au/shop/productdetails/144000/pauls-zymil-light-lactose-free-milk,https://cdn0.woolworths.media/content/wowproductimages/medium/144000.jpg,2020-09-21 17:27:05,,0,,True
6dbe51d4-feef-4344-9883-caf22856b1b9,Woolworths Supermarket,"Dairy, Eggs & Fridge",Woolworths Beef Lasagne 2kg,194648,$12.50,$6.25 / 1KG,https://www.woolworths.com.au/shop/productdetails/194648/woolworths-beef-lasagne,https://cdn0.woolworths.media/content/wowproductimages/medium/194648.jpg,2020-09-21 17:27:05,Average product rating out of 5: 3.5. Product score is based on 598 ratings,598,Was $15.5 24/09/2018,True
72d5977f-9dcc-4e74-94b8-89b834fbfe51,Woolworths Supermarket,"Dairy, Eggs & Fridge",Woolworths Vanilla Yoghurt Pouch 70g,891954,$0.75,$1.07 / 100G,https://www.woolworths.com.au/shop/productdetails/891954/woolworths-vanilla-yoghurt-pouch,https://cdn0.woolworths.media/content/wowproductimages/medium/891954.jpg,2020-09-21 17:27:05,Average product rating out of 5: 4.2. Product score is based on 476 ratings,476,,True
2e98c6b6-6e8c-4b1d-80f7-af4682fa8ea1,Woolworths Supermarket,"Dairy, Eggs & Fridge",Devondale 3 Cheese Blend Shredded Cheese 600g,807863,$7.50,$12.50 / 1KG,https://www.woolworths.com.au/shop/productdetails/807863/devondale-3-cheese-blend-shredded-cheese,https://cdn0.woolworths.media/content/wowproductimages/medium/807863.jpg,2020-09-21 17:27:05,,0,,True
33729766-63f9-44b0-8cb5-9aa2b6cc1b50,Woolworths Supermarket,"Dairy, Eggs & Fridge",The Collective Organic Blueberry Yoghurt 70g,690844,$1.00,$1.43 / 100G,https://www.woolworths.com.au/shop/productdetails/690844/the-collective-organic-blueberry-yoghurt,https://cdn0.woolworths.media/content/wowproductimages/medium/690844.jpg,2020-09-21 17:27:05,,0,,True
fdd205b4-a8d4-4cf7-8ce6-a2b3bf70b136,Woolworths Supermarket,"Dairy, Eggs & Fridge",The Collective Straight Up Unsweetened Yoghurt 900g,690859,$5.00,$0.56 / 100G,https://www.woolworths.com.au/shop/productdetails/690859/the-collective-straight-up-unsweetened-yoghurt,https://cdn0.woolworths.media/content/wowproductimages/medium/690859.jpg,2020-09-21 17:27:05,,0,,True
30437607-9091-46d9-8ecc-09bfc7eef36a,Woolworths Supermarket,"Dairy, Eggs & Fridge",Maggie Beer Triple Cream Brie 200g,691113,$7.00,$35.00 / 1KG,https://www.woolworths.com.au/shop/productdetails/691113/maggie-beer-triple-cream-brie,https://cdn0.woolworths.media/content/wowproductimages/medium/691113.jpg,2020-09-21 17:27:05,,0,,True
b662eb7e-88d9-4daf-8839-b67dcf5d93ee,Woolworths Supermarket,"Dairy, Eggs & Fridge",Maggie Beer Traditional Camembert 200g,691289,$7.00,$35.00 / 1KG,https://www.woolworths.com.au/shop/productdetails/691289/maggie-beer-traditional-camembert,https://cdn0.woolworths.media/content/wowproductimages/medium/691289.jpg,2020-09-21 17:27:05,,0,,True
09c7d758-8ddd-49e3-8fb7-94f915786b81,Woolworths Supermarket,"Dairy, Eggs & Fridge",Woolworths Roasted Vegetable Cous Cous Salad 400g,692154,$5.00,$1.25 / 100G,https://www.woolworths.com.au/shop/productdetails/692154/woolworths-roasted-vegetable-cous-cous-salad,https://cdn0.woolworths.media/content/wowproductimages/medium/692154.jpg,2020-09-21 17:27:05,Average product rating out of 5: 3.5. Product score is based on 449 ratings,449,,True
edaa4d1a-0b85-4e34-87f9-458d40cd532a,Woolworths Supermarket,"Dairy, Eggs & Fridge",Woolworths Potato Egg And Bacon Salad 800g,692193,$8.99,$1.12 / 100G,https://www.woolworths.com.au/shop/productdetails/692193/woolworths-potato-egg-and-bacon-salad,https://cdn0.woolworths.media/content/wowproductimages/medium/692193.jpg,2020-09-21 17:27:05,,0,,True
8c356e8a-5454-4074-8117-b4ead6b014e2,Woolworths Supermarket,"Dairy, Eggs & Fridge",Woolworths Bangers & Mash 350g,693324,$7.50,$2.14 / 100G,https://www.woolworths.com.au/shop/productdetails/693324/woolworths-bangers-mash,https://cdn0.woolworths.media/content/wowproductimages/medium/693324.jpg,2020-09-21 17:27:05,Average product rating out of 5: 2.9. Product score is based on 188 ratings,188,2 for $12.00 $1.71/100G,True
631f3a59-84b6-4d49-aee5-216a164b0999,Woolworths Supermarket,"Dairy, Eggs & Fridge",Woolworths Tuna Mornay 350g,693327,$7.50,$2.14 / 100G,https://www.woolworths.com.au/shop/productdetails/693327/woolworths-tuna-mornay,https://cdn0.woolworths.media/content/wowproductimages/medium/693327.jpg,2020-09-21 17:27:05,Average product rating out of 5: 3.3. Product score is based on 339 ratings,339,2 for $12.00 $1.71/100G,True
567ffcec-14e8-4f16-8334-4cf878ab775c,Woolworths Supermarket,"Dairy, Eggs & Fridge",Woolworths Swiss Cheese 200g,694760,$4.00,$20.00 / 1KG,https://www.woolworths.com.au/shop/productdetails/694760/woolworths-swiss-cheese,https://cdn0.woolworths.media/content/wowproductimages/medium/694760.jpg,2020-09-21 17:27:05,Average product rating out of 5: 4.3. Product score is based on 59 ratings,59,,True
f880278e-b8e6-4da9-9549-eb73010a50fe,Woolworths Supermarket,"Dairy, Eggs & Fridge",Woolworths Swiss Light Cheese Slices 200g,694762,$4.00,$20.00 / 1KG,https://www.woolworths.com.au/shop/productdetails/694762/woolworths-swiss-light-cheese-slices,https://cdn0.woolworths.media/content/wowproductimages/medium/694762.jpg,2020-09-21 17:27:05,Average product rating out of 5: 4.2. Product score is based on 363 ratings,363,Was $4.50 29/10/2018,True
17b2fc3b-5dc6-4fd1-b099-4b70aafa5739,Woolworths Supermarket,"Dairy, Eggs & Fridge",Woolworths Danish Havarti Cheese Slices 200g,694763,$4.00,$20.00 / 1KG,https://www.woolworths.com.au/shop/productdetails/694763/woolworths-danish-havarti-cheese-slices,https://cdn0.woolworths.media/content/wowproductimages/medium/694763.jpg,2020-09-21 17:27:05,,0,Was $4.50 29/10/2018,True
75c470c3-dd63-4afe-a9ec-fd40bb0b7b26,Woolworths Supermarket,"Dairy, Eggs & Fridge",Macro Silken Tofu 300g,695083,$2.30,$7.67 / 1KG,https://www.woolworths.com.au/shop/productdetails/695083/macro-silken-tofu,https://cdn0.woolworths.media/content/wowproductimages/medium/695083.jpg,2020-09-21 17:27:05,Average product rating out of 5: 3.8. Product score is based on 220 ratings,220,,True
1a9fed24-e613-4853-8fec-d1db7e85df39,Woolworths Supermarket,"Dairy, Eggs & Fridge",Macro Classic Tofu Regular 300g,695085,$2.30,$7.67 / 1KG,https://www.woolworths.com.au/shop/productdetails/695085/macro-classic-tofu-regular,https://cdn0.woolworths.media/content/wowproductimages/medium/695085.jpg,2020-09-21 17:27:05,Average product rating out of 5: 4.0. Product score is based on 183 ratings,183,,True
95d95fdb-11c3-4ced-8451-bf798ea111ae,Woolworths Supermarket,"Dairy, Eggs & Fridge",Macro Classic Tofu Regular 500g,695086,$3.45,$6.90 / 1KG,https://www.woolworths.com.au/shop/productdetails/695086/macro-classic-tofu-regular,https://cdn0.woolworths.media/content/wowproductimages/medium/695086.jpg,2020-09-21 17:27:05,,0,,True
2fd9f603-baaf-4c4e-820f-2aacf734b457,Woolworths Supermarket,"Dairy, Eggs & Fridge",Woolworths Kids Banana Flavoured Milk 250ml,695285,$1.50,$6.00 / 1L,https://www.woolworths.com.au/shop/productdetails/695285/woolworths-kids-banana-flavoured-milk,https://cdn0.woolworths.media/content/wowproductimages/medium/695285.jpg,2020-09-21 17:27:05,Average product rating out of 5: 4.0. Product score is based on 320 ratings,320,,True
6ed1dd0e-d483-4ee0-9647-c8b4a676bc7b,Woolworths Supermarket,"Dairy, Eggs & Fridge",Woolworths Garlic Bread Slices 270g,695868,$3.20,$1.19 / 100G,https://www.woolworths.com.au/shop/productdetails/695868/woolworths-garlic-bread-slices,https://cdn0.woolworths.media/content/wowproductimages/medium/695868.jpg,2020-09-21 17:27:05,,0,,True
cf48bc88-6337-4cf3-a891-75461f0b539a,Woolworths Supermarket,"Dairy, Eggs & Fridge",Chobani Fit Vanilla Greek Yoghurt 170g,695986,$1.12,$0.66 / 100G,https://www.woolworths.com.au/shop/productdetails/695986/chobani-fit-vanilla-greek-yoghurt,https://cdn0.woolworths.media/content/wowproductimages/medium/695986.jpg,2020-09-21 17:27:05,,0,,True
cec2ecc5-6212-44a4-aa13-abca1a2815ff,Woolworths Supermarket,"Dairy, Eggs & Fridge",Hakka Fresh Pork Ball 200g,695989,$5.00,$25.00 / 1KG,https://www.woolworths.com.au/shop/productdetails/695989/hakka-fresh-pork-ball,https://cdn0.woolworths.media/content/wowproductimages/medium/695989.jpg,2020-09-21 17:27:05,,0,,True
027ca6d9-ca69-41b1-9ab3-b294349d1b5f,Woolworths Supermarket,"Dairy, Eggs & Fridge",Hakka White Fish Balls 200g,695998,$3.80,$19.00 / 1KG,https://www.woolworths.com.au/shop/productdetails/695998/hakka-white-fish-balls,https://cdn0.woolworths.media/content/wowproductimages/medium/695998.jpg,2020-09-21 17:27:05,,0,,True
fd919e94-e094-4c34-bd70-97e308e99367,Woolworths Supermarket,"Dairy, Eggs & Fridge",Hakka Fried Fish Balls 200g,696020,$3.80,$19.00 / 1KG,https://www.woolworths.com.au/shop/productdetails/696020/hakka-fried-fish-balls,https://cdn0.woolworths.media/content/wowproductimages/medium/696020.jpg,2020-09-21 17:27:05,,0,,True
74c35055-dd1f-4b55-9739-0b730f568dc0,Woolworths Supermarket,"Dairy, Eggs & Fridge",Hakka Fried Fish Slices 200g,696035,$3.80,$19.00 / 1KG,https://www.woolworths.com.au/shop/productdetails/696035/hakka-fried-fish-slices,https://cdn0.woolworths.media/content/wowproductimages/medium/696035.jpg,2020-09-21 17:27:05,,0,,True
9bed7e37-352e-41a3-9326-0a3fc5ead83e,Woolworths Supermarket,"Dairy, Eggs & Fridge",Hakka Fried Fish Pieces 180g,696036,$3.50,$19.44 / 1KG,https://www.woolworths.com.au/shop/productdetails/696036/hakka-fried-fish-pieces,https://cdn0.woolworths.media/content/wowproductimages/medium/696036.jpg,2020-09-21 17:27:05,,0,,True
a2383468-1b75-418b-99c5-0bb2a6d535e6,Woolworths Supermarket,"Dairy, Eggs & Fridge",Hakka Fried Fish Ball Combo 200g,696038,$3.65,$18.25 / 1KG,https://www.woolworths.com.au/shop/productdetails/696038/hakka-fried-fish-ball-combo,https://cdn0.woolworths.media/content/wowproductimages/medium/696038.jpg,2020-09-21 17:27:05,,0,,True
cdae82e5-daa3-4509-9f8c-20469a26bcdc,Woolworths Supermarket,"Dairy, Eggs & Fridge",Hakka Beef Balls 200g,696053,$5.50,$27.50 / 1KG,https://www.woolworths.com.au/shop/productdetails/696053/hakka-beef-balls,https://cdn0.woolworths.media/content/wowproductimages/medium/696053.jpg,2020-09-21 17:27:05,,0,,True
9b4fc190-aac0-4e1f-ae9d-0ac9511de5fe,Woolworths Supermarket,"Dairy, Eggs & Fridge",Perfect Italiano Shaved Parmesan 125g,360904,$3.25,$26.00 / 1KG,https://www.woolworths.com.au/shop/productdetails/360904/perfect-italiano-shaved-parmesan,https://cdn0.woolworths.media/content/wowproductimages/medium/360904.jpg,2020-09-21 17:27:05,,0,,True
ffd8e545-4e88-4d36-ad54-c26c42a2eecd,Woolworths Supermarket,"Dairy, Eggs & Fridge",Almond Breeze Unsweetened Almond Milk 1l,761604,$2.50,$2.50 / 1L,https://www.woolworths.com.au/shop/productdetails/761604/almond-breeze-unsweetened-almond-milk,https://cdn0.woolworths.media/content/wowproductimages/medium/761604.jpg,2020-09-21 17:27:05,,0,Was $3.25 13/03/2017,True
e62d2c66-827d-436b-9d13-1cb8b6e32c28,Woolworths Supermarket,"Dairy, Eggs & Fridge",Woolworths Single Leaf Baby Spinach 280g,524336,$5.00,$17.86 / 1KG,https://www.woolworths.com.au/shop/productdetails/524336/woolworths-single-leaf-baby-spinach,https://cdn0.woolworths.media/content/wowproductimages/medium/524336.jpg,2020-09-21 17:27:05,Average product rating out of 5: 4.8. Product score is based on 532 ratings,532,,True
52ad9bb6-7421-401a-bab5-ca35118c68aa,Woolworths Supermarket,"Dairy, Eggs & Fridge",Woolworths Thickened Cream 300ml,044317,$1.90,$0.63 / 100ML,https://www.woolworths.com.au/shop/productdetails/44317/woolworths-thickened-cream,https://cdn0.woolworths.media/content/wowproductimages/medium/044317.jpg,2020-09-21 17:27:05,Average product rating out of 5: 4.9. Product score is based on 629 ratings,629,,True
0aa36bfa-3f27-4e9a-a9b2-5378af2cc761,Woolworths Supermarket,"Dairy, Eggs & Fridge",Woolworths Drought Relief Full Cream Milk 3l,807384,$3.59,$1.20 / 1L,https://www.woolworths.com.au/shop/productdetails/807384/woolworths-drought-relief-full-cream-milk,https://cdn0.woolworths.media/content/wowproductimages/medium/807384.jpg,2020-09-21 17:27:05,,0,,True
b6d44152-85b2-4c33-b0a2-5c96bb0bad41,Woolworths Supermarket,"Dairy, Eggs & Fridge",Woolworths Uht Full Cream Milk 1l,748595,$1.25,$1.25 / 1L,https://www.woolworths.com.au/shop/productdetails/748595/woolworths-uht-full-cream-milk,https://cdn0.woolworths.media/content/wowproductimages/medium/748595.jpg,2020-09-21 17:27:05,Average product rating out of 5: 4.9. Product score is based on 36 ratings,36,,True
f4c8c962-f253-4483-85a8-2b85066a89ee,Woolworths Supermarket,"Dairy, Eggs & Fridge",Woolworths Baby Spinach Salad Bag 60g,379515,$2.00,$33.33 / 1KG,https://www.woolworths.com.au/shop/productdetails/379515/woolworths-baby-spinach-salad-bag,https://cdn0.woolworths.media/content/wowproductimages/medium/379515.jpg,2020-09-21 17:27:05,Average product rating out of 5: 4.7. Product score is based on 725 ratings,725,,True
ede71d61-e376-4b34-a72e-14338f2453f9,Woolworths Supermarket,"Dairy, Eggs & Fridge",Western Star Original Spreadable 500g,069756,$6.00,$1.20 / 100G,https://www.woolworths.com.au/shop/productdetails/69756/western-star-original-spreadable,https://cdn0.woolworths.media/content/wowproductimages/medium/069756.jpg,2020-09-21 17:27:05,,0,,True
05c8ff7a-282d-49e3-b5da-92523e30cf49,Woolworths Supermarket,"Dairy, Eggs & Fridge",Hillview Tasty Shredded Cheese 700g,491820,$6.60,$9.43 / 1KG,https://www.woolworths.com.au/shop/productdetails/491820/hillview-tasty-shredded-cheese,https://cdn0.woolworths.media/content/wowproductimages/medium/491820.jpg,2020-09-21 17:27:05,Average product rating out of 5: 4.5. Product score is based on 48 ratings,48,,True
4dff6aea-19b2-4c1b-9e15-f4ba8645315e,Woolworths Supermarket,"Dairy, Eggs & Fridge",Woolworths Tasty Shredded Cheese 500g,729026,$6.00,$12.00 / 1KG,https://www.woolworths.com.au/shop/productdetails/729026/woolworths-tasty-shredded-cheese,https://cdn0.woolworths.media/content/wowproductimages/medium/729026.jpg,2020-09-21 17:27:05,Average product rating out of 5: 4.6. Product score is based on 500 ratings,500,,True
22a3086a-3fbb-4b6f-904c-c31c38eb31fb,Woolworths Supermarket,"Dairy, Eggs & Fridge",Woolworths Sour Cream 300ml,105609,$2.10,$0.70 / 100ML,https://www.woolworths.com.au/shop/productdetails/105609/woolworths-sour-cream,https://cdn0.woolworths.media/content/wowproductimages/medium/105609.jpg,2020-09-21 17:27:05,Average product rating out of 5: 4.5. Product score is based on 1353 ratings,1353,,True
8e9b3e92-ce21-4de8-be7d-b23ef4f76e3d,Woolworths Supermarket,"Dairy, Eggs & Fridge",Hillview Cheese Block 1kg,500187,$8.00,$8.00 / 1KG,https://www.woolworths.com.au/shop/productdetails/500187/hillview-cheese-block,https://cdn0.woolworths.media/content/wowproductimages/medium/500187.jpg,2020-09-21 17:27:05,Average product rating out of 5: 4.5. Product score is based on 66 ratings,66,,True
561536ed-adc5-4612-a8b8-ec0dd5920cf1,Woolworths Supermarket,"Dairy, Eggs & Fridge",Woolworths Baby Leaf Spinach 120g,524322,$3.00,$25.00 / 1KG,https://www.woolworths.com.au/shop/productdetails/524322/woolworths-baby-leaf-spinach,https://cdn0.woolworths.media/content/wowproductimages/medium/524322.jpg,2020-09-21 17:27:05,Average product rating out of 5: 4.7. Product score is based on 2842 ratings,2842,,True
df3b99cc-92dd-437c-991a-b0d99ca586a5,Woolworths Supermarket,"Dairy, Eggs & Fridge",Woolworths Drought Relief Lite Milk 3l,807386,$3.59,$1.20 / 1L,https://www.woolworths.com.au/shop/productdetails/807386/woolworths-drought-relief-lite-milk,https://cdn0.woolworths.media/content/wowproductimages/medium/807386.jpg,2020-09-21 17:27:05,,0,,True
185e654b-b45f-443d-87f9-abc61628d62d,Woolworths Supermarket,"Dairy, Eggs & Fridge",Perfect Italiano Extra Sharp Grated Parmesan 125g,302306,$3.25,$26.00 / 1KG,https://www.woolworths.com.au/shop/productdetails/302306/perfect-italiano-extra-sharp-grated-parmesan,https://cdn0.woolworths.media/content/wowproductimages/medium/302306.jpg,2020-09-21 17:27:05,,0,,True
ffa469e8-253a-42c3-9832-1d68a032bd48,Woolworths Supermarket,"Dairy, Eggs & Fridge",Woolworths Thickened Cream 600ml,048720,$3.00,$0.50 / 100ML,https://www.woolworths.com.au/shop/productdetails/48720/woolworths-thickened-cream,https://cdn0.woolworths.media/content/wowproductimages/medium/048720.jpg,2020-09-21 17:27:05,Average product rating out of 5: 4.8. Product score is based on 740 ratings,740,,True
c4246005-04ae-4de5-9fb1-ff38fee63379,Woolworths Supermarket,"Dairy, Eggs & Fridge",Woolworths Mozzarella Shredded Cheese 500g,728983,$6.00,$12.00 / 1KG,https://www.woolworths.com.au/shop/productdetails/728983/woolworths-mozzarella-shredded-cheese,https://cdn0.woolworths.media/content/wowproductimages/medium/728983.jpg,2020-09-21 17:27:05,Average product rating out of 5: 4.5. Product score is based on 469 ratings,469,,True
98ecd23c-c238-457f-b868-f579c8b331fc,Woolworths Supermarket,"Dairy, Eggs & Fridge",Woolworths Drought Relief Lite Milk 2l,807385,$2.39,$1.20 / 1L,https://www.woolworths.com.au/shop/productdetails/807385/woolworths-drought-relief-lite-milk,https://cdn0.woolworths.media/content/wowproductimages/medium/807385.jpg,2020-09-21 17:27:05,,0,,True
67d4d07b-efc9-4037-9c38-96bafff63815,Woolworths Supermarket,"Dairy, Eggs & Fridge",Just 4 You 12 Extra Large Caged Eggs 700g,893974,$3.50,$0.50 / 100G,https://www.woolworths.com.au/shop/productdetails/893974/just-4-you-12-extra-large-caged-eggs,https://cdn0.woolworths.media/content/wowproductimages/medium/893974.jpg,2020-09-21 17:27:05,,0,,True
0cd0bf42-a50a-4af8-abc1-7e06f4a6184d,Woolworths Supermarket,"Dairy, Eggs & Fridge",Woolworths Drought Relief Full Cream Milk 2l,807383,$2.39,$1.20 / 1L,https://www.woolworths.com.au/shop/productdetails/807383/woolworths-drought-relief-full-cream-milk,https://cdn0.woolworths.media/content/wowproductimages/medium/807383.jpg,2020-09-21 17:27:05,Average product rating out of 5: 4.7. Product score is based on 385 ratings,385,,True
0b6e54a9-13a7-4ba9-960a-94bbdf2118cc,Woolworths Supermarket,"Dairy, Eggs & Fridge",Hakka Beef Balls W/tendons 200g,696054,$5.50,$27.50 / 1KG,https://www.woolworths.com.au/shop/productdetails/696054/hakka-beef-balls-w-tendons,https://cdn0.woolworths.media/content/wowproductimages/medium/696054.jpg,2020-09-21 17:27:05,,0,,True
f8820ded-69ca-4e18-aeb2-b44f80b3f72d,Woolworths Supermarket,"Dairy, Eggs & Fridge",Woolworths Apricot & Almond Cream Cheese 200g,696351,$3.10,$15.50 / 1KG,https://www.woolworths.com.au/shop/productdetails/696351/woolworths-apricot-almond-cream-cheese,https://cdn0.woolworths.media/content/wowproductimages/medium/696351.jpg,2020-09-21 17:27:05,Average product rating out of 5: 4.3. Product score is based on 1322 ratings,1322,,True
57ce0559-3b34-48c2-a629-f6bc07951dc9,Woolworths Supermarket,"Dairy, Eggs & Fridge",Woolworths Spring Onion & Chive Cream Cheese 200g,696354,$3.10,$15.50 / 1KG,https://www.woolworths.com.au/shop/productdetails/696354/woolworths-spring-onion-chive-cream-cheese,https://cdn0.woolworths.media/content/wowproductimages/medium/696354.jpg,2020-09-21 17:27:05,Average product rating out of 5: 4.1. Product score is based on 330 ratings,330,,True
695b8f7d-58c4-4392-a686-f38dea013683,Woolworths Supermarket,"Dairy, Eggs & Fridge",Woolworths Sweet Chilli Cream Cheese 200g,696355,$3.10,$15.50 / 1KG,https://www.woolworths.com.au/shop/productdetails/696355/woolworths-sweet-chilli-cream-cheese,https://cdn0.woolworths.media/content/wowproductimages/medium/696355.jpg,2020-09-21 17:27:05,,0,,True
c3495736-6847-40cc-9ec2-08855ef72c07,Woolworths Supermarket,"Dairy, Eggs & Fridge",Woolworths Creamy Chicken Bacon & Leek 700g,698618,$13.50,$1.93 / 100G,https://www.woolworths.com.au/shop/productdetails/698618/woolworths-creamy-chicken-bacon-leek,https://cdn0.woolworths.media/content/wowproductimages/medium/698618.jpg,2020-09-21 17:27:05,Average product rating out of 5: 4.0. Product score is based on 177 ratings,177,,True
886b8af3-5aa7-40f9-a636-2a73a337f963,Woolworths Supermarket,"Dairy, Eggs & Fridge",Woolworths 6 Extra Large Free Range Eggs 350g,700426,$3.60,$1.03 / 100G,https://www.woolworths.com.au/shop/productdetails/700426/woolworths-6-extra-large-free-range-eggs,https://cdn0.woolworths.media/content/wowproductimages/medium/700426.jpg,2020-09-21 17:27:05,,0,,True
a6290cab-927f-4c23-a1ce-06427d75872d,Woolworths Supermarket,"Dairy, Eggs & Fridge",Flora Proactiv Margarine Original 750g,700518,$10.00,$1.33 / 100G,https://www.woolworths.com.au/shop/productdetails/700518/flora-proactiv-margarine-original,https://cdn0.woolworths.media/content/wowproductimages/medium/700518.jpg,2020-09-21 17:27:05,,0,,True
9f382f4e-39ee-4c60-a02e-887d919ffa6c,Woolworths Supermarket,"Dairy, Eggs & Fridge",Macro Organic Rice Milk 1l,701667,$1.65,$1.65 / 1L,https://www.woolworths.com.au/shop/productdetails/701667/macro-organic-rice-milk,https://cdn0.woolworths.media/content/wowproductimages/medium/701667.jpg,2020-09-21 17:27:05,Average product rating out of 5: 3.7. Product score is based on 280 ratings,280,,True
e4cd7162-4da5-4359-8b1b-e69913f03f12,Woolworths Supermarket,"Dairy, Eggs & Fridge",Woolworths American Style Coleslaw Kit 450g,702151,$4.00,$8.89 / 1KG,https://www.woolworths.com.au/shop/productdetails/702151/woolworths-american-style-coleslaw-kit,https://cdn0.woolworths.media/content/wowproductimages/medium/702151.jpg,2020-09-21 17:27:05,Average product rating out of 5: 4.0. Product score is based on 278 ratings,278,,True
dc6940ea-7f98-4056-9d06-88272d07c6d4,Woolworths Supermarket,"Dairy, Eggs & Fridge",Woolworths Rainbow Coleslaw 300g,702156,$3.00,$10.00 / 1KG,https://www.woolworths.com.au/shop/productdetails/702156/woolworths-rainbow-coleslaw,https://cdn0.woolworths.media/content/wowproductimages/medium/702156.jpg,2020-09-21 17:27:05,,0,,True
eb4f966b-3560-4f52-980e-d79d0fe75f9b,Woolworths Supermarket,"Dairy, Eggs & Fridge",Laughing Cow Cheez Dippers 140g,702391,$3.50,$25.00 / 1KG,https://www.woolworths.com.au/shop/productdetails/702391/laughing-cow-cheez-dippers,https://cdn0.woolworths.media/content/wowproductimages/medium/702391.jpg,2020-09-21 17:27:05,,0,,True
5b49775f-d16c-4fe3-bcba-1a016e29c1c8,Woolworths Supermarket,"Dairy, Eggs & Fridge",Alambra Cypriot Halloumi 850g,702620,$21.00,$24.71 / 1KG,https://www.woolworths.com.au/shop/productdetails/702620/alambra-cypriot-halloumi,https://cdn0.woolworths.media/content/wowproductimages/medium/702620.jpg,2020-09-21 17:27:05,,0,,True
a9aa9261-5af9-4132-8c01-e0eac075b029,Woolworths Supermarket,"Dairy, Eggs & Fridge",Chris' Dips Traditional Hommus 200g,703453,$3.50,$1.75 / 100G,https://www.woolworths.com.au/shop/productdetails/703453/chris-dips-traditional-hommus,https://cdn0.woolworths.media/content/wowproductimages/medium/703453.jpg,2020-09-21 17:27:05,,0,2 for $6.00 $1.50/100G,True
0e7a5908-b38e-498f-9204-07e7003bb9b9,Woolworths Supermarket,"Dairy, Eggs & Fridge",Chris' Dips Tzatziki 200g,703500,$3.50,$1.75 / 100G,https://www.woolworths.com.au/shop/productdetails/703500/chris-dips-tzatziki,https://cdn0.woolworths.media/content/wowproductimages/medium/703500.jpg,2020-09-21 17:27:05,,0,2 for $6.00 $1.50/100G,True
72cbcb72-9fa3-4510-b608-644896901439,Woolworths Supermarket,"Dairy, Eggs & Fridge","Red Rock Deli Dip Roasted Red Capsicum, Pecorino, Cashews & Basil 150g",703614,$4.50,$3.00 / 100G,https://www.woolworths.com.au/shop/productdetails/703614/red-rock-deli-dip-roasted-red-capsicum-pecorino-cashews-basil,https://cdn0.woolworths.media/content/wowproductimages/medium/703614.jpg,2020-09-21 17:27:05,,0,2 for $7.00,True
1665a6c4-ddd0-4545-92a5-faa2db5693d9,Woolworths Supermarket,"Dairy, Eggs & Fridge",Pauls Zymil Skim Milk 1l,703657,$3.10,$3.10 / 1L,https://www.woolworths.com.au/shop/productdetails/703657/pauls-zymil-skim-milk,https://cdn0.woolworths.media/content/wowproductimages/medium/703657.jpg,2020-09-21 17:27:05,,0,,True
fb81c596-cecd-445d-b434-b843d0328e80,Woolworths Supermarket,"Dairy, Eggs & Fridge",Woolworths Creamy & Crunchy Salad Kit 270g,703808,$5.50,$20.37 / 1KG,https://www.woolworths.com.au/shop/productdetails/703808/woolworths-creamy-crunchy-salad-kit,https://cdn0.woolworths.media/content/wowproductimages/medium/703808.jpg,2020-09-21 17:27:05,Average product rating out of 5: 4.2. Product score is based on 468 ratings,468,,True
9e2b3cff-a27a-4db5-ab93-b350aa619a78,Woolworths Supermarket,"Dairy, Eggs & Fridge",Five:am Organic Vanilla Bean Yoghurt 700g,705169,$6.00,$0.86 / 100G,https://www.woolworths.com.au/shop/productdetails/705169/five-am-organic-vanilla-bean-yoghurt,https://cdn0.woolworths.media/content/wowproductimages/medium/705169.jpg,2020-09-21 17:27:05,,0,Was $6.85 06/12/16,True
7939c68f-0249-4d64-96a5-2db8a0972ee7,Woolworths Supermarket,"Dairy, Eggs & Fridge",Gippsland Twist Mango & Blood Orange Yoghurt 720g,705177,$7.00,$0.97 / 100G,https://www.woolworths.com.au/shop/productdetails/705177/gippsland-twist-mango-blood-orange-yoghurt,https://cdn0.woolworths.media/content/wowproductimages/medium/705177.jpg,2020-09-21 17:27:05,,0,,True
36c7a2a9-8384-432f-957c-87e6847751ee,Woolworths Supermarket,"Dairy, Eggs & Fridge",Pauls Yoghurt Pouch Vanilla Kids Yoghurt 70g,705258,$1.40,$2.00 / 100G,https://www.woolworths.com.au/shop/productdetails/705258/pauls-yoghurt-pouch-vanilla-kids-yoghurt,https://cdn0.woolworths.media/content/wowproductimages/medium/705258.jpg,2020-09-21 17:27:05,,0,,True
07560796-f052-45f8-a7aa-ea8386e7ffb7,Woolworths Supermarket,"Dairy, Eggs & Fridge",Woolworths Kaleslaw Kit 350g,705436,$5.00,$14.29 / 1KG,https://www.woolworths.com.au/shop/productdetails/705436/woolworths-kaleslaw-kit,https://cdn0.woolworths.media/content/wowproductimages/medium/705436.jpg,2020-09-21 17:27:05,Average product rating out of 5: 4.3. Product score is based on 264 ratings,264,,True
885fdf0a-ea0d-41b6-9ba9-17d2da9a1b3a,Woolworths Supermarket,"Dairy, Eggs & Fridge",Woolworths Mixed Leaf - Baby Spinach & Rocket 120g,705439,$3.00,$25.00 / 1KG,https://www.woolworths.com.au/shop/productdetails/705439/woolworths-mixed-leaf-baby-spinach-rocket,https://cdn0.woolworths.media/content/wowproductimages/medium/705439.jpg,2020-09-21 17:27:05,,0,,True
2ef59d75-8ea1-477f-bda4-8cae245c44e0,Woolworths Supermarket,"Dairy, Eggs & Fridge",Danone Ultimate Greek Yoghurt Strawberry 115g x4 pack,706239,$3.00,$0.65 / 100G,https://www.woolworths.com.au/shop/productdetails/706239/danone-ultimate-greek-yoghurt-strawberry,https://cdn0.woolworths.media/content/wowproductimages/medium/706239.jpg,2020-09-21 17:27:05,,0,,True
10656bec-7c14-42cc-9b6a-d783667523f7,Woolworths Supermarket,"Dairy, Eggs & Fridge",Danone Activia Yoghurt Berries 4 pack,706254,$4.00,$0.80 / 100G,https://www.woolworths.com.au/shop/productdetails/706254/danone-activia-yoghurt-berries,https://cdn0.woolworths.media/content/wowproductimages/medium/706254.jpg,2020-09-21 17:27:05,,0,,True
5947c165-8298-4eb3-bb79-7d272f9a7f25,Woolworths Supermarket,"Dairy, Eggs & Fridge",Perfect Italiano Shaved Parmesan 125g,360904,$3.25,$26.00 / 1KG,https://www.woolworths.com.au/shop/productdetails/360904/perfect-italiano-shaved-parmesan,https://cdn0.woolworths.media/content/wowproductimages/medium/360904.jpg,2020-09-21 17:27:05,,0,,True
f027190a-5ff9-4e6f-8c8d-f08233ed21b9,Woolworths Supermarket,"Dairy, Eggs & Fridge",Just 4 You 12 Extra Large Caged Eggs 700g,893974,$3.50,$0.50 / 100G,https://www.woolworths.com.au/shop/productdetails/893974/just-4-you-12-extra-large-caged-eggs,https://cdn0.woolworths.media/content/wowproductimages/medium/893974.jpg,2020-09-21 17:27:05,,0,,True
9a0992f2-377d-4642-a8c3-9c45266edb01,Woolworths Supermarket,"Dairy, Eggs & Fridge",Woolworths Mozzarella Shredded Cheese 500g,728983,$6.00,$12.00 / 1KG,https://www.woolworths.com.au/shop/productdetails/728983/woolworths-mozzarella-shredded-cheese,https://cdn0.woolworths.media/content/wowproductimages/medium/728983.jpg,2020-09-21 17:27:05,Average product rating out of 5: 4.5. Product score is based on 469 ratings,469,,True
210a09ac-c281-4c7e-8932-b23dd18baf28,Woolworths Supermarket,"Dairy, Eggs & Fridge",Woolworths Baby Leaf Spinach 120g,524322,$3.00,$25.00 / 1KG,https://www.woolworths.com.au/shop/productdetails/524322/woolworths-baby-leaf-spinach,https://cdn0.woolworths.media/content/wowproductimages/medium/524322.jpg,2020-09-21 17:27:05,Average product rating out of 5: 4.7. Product score is based on 2842 ratings,2842,,True
744e1e81-5c68-42cb-be91-fd67ed900d1d,Woolworths Supermarket,"Dairy, Eggs & Fridge",Woolworths Thickened Cream 300ml,044317,$1.90,$0.63 / 100ML,https://www.woolworths.com.au/shop/productdetails/44317/woolworths-thickened-cream,https://cdn0.woolworths.media/content/wowproductimages/medium/044317.jpg,2020-09-21 17:27:05,Average product rating out of 5: 4.9. Product score is based on 629 ratings,629,,True
1a898654-e3dd-4037-b5c5-be95268798d8,Woolworths Supermarket,"Dairy, Eggs & Fridge",Woolworths Tasty Shredded Cheese 500g,729026,$6.00,$12.00 / 1KG,https://www.woolworths.com.au/shop/productdetails/729026/woolworths-tasty-shredded-cheese,https://cdn0.woolworths.media/content/wowproductimages/medium/729026.jpg,2020-09-21 17:27:05,Average product rating out of 5: 4.6. Product score is based on 500 ratings,500,,True
d36371be-db7e-4a60-8db0-1a0e34a7dafd,Woolworths Supermarket,"Dairy, Eggs & Fridge",Woolworths Drought Relief Lite Milk 3l,807386,$3.59,$1.20 / 1L,https://www.woolworths.com.au/shop/productdetails/807386/woolworths-drought-relief-lite-milk,https://cdn0.woolworths.media/content/wowproductimages/medium/807386.jpg,2020-09-21 17:27:05,,0,,True
18d9f181-d298-49c0-92fa-699f40518d5a,Woolworths Supermarket,"Dairy, Eggs & Fridge",Woolworths Drought Relief Full Cream Milk 3l,807384,$3.59,$1.20 / 1L,https://www.woolworths.com.au/shop/productdetails/807384/woolworths-drought-relief-full-cream-milk,https://cdn0.woolworths.media/content/wowproductimages/medium/807384.jpg,2020-09-21 17:27:05,,0,,True
b8c31825-180f-4aab-ba18-b9cdf247591a,Woolworths Supermarket,"Dairy, Eggs & Fridge",Woolworths Drought Relief Lite Milk 2l,807385,$2.39,$1.20 / 1L,https://www.woolworths.com.au/shop/productdetails/807385/woolworths-drought-relief-lite-milk,https://cdn0.woolworths.media/content/wowproductimages/medium/807385.jpg,2020-09-21 17:27:05,,0,,True
e9a9d4de-f7ce-4ba2-baf6-ed4f42dbc846,Woolworths Supermarket,"Dairy, Eggs & Fridge",Western Star Original Spreadable 500g,069756,$6.00,$1.20 / 100G,https://www.woolworths.com.au/shop/productdetails/69756/western-star-original-spreadable,https://cdn0.woolworths.media/content/wowproductimages/medium/069756.jpg,2020-09-21 17:27:05,,0,,True
9b31b8ce-1c10-4768-9b05-99ac0853a520,Woolworths Supermarket,"Dairy, Eggs & Fridge",Woolworths Uht Full Cream Milk 1l,748595,$1.25,$1.25 / 1L,https://www.woolworths.com.au/shop/productdetails/748595/woolworths-uht-full-cream-milk,https://cdn0.woolworths.media/content/wowproductimages/medium/748595.jpg,2020-09-21 17:27:05,Average product rating out of 5: 4.9. Product score is based on 36 ratings,36,,True
19e874bd-aaaf-4ed5-821d-8d2408e222b0,Woolworths Supermarket,"Dairy, Eggs & Fridge",Woolworths Baby Spinach Salad Bag 60g,379515,$2.00,$33.33 / 1KG,https://www.woolworths.com.au/shop/productdetails/379515/woolworths-baby-spinach-salad-bag,https://cdn0.woolworths.media/content/wowproductimages/medium/379515.jpg,2020-09-21 17:27:05,Average product rating out of 5: 4.7. Product score is based on 725 ratings,725,,True
33a4050c-c6ec-4926-8433-5399d6f7f7ca,Woolworths Supermarket,"Dairy, Eggs & Fridge",Hillview Cheese Block 1kg,500187,$8.00,$8.00 / 1KG,https://www.woolworths.com.au/shop/productdetails/500187/hillview-cheese-block,https://cdn0.woolworths.media/content/wowproductimages/medium/500187.jpg,2020-09-21 17:27:05,Average product rating out of 5: 4.5. Product score is based on 66 ratings,66,,True
a00b61bc-be18-474a-bc16-3ccd12c8e012,Woolworths Supermarket,"Dairy, Eggs & Fridge",Woolworths Drought Relief Full Cream Milk 2l,807383,$2.39,$1.20 / 1L,https://www.woolworths.com.au/shop/productdetails/807383/woolworths-drought-relief-full-cream-milk,https://cdn0.woolworths.media/content/wowproductimages/medium/807383.jpg,2020-09-21 17:27:05,Average product rating out of 5: 4.7. Product score is based on 385 ratings,385,,True
4a5fccbf-c967-4d4f-849d-295a5ddbb351,Woolworths Supermarket,"Dairy, Eggs & Fridge",Woolworths Single Leaf Baby Spinach 280g,524336,$5.00,$17.86 / 1KG,https://www.woolworths.com.au/shop/productdetails/524336/woolworths-single-leaf-baby-spinach,https://cdn0.woolworths.media/content/wowproductimages/medium/524336.jpg,2020-09-21 17:27:05,Average product rating out of 5: 4.8. Product score is based on 532 ratings,532,,True
9f825844-0047-4cb6-8cb8-759ad936f4c3,Woolworths Supermarket,"Dairy, Eggs & Fridge",Hillview Tasty Shredded Cheese 700g,491820,$6.60,$9.43 / 1KG,https://www.woolworths.com.au/shop/productdetails/491820/hillview-tasty-shredded-cheese,https://cdn0.woolworths.media/content/wowproductimages/medium/491820.jpg,2020-09-21 17:27:05,Average product rating out of 5: 4.5. Product score is based on 48 ratings,48,,True
8a10bc5b-62ed-425c-b386-2d2073752026,Woolworths Supermarket,"Dairy, Eggs & Fridge",Woolworths Sour Cream 300ml,105609,$2.10,$0.70 / 100ML,https://www.woolworths.com.au/shop/productdetails/105609/woolworths-sour-cream,https://cdn0.woolworths.media/content/wowproductimages/medium/105609.jpg,2020-09-21 17:27:05,Average product rating out of 5: 4.5. Product score is based on 1353 ratings,1353,,True
46100d23-48aa-4a06-8965-d2640c6255b6,Woolworths Supermarket,"Dairy, Eggs & Fridge",Almond Breeze Unsweetened Almond Milk 1l,761604,$2.50,$2.50 / 1L,https://www.woolworths.com.au/shop/productdetails/761604/almond-breeze-unsweetened-almond-milk,https://cdn0.woolworths.media/content/wowproductimages/medium/761604.jpg,2020-09-21 17:27:05,,0,Was $3.25 13/03/2017,True
21793cd4-59f2-4385-abdd-1a804f0f9c54,Woolworths Supermarket,"Dairy, Eggs & Fridge",Woolworths Thickened Cream 600ml,048720,$3.00,$0.50 / 100ML,https://www.woolworths.com.au/shop/productdetails/48720/woolworths-thickened-cream,https://cdn0.woolworths.media/content/wowproductimages/medium/048720.jpg,2020-09-21 17:27:05,Average product rating out of 5: 4.8. Product score is based on 740 ratings,740,,True
fd6d7573-6792-41f7-9e14-fd3c689061d5,Woolworths Supermarket,"Dairy, Eggs & Fridge",Perfect Italiano Extra Sharp Grated Parmesan 125g,302306,$3.25,$26.00 / 1KG,https://www.woolworths.com.au/shop/productdetails/302306/perfect-italiano-extra-sharp-grated-parmesan,https://cdn0.woolworths.media/content/wowproductimages/medium/302306.jpg,2020-09-21 17:27:05,,0,,True
f0ba796e-3f88-495a-ad2e-5d3d8bb962d0,Woolworths Supermarket,"Dairy, Eggs & Fridge",Danone Ultimate Greek Yoghurt Black Cherry 115g x4 pack,706257,$3.00,$0.65 / 100G,https://www.woolworths.com.au/shop/productdetails/706257/danone-ultimate-greek-yoghurt-black-cherry,https://cdn0.woolworths.media/content/wowproductimages/medium/706257.jpg,2020-09-21 17:27:05,,0,,True
c3cc1875-c6d1-40da-9082-1f04e8ada245,Woolworths Supermarket,"Dairy, Eggs & Fridge",Danone Activia Yoghurt Vanilla 4x125g,706265,$4.00,$0.80 / 100G,https://www.woolworths.com.au/shop/productdetails/706265/danone-activia-yoghurt-vanilla,https://cdn0.woolworths.media/content/wowproductimages/medium/706265.jpg,2020-09-21 17:27:05,,0,,True
17c191f0-a748-4f06-836b-48a8e1fd1c0e,Woolworths Supermarket,"Dairy, Eggs & Fridge",Danone Activia Yoghurt Mango 4x125g,706267,$4.00,$0.80 / 100G,https://www.woolworths.com.au/shop/productdetails/706267/danone-activia-yoghurt-mango,https://cdn0.woolworths.media/content/wowproductimages/medium/706267.jpg,2020-09-21 17:27:05,,0,,True
e056c077-e6bc-4b98-88bc-f7d87aa2c2b2,Woolworths Supermarket,"Dairy, Eggs & Fridge",Danone Activia Yoghurt Strawberry 4x125g,706273,$4.00,$0.80 / 100G,https://www.woolworths.com.au/shop/productdetails/706273/danone-activia-yoghurt-strawberry,https://cdn0.woolworths.media/content/wowproductimages/medium/706273.jpg,2020-09-21 17:27:05,,0,,True
001bda4f-0984-4e28-b849-3fedda3a4977,Woolworths Supermarket,"Dairy, Eggs & Fridge",Danone Ultimate Greek Yoghurt Blueberry 115g x4 pack,706275,$3.00,$0.65 / 100G,https://www.woolworths.com.au/shop/productdetails/706275/danone-ultimate-greek-yoghurt-blueberry,https://cdn0.woolworths.media/content/wowproductimages/medium/706275.jpg,2020-09-21 17:27:05,,0,,True
aee5d2e9-a455-4cb9-9fcc-28280e39ad28,Woolworths Supermarket,"Dairy, Eggs & Fridge",Yumi's Sesame Falafel Balls 225g,706642,$5.00,$22.22 / 1KG,https://www.woolworths.com.au/shop/productdetails/706642/yumi-s-sesame-falafel-balls,https://cdn0.woolworths.media/content/wowproductimages/medium/706642.jpg,2020-09-21 17:27:05,,0,Was $5.50 07/11/16,True
4cbbd17b-c07e-4faa-b029-b909359e0962,Woolworths Supermarket,"Dairy, Eggs & Fridge",Castello Double Cream Chilli 150g,706780,$6.00,$40.00 / 1KG,https://www.woolworths.com.au/shop/productdetails/706780/castello-double-cream-chilli,https://cdn0.woolworths.media/content/wowproductimages/medium/706780.jpg,2020-09-21 17:27:05,,0,,True
1fa93940-fdb4-4354-bcaa-f7cb5e6259ee,Woolworths Supermarket,"Dairy, Eggs & Fridge",Pasta Master Beef Lasagne 1.3kg,706843,$15.00,$11.54 / 1KG,https://www.woolworths.com.au/shop/productdetails/706843/pasta-master-beef-lasagne,https://cdn0.woolworths.media/content/wowproductimages/medium/706843.jpg,2020-09-21 17:27:05,,0,,True
74ea04fd-1e23-4b45-b1f2-72980a96a949,Woolworths Supermarket,"Dairy, Eggs & Fridge",Dairyworks Tasty Cheese & Crackers 120g,707139,$4.50,$37.50 / 1KG,https://www.woolworths.com.au/shop/productdetails/707139/dairyworks-tasty-cheese-crackers,https://cdn0.woolworths.media/content/wowproductimages/medium/707139.jpg,2020-09-21 17:27:05,,0,Was $5.00 09/10/2018,True
0d4d304e-fb65-4782-80da-52446e77db98,Woolworths Supermarket,"Dairy, Eggs & Fridge",Geoff Jansz Marinated Fetta Cheese 320g,708198,$7.50,$23.44 / 1KG,https://www.woolworths.com.au/shop/productdetails/708198/geoff-jansz-marinated-fetta-cheese,https://cdn0.woolworths.media/content/wowproductimages/medium/708198.jpg,2020-09-21 17:27:05,,0,,True
54dfa6b7-a91d-4b01-bb3f-2c1bd397bf8a,Woolworths Supermarket,"Dairy, Eggs & Fridge",Geoff Jansz Marinated Danish Fetta Cheese 320g,708231,$7.50,$23.44 / 1KG,https://www.woolworths.com.au/shop/productdetails/708231/geoff-jansz-marinated-danish-fetta-cheese,https://cdn0.woolworths.media/content/wowproductimages/medium/708231.jpg,2020-09-21 17:27:05,,0,,True
f318754b-ee8f-4ce6-9b9b-4a5ecfc5a213,Woolworths Supermarket,"Dairy, Eggs & Fridge",Sanitarium So Good Long Life Original Almond Milk 1l,710014,$1.35,$1.35 / 1L,https://www.woolworths.com.au/shop/productdetails/710014/sanitarium-so-good-long-life-original-almond-milk,https://cdn0.woolworths.media/content/wowproductimages/medium/710014.jpg,2020-09-21 17:27:05,,0,,True
a6e4f1b0-a55b-44f8-8a5a-717a0553ddf0,Woolworths Supermarket,"Dairy, Eggs & Fridge",South Cape White Wine Matched Selection 320g,710998,$13.00,$40.63 / 1KG,https://www.woolworths.com.au/shop/productdetails/710998/south-cape-white-wine-matched-selection,https://cdn0.woolworths.media/content/wowproductimages/medium/710998.jpg,2020-09-21 17:27:05,,0,,True
b644b28f-4b61-4361-bfdf-9e1b6e0795f1,Woolworths Supermarket,"Dairy, Eggs & Fridge",Chobani Low Fat Mango Yoghurt 170g,711954,$1.80,$1.06 / 100G,https://www.woolworths.com.au/shop/productdetails/711954/chobani-low-fat-mango-yoghurt,https://cdn0.woolworths.media/content/wowproductimages/medium/711954.jpg,2020-09-21 17:27:05,,0,Was $2.00 26/04/2020,True
65da2ed2-2785-4695-b3bf-587bbc87b32a,Woolworths Supermarket,"Dairy, Eggs & Fridge",Chobani Low Fat Passionfruit Yoghurt 170g,711957,$1.80,$1.06 / 100G,https://www.woolworths.com.au/shop/productdetails/711957/chobani-low-fat-passionfruit-yoghurt,https://cdn0.woolworths.media/content/wowproductimages/medium/711957.jpg,2020-09-21 17:27:05,,0,Was $2.00 26/04/2020,True
54bc6e65-eb9c-4bca-b07f-3ae1c8c29888,Woolworths Supermarket,"Dairy, Eggs & Fridge",Chobani No Fat Blueberry Yoghurt 170g,712001,$1.80,$1.06 / 100G,https://www.woolworths.com.au/shop/productdetails/712001/chobani-no-fat-blueberry-yoghurt,https://cdn0.woolworths.media/content/wowproductimages/medium/712001.jpg,2020-09-21 17:27:05,,0,Was $2.00 26/04/2020,True
10c3a59d-c258-4fae-a8cb-8827010ac56a,Woolworths Supermarket,"Dairy, Eggs & Fridge",Chobani No Fat Strawberry Yoghurt 170g,712024,$1.80,$1.06 / 100G,https://www.woolworths.com.au/shop/productdetails/712024/chobani-no-fat-strawberry-yoghurt,https://cdn0.woolworths.media/content/wowproductimages/medium/712024.jpg,2020-09-21 17:27:05,,0,Was $2.00 26/04/2020,True
c7c2ccd3-2a16-491c-8276-14f5d265496b,Woolworths Supermarket,"Dairy, Eggs & Fridge",Western Star Unsalted Butter Chef's Choice 500g,712251,$6.50,$1.30 / 100G,https://www.woolworths.com.au/shop/productdetails/712251/western-star-unsalted-butter-chef-s-choice,https://cdn0.woolworths.media/content/wowproductimages/medium/712251.jpg,2020-09-21 17:27:05,,0,,True
5c97b213-010a-45c6-9a66-313b4fcfd51c,Woolworths Supermarket,"Dairy, Eggs & Fridge",Woolworths Leafy Mix 200g,714823,$3.00,$15.00 / 1KG,https://www.woolworths.com.au/shop/productdetails/714823/woolworths-leafy-mix,https://cdn0.woolworths.media/content/wowproductimages/medium/714823.jpg,2020-09-21 17:27:05,Average product rating out of 5: 4.6. Product score is based on 599 ratings,599,,True
14ada423-c919-4d8f-af9d-124a04264f0d,Woolworths Supermarket,"Dairy, Eggs & Fridge",Macro 6 Large Organic Free Range Eggs 300g,715844,$4.40,$1.47 / 100G,https://www.woolworths.com.au/shop/productdetails/715844/macro-6-large-organic-free-range-eggs,https://cdn0.woolworths.media/content/wowproductimages/medium/715844.jpg,2020-09-21 17:27:05,,0,,True
3d8b554d-5e5f-49e3-883d-9fa3519ac5ec,Woolworths Supermarket,"Dairy, Eggs & Fridge",Frico Gouda Cheese Wedge 260g,715950,$8.20,$31.54 / 1KG,https://www.woolworths.com.au/shop/productdetails/715950/frico-gouda-cheese-wedge,https://cdn0.woolworths.media/content/wowproductimages/medium/715950.jpg,2020-09-21 17:27:05,,0,,True
8c0becd6-d634-48b0-94f5-40a0e7cff64f,Woolworths Supermarket,"Dairy, Eggs & Fridge",Frico Gouda Cumin Cheese Wedge 255g,715951,$8.20,$32.16 / 1KG,https://www.woolworths.com.au/shop/productdetails/715951/frico-gouda-cumin-cheese-wedge,https://cdn0.woolworths.media/content/wowproductimages/medium/715951.jpg,2020-09-21 17:27:05,,0,,True
0348a9f1-5f8b-42d8-bbcf-1f3063090585,Woolworths Supermarket,"Dairy, Eggs & Fridge",Chris' Dips Egyptian Beetroot 200g,716246,$3.50,$1.75 / 100G,https://www.woolworths.com.au/shop/productdetails/716246/chris-dips-egyptian-beetroot,https://cdn0.woolworths.media/content/wowproductimages/medium/716246.jpg,2020-09-21 17:27:05,,0,2 for $6.00 $1.50/100G,True
a74e54b2-28b4-4c04-a2c1-7770eb094f2a,Woolworths Supermarket,"Dairy, Eggs & Fridge",Chobani No Fat Plain Yoghurt 170g,717499,$1.80,$1.06 / 100G,https://www.woolworths.com.au/shop/productdetails/717499/chobani-no-fat-plain-yoghurt,https://cdn0.woolworths.media/content/wowproductimages/medium/717499.jpg,2020-09-21 17:27:05,,0,Was $2.00 26/04/2020,True
28240c19-ea95-4ba1-8cf6-6eea2a082472,Woolworths Supermarket,"Dairy, Eggs & Fridge",Coon Cheese Slices Tasty 750g,187899,$10.00,$13.33 / 1KG,https://www.woolworths.com.au/shop/productdetails/187899/coon-cheese-slices-tasty,https://cdn0.woolworths.media/content/wowproductimages/medium/187899.jpg,2020-09-21 17:27:05,,0,Was $12.00 07/07/2020,True
b48a080f-902d-4a7d-9cad-bdf67b26039b,Woolworths Supermarket,"Dairy, Eggs & Fridge",Western Star Original Spreadable 500g,069756,$6.00,$1.20 / 100G,https://www.woolworths.com.au/shop/productdetails/69756/western-star-original-spreadable,https://cdn0.woolworths.media/content/wowproductimages/medium/069756.jpg,2020-09-21 17:27:05,,0,,True
d1075c2b-20d4-4981-8b8f-40bf868af15f,Woolworths Supermarket,"Dairy, Eggs & Fridge",Flora Proactiv Margarine Buttery 750g,763453,$10.00,$1.33 / 100G,https://www.woolworths.com.au/shop/productdetails/763453/flora-proactiv-margarine-buttery,https://cdn0.woolworths.media/content/wowproductimages/medium/763453.jpg,2020-09-21 17:27:05,,0,,True
5dd400ea-f0b6-4db2-92c0-6e8b57f956f5,Woolworths Supermarket,"Dairy, Eggs & Fridge",Woolworths Drought Relief Full Cream Milk 2l,807383,$2.39,$1.20 / 1L,https://www.woolworths.com.au/shop/productdetails/807383/woolworths-drought-relief-full-cream-milk,https://cdn0.woolworths.media/content/wowproductimages/medium/807383.jpg,2020-09-21 17:27:05,Average product rating out of 5: 4.7. Product score is based on 385 ratings,385,,True
69bdcdbb-a2bb-4649-8981-e58c6aa7acd2,Woolworths Supermarket,"Dairy, Eggs & Fridge",Woolworths Uht Full Cream Milk 1l,748595,$1.25,$1.25 / 1L,https://www.woolworths.com.au/shop/productdetails/748595/woolworths-uht-full-cream-milk,https://cdn0.woolworths.media/content/wowproductimages/medium/748595.jpg,2020-09-21 17:27:05,Average product rating out of 5: 4.9. Product score is based on 36 ratings,36,,True
c69872bd-3ab1-4ad8-93b9-f2be071ef627,Woolworths Supermarket,"Dairy, Eggs & Fridge",Almond Breeze Unsweetened Almond Milk 1l,761604,$2.50,$2.50 / 1L,https://www.woolworths.com.au/shop/productdetails/761604/almond-breeze-unsweetened-almond-milk,https://cdn0.woolworths.media/content/wowproductimages/medium/761604.jpg,2020-09-21 17:27:05,,0,Was $3.25 13/03/2017,True
d275be0d-60ef-475d-a99d-6e8479670984,Woolworths Supermarket,"Dairy, Eggs & Fridge",Woolworths Drought Relief Full Cream Milk 3l,807384,$3.59,$1.20 / 1L,https://www.woolworths.com.au/shop/productdetails/807384/woolworths-drought-relief-full-cream-milk,https://cdn0.woolworths.media/content/wowproductimages/medium/807384.jpg,2020-09-21 17:27:05,,0,,True
a9e11335-650d-4643-9e32-9ddf78de0df9,Woolworths Supermarket,"Dairy, Eggs & Fridge",Woolworths Drought Relief Lite Milk 3l,807386,$3.59,$1.20 / 1L,https://www.woolworths.com.au/shop/productdetails/807386/woolworths-drought-relief-lite-milk,https://cdn0.woolworths.media/content/wowproductimages/medium/807386.jpg,2020-09-21 17:27:05,,0,,True
63a2da96-cdcb-4b4e-ba02-946381f59ec8,Woolworths Supermarket,"Dairy, Eggs & Fridge",Woolworths Single Leaf Baby Spinach 280g,524336,$5.00,$17.86 / 1KG,https://www.woolworths.com.au/shop/productdetails/524336/woolworths-single-leaf-baby-spinach,https://cdn0.woolworths.media/content/wowproductimages/medium/524336.jpg,2020-09-21 17:27:05,Average product rating out of 5: 4.8. Product score is based on 532 ratings,532,,True
e5f5d680-05cc-48f6-9762-4c144db22ab3,Woolworths Supermarket,"Dairy, Eggs & Fridge",Woolworths Baby Spinach Salad Bag 60g,379515,$2.00,$33.33 / 1KG,https://www.woolworths.com.au/shop/productdetails/379515/woolworths-baby-spinach-salad-bag,https://cdn0.woolworths.media/content/wowproductimages/medium/379515.jpg,2020-09-21 17:27:05,Average product rating out of 5: 4.7. Product score is based on 725 ratings,725,,True
b098bbff-8072-4299-9031-fca83d26a908,Woolworths Supermarket,"Dairy, Eggs & Fridge",Hillview Tasty Shredded Cheese 700g,491820,$6.60,$9.43 / 1KG,https://www.woolworths.com.au/shop/productdetails/491820/hillview-tasty-shredded-cheese,https://cdn0.woolworths.media/content/wowproductimages/medium/491820.jpg,2020-09-21 17:27:05,Average product rating out of 5: 4.5. Product score is based on 48 ratings,48,,True
d9b16a8e-0ed4-4075-9ec1-67d08e7edcb6,Woolworths Supermarket,"Dairy, Eggs & Fridge",Woolworths Thickened Cream 600ml,048720,$3.00,$0.50 / 100ML,https://www.woolworths.com.au/shop/productdetails/48720/woolworths-thickened-cream,https://cdn0.woolworths.media/content/wowproductimages/medium/048720.jpg,2020-09-21 17:27:05,Average product rating out of 5: 4.8. Product score is based on 740 ratings,740,,True
0ee0a7f2-f6c7-449f-bdbb-c67c06dfa499,Woolworths Supermarket,"Dairy, Eggs & Fridge",Woolworths Drought Relief Lite Milk 2l,807385,$2.39,$1.20 / 1L,https://www.woolworths.com.au/shop/productdetails/807385/woolworths-drought-relief-lite-milk,https://cdn0.woolworths.media/content/wowproductimages/medium/807385.jpg,2020-09-21 17:27:05,,0,,True
261b88f8-77e6-4541-9aa4-188f4d4b7f92,Woolworths Supermarket,"Dairy, Eggs & Fridge",Just 4 You 12 Extra Large Caged Eggs 700g,893974,$3.50,$0.50 / 100G,https://www.woolworths.com.au/shop/productdetails/893974/just-4-you-12-extra-large-caged-eggs,https://cdn0.woolworths.media/content/wowproductimages/medium/893974.jpg,2020-09-21 17:27:05,,0,,True
c3ab1556-5dd8-4c0a-b848-619090133ebe,Woolworths Supermarket,"Dairy, Eggs & Fridge",Woolworths Baby Leaf Spinach 120g,524322,$3.00,$25.00 / 1KG,https://www.woolworths.com.au/shop/productdetails/524322/woolworths-baby-leaf-spinach,https://cdn0.woolworths.media/content/wowproductimages/medium/524322.jpg,2020-09-21 17:27:05,Average product rating out of 5: 4.7. Product score is based on 2842 ratings,2842,,True
b7dcd913-c588-449e-bfd5-71a925f8f462,Woolworths Supermarket,"Dairy, Eggs & Fridge",Woolworths Tasty Shredded Cheese 500g,729026,$6.00,$12.00 / 1KG,https://www.woolworths.com.au/shop/productdetails/729026/woolworths-tasty-shredded-cheese,https://cdn0.woolworths.media/content/wowproductimages/medium/729026.jpg,2020-09-21 17:27:05,Average product rating out of 5: 4.6. Product score is based on 500 ratings,500,,True
40de846d-6756-4485-b81d-6108e3e71ac2,Woolworths Supermarket,"Dairy, Eggs & Fridge",Hillview Cheese Block 1kg,500187,$8.00,$8.00 / 1KG,https://www.woolworths.com.au/shop/productdetails/500187/hillview-cheese-block,https://cdn0.woolworths.media/content/wowproductimages/medium/500187.jpg,2020-09-21 17:27:05,Average product rating out of 5: 4.5. Product score is based on 66 ratings,66,,True
94604ed5-4610-4f85-8ebb-5cf4bf630f1b,Woolworths Supermarket,"Dairy, Eggs & Fridge",Woolworths Mozzarella Shredded Cheese 500g,728983,$6.00,$12.00 / 1KG,https://www.woolworths.com.au/shop/productdetails/728983/woolworths-mozzarella-shredded-cheese,https://cdn0.woolworths.media/content/wowproductimages/medium/728983.jpg,2020-09-21 17:27:05,Average product rating out of 5: 4.5. Product score is based on 469 ratings,469,,True
dba3a3da-832c-4fc1-959d-2b3c27eafc6b,Woolworths Supermarket,"Dairy, Eggs & Fridge",A2 Full Cream Milk 2l,208064,$5.30,$2.65 / 1L,https://www.woolworths.com.au/shop/productdetails/208064/a2-full-cream-milk,https://cdn0.woolworths.media/content/wowproductimages/medium/208064.jpg,2020-09-21 17:27:05,,0,,True
e940f1e5-b202-497f-9b8a-a2ebad5a1194,Woolworths Supermarket,"Dairy, Eggs & Fridge",A2 Light Milk 2l,208066,$5.30,$2.65 / 1L,https://www.woolworths.com.au/shop/productdetails/208066/a2-light-milk,https://cdn0.woolworths.media/content/wowproductimages/medium/208066.jpg,2020-09-21 17:27:05,,0,,True
3e5a9a7a-56e9-450c-bb1b-c0dde3935107,Woolworths Supermarket,"Dairy, Eggs & Fridge",Five:am Organic Honey & Cinnamon Yoghurt 700g,717508,$6.00,$0.86 / 100G,https://www.woolworths.com.au/shop/productdetails/717508/five-am-organic-honey-cinnamon-yoghurt,https://cdn0.woolworths.media/content/wowproductimages/medium/717508.jpg,2020-09-21 17:27:05,,0,Was $6.85 06/12/16,True
265c151f-419c-4376-9893-8bf8e6b41563,Woolworths Supermarket,"Dairy, Eggs & Fridge",Chobani No Fat Plain Yoghurt 907g,717518,$6.50,$0.72 / 100G,https://www.woolworths.com.au/shop/productdetails/717518/chobani-no-fat-plain-yoghurt,https://cdn0.woolworths.media/content/wowproductimages/medium/717518.jpg,2020-09-21 17:27:05,,0,,True
83eac366-e288-41db-aa16-f366666a582e,Woolworths Supermarket,"Dairy, Eggs & Fridge",La Famiglia Garlic Bread Sourdough 480g,717519,$6.20,$1.29 / 100G,https://www.woolworths.com.au/shop/productdetails/717519/la-famiglia-garlic-bread-sourdough,https://cdn0.woolworths.media/content/wowproductimages/medium/717519.jpg,2020-09-21 17:27:05,,0,,True
ac4940a4-967b-405e-bce4-6970b5995525,Woolworths Supermarket,"Dairy, Eggs & Fridge",Five:am Organic Coffee Bean Yoghurt 170g,717537,$2.60,$1.53 / 100G,https://www.woolworths.com.au/shop/productdetails/717537/five-am-organic-coffee-bean-yoghurt,https://cdn0.woolworths.media/content/wowproductimages/medium/717537.jpg,2020-09-21 17:27:05,,0,,True
5a737480-ceb6-4859-94d1-c6ddebf44f98,Woolworths Supermarket,"Dairy, Eggs & Fridge",La Famiglia Garlic Bread Ciabatta 330g,717550,$6.75,$2.05 / 100G,https://www.woolworths.com.au/shop/productdetails/717550/la-famiglia-garlic-bread-ciabatta,https://cdn0.woolworths.media/content/wowproductimages/medium/717550.jpg,2020-09-21 17:27:05,,0,,True
64809f11-2c4d-4bb5-a1af-c661c6100b8f,Woolworths Supermarket,"Dairy, Eggs & Fridge",Yoplait Classics Yoghurt 12x100g,717672,$7.00,$0.58 / 100G,https://www.woolworths.com.au/shop/productdetails/717672/yoplait-classics-yoghurt,https://cdn0.woolworths.media/content/wowproductimages/medium/717672.jpg,2020-09-21 17:27:05,,0,Was $8.00 04/08/2019,True
038c878b-e465-4e95-8579-92977c5d72de,Woolworths Supermarket,"Dairy, Eggs & Fridge",Living Planet Uht Goats Milk 1l,721421,$4.70,$4.70 / 1L,https://www.woolworths.com.au/shop/productdetails/721421/living-planet-uht-goats-milk,https://cdn0.woolworths.media/content/wowproductimages/medium/721421.jpg,2020-09-21 17:27:05,,0,,True
ef7cf42e-554c-4b60-afa7-955039788100,Woolworths Supermarket,"Dairy, Eggs & Fridge",Dairy Farmers Sour Cream 250g,724682,$3.00,$1.20 / 100G,https://www.woolworths.com.au/shop/productdetails/724682/dairy-farmers-sour-cream,https://cdn0.woolworths.media/content/wowproductimages/medium/724682.jpg,2020-09-21 17:27:05,,0,,True
65ad7626-c793-4add-a8d2-16351af0cb62,Woolworths Supermarket,"Dairy, Eggs & Fridge",Woolworths Chilli Haloumi Cheese 180g,725007,$4.00,$22.22 / 1KG,https://www.woolworths.com.au/shop/productdetails/725007/woolworths-chilli-haloumi-cheese,https://cdn0.woolworths.media/content/wowproductimages/medium/725007.jpg,2020-09-21 17:27:05,Average product rating out of 5: 4.2. Product score is based on 470 ratings,470,,True
863717f3-92ce-4c27-ac6d-7f7560166c0d,Woolworths Supermarket,"Dairy, Eggs & Fridge",Lemnos Haloumi Salt Reduced 180g,726230,$5.00,$27.78 / 1KG,https://www.woolworths.com.au/shop/productdetails/726230/lemnos-haloumi-salt-reduced,https://cdn0.woolworths.media/content/wowproductimages/medium/726230.jpg,2020-09-21 17:27:05,,0,,True
9a40299e-55ca-4237-aeaf-7c0ccc676c7e,Woolworths Supermarket,"Dairy, Eggs & Fridge",Mon Ami French Brie Cheese 200g,726490,$5.90,$29.50 / 1KG,https://www.woolworths.com.au/shop/productdetails/726490/mon-ami-french-brie-cheese,https://cdn0.woolworths.media/content/wowproductimages/medium/726490.jpg,2020-09-21 17:27:05,,0,,True
21e85309-a5df-4f79-bac2-7c4de4bd9c39,Woolworths Supermarket,"Dairy, Eggs & Fridge",Oak Chocolate Milk,727161,$3.70,$4.93 / 1L,https://www.woolworths.com.au/shop/productdetails/727161/oak-chocolate-milk,https://cdn0.woolworths.media/content/wowproductimages/medium/727161.jpg,2020-09-21 17:27:05,,0,,True
a686e019-ba9a-4ccf-9894-ea9f45c56bb9,Woolworths Supermarket,"Dairy, Eggs & Fridge",Woolworths Colby Cheese Block 250g,728957,$4.20,$16.80 / 1KG,https://www.woolworths.com.au/shop/productdetails/728957/woolworths-colby-cheese-block,https://cdn0.woolworths.media/content/wowproductimages/medium/728957.jpg,2020-09-21 17:27:05,,0,,True
d726f747-0a4e-4ffa-92f5-8f7c5c46d4df,Woolworths Supermarket,"Dairy, Eggs & Fridge",Woolworths Mozzarella Shredded Cheese 500g,728983,$6.00,$12.00 / 1KG,https://www.woolworths.com.au/shop/productdetails/728983/woolworths-mozzarella-shredded-cheese,https://cdn0.woolworths.media/content/wowproductimages/medium/728983.jpg,2020-09-21 17:27:05,Average product rating out of 5: 4.5. Product score is based on 469 ratings,469,,True
e549cda1-53d9-40f3-9a40-0df86b7b1ee0,Woolworths Supermarket,"Dairy, Eggs & Fridge",Woolworths Light Tasty Cheese Shredded 250g,728984,$4.20,$16.80 / 1KG,https://www.woolworths.com.au/shop/productdetails/728984/woolworths-light-tasty-cheese-shredded,https://cdn0.woolworths.media/content/wowproductimages/medium/728984.jpg,2020-09-21 17:27:05,,0,,True
deb289fc-7da8-494c-b175-27224d524d94,Woolworths Supermarket,"Dairy, Eggs & Fridge",Woolworths Light Tasty Shredded Cheese 500g,729008,$6.00,$12.00 / 1KG,https://www.woolworths.com.au/shop/productdetails/729008/woolworths-light-tasty-shredded-cheese,https://cdn0.woolworths.media/content/wowproductimages/medium/729008.jpg,2020-09-21 17:27:05,Average product rating out of 5: 4.4. Product score is based on 297 ratings,297,,True
2a3f8e76-dbc5-464d-936d-016e5c38cf4e,Woolworths Supermarket,"Dairy, Eggs & Fridge",Woolworths Tasty Cheese Shredded 250g,729025,$4.20,$16.80 / 1KG,https://www.woolworths.com.au/shop/productdetails/729025/woolworths-tasty-cheese-shredded,https://cdn0.woolworths.media/content/wowproductimages/medium/729025.jpg,2020-09-21 17:27:05,Average product rating out of 5: 4.6. Product score is based on 442 ratings,442,,True
905f63f0-d468-40d8-8bf6-43db9b2dfc84,Woolworths Supermarket,"Dairy, Eggs & Fridge",Woolworths Tasty Shredded Cheese 500g,729026,$6.00,$12.00 / 1KG,https://www.woolworths.com.au/shop/productdetails/729026/woolworths-tasty-shredded-cheese,https://cdn0.woolworths.media/content/wowproductimages/medium/729026.jpg,2020-09-21 17:27:05,Average product rating out of 5: 4.6. Product score is based on 500 ratings,500,,True
ee5d1855-c01c-49a6-a75a-378db0aac6a2,Woolworths Supermarket,"Dairy, Eggs & Fridge",Devondale Sandwich Cheese Slices 500g,729880,$5.50,$11.00 / 1KG,https://www.woolworths.com.au/shop/productdetails/729880/devondale-sandwich-cheese-slices,https://cdn0.woolworths.media/content/wowproductimages/medium/729880.jpg,2020-09-21 17:27:05,,0,,True
f39d0f9b-a9d8-4032-881d-4914918f292a,Woolworths Supermarket,"Dairy, Eggs & Fridge",Macro Organic Almond Milk 1l,730941,$2.80,$2.80 / 1L,https://www.woolworths.com.au/shop/productdetails/730941/macro-organic-almond-milk,https://cdn0.woolworths.media/content/wowproductimages/medium/730941.jpg,2020-09-21 17:27:05,Average product rating out of 5: 4.0. Product score is based on 244 ratings,244,,True
cc518354-948b-4885-938f-17eafdf1beea,Woolworths Supermarket,"Dairy, Eggs & Fridge",Pauls Zymil Full Cream Long Life Milk 1l,730998,$2.25,$2.25 / 1L,https://www.woolworths.com.au/shop/productdetails/730998/pauls-zymil-full-cream-long-life-milk,https://cdn0.woolworths.media/content/wowproductimages/medium/730998.jpg,2020-09-21 17:27:05,,0,Was $2.70 10/08/2020,True
5e9d0acc-1a80-479a-93e4-41646ee01ed7,Woolworths Supermarket,"Dairy, Eggs & Fridge",Unicorn Triple Cream Brie Cheese 125g,732051,$4.00,$32.00 / 1KG,https://www.woolworths.com.au/shop/productdetails/732051/unicorn-triple-cream-brie-cheese,https://cdn0.woolworths.media/content/wowproductimages/medium/732051.jpg,2020-09-21 17:27:05,,0,,True
c550095d-4bdf-4262-9bee-cf8a1877c368,Woolworths Supermarket,"Dairy, Eggs & Fridge",Unicorn Camembert Cheese 125g,738697,$4.00,$32.00 / 1KG,https://www.woolworths.com.au/shop/productdetails/738697/unicorn-camembert-cheese,https://cdn0.woolworths.media/content/wowproductimages/medium/738697.jpg,2020-09-21 17:27:05,,0,,True
05cf91c4-f4ab-4290-badd-fdeafb2dc8da,Woolworths Supermarket,"Dairy, Eggs & Fridge",Jacquin Chevre Plain 100g,739564,$5.00,$50.00 / 1KG,https://www.woolworths.com.au/shop/productdetails/739564/jacquin-chevre-plain,https://cdn0.woolworths.media/content/wowproductimages/medium/739564.jpg,2020-09-21 17:27:05,,0,,True
6da58c2b-0f59-4909-ac84-bef4c5454a7e,Woolworths Supermarket,"Dairy, Eggs & Fridge",Woolworths Drought Relief Full Cream Milk 3l,807384,$3.59,$1.20 / 1L,https://www.woolworths.com.au/shop/productdetails/807384/woolworths-drought-relief-full-cream-milk,https://cdn0.woolworths.media/content/wowproductimages/medium/807384.jpg,2020-09-21 17:27:05,,0,,True
aad8882f-984b-4b74-874e-d0677fb8376b,Woolworths Supermarket,"Dairy, Eggs & Fridge",Woolworths Uht Full Cream Milk 1l,748595,$1.25,$1.25 / 1L,https://www.woolworths.com.au/shop/productdetails/748595/woolworths-uht-full-cream-milk,https://cdn0.woolworths.media/content/wowproductimages/medium/748595.jpg,2020-09-21 17:27:05,Average product rating out of 5: 4.9. Product score is based on 36 ratings,36,,True
b3f9f735-dd17-473b-bf94-c85973bbc8af,Woolworths Supermarket,"Dairy, Eggs & Fridge",Just 4 You 12 Extra Large Caged Eggs 700g,893974,$3.50,$0.50 / 100G,https://www.woolworths.com.au/shop/productdetails/893974/just-4-you-12-extra-large-caged-eggs,https://cdn0.woolworths.media/content/wowproductimages/medium/893974.jpg,2020-09-21 17:27:05,,0,,True
0dda08b2-eac4-49b4-a51e-bc07041b5734,Woolworths Supermarket,"Dairy, Eggs & Fridge",Almond Breeze Unsweetened Almond Milk 1l,761604,$2.50,$2.50 / 1L,https://www.woolworths.com.au/shop/productdetails/761604/almond-breeze-unsweetened-almond-milk,https://cdn0.woolworths.media/content/wowproductimages/medium/761604.jpg,2020-09-21 17:27:05,,0,Was $3.25 13/03/2017,True
75025190-ca4c-44ba-a22c-39613e83c705,Woolworths Supermarket,"Dairy, Eggs & Fridge",Woolworths Thickened Cream 600ml,048720,$3.00,$0.50 / 100ML,https://www.woolworths.com.au/shop/productdetails/48720/woolworths-thickened-cream,https://cdn0.woolworths.media/content/wowproductimages/medium/048720.jpg,2020-09-21 17:27:05,Average product rating out of 5: 4.8. Product score is based on 740 ratings,740,,True
15a2e8d8-0b44-446b-98f5-66e7472004e4,Woolworths Supermarket,"Dairy, Eggs & Fridge",Woolworths Single Leaf Baby Spinach 280g,524336,$5.00,$17.86 / 1KG,https://www.woolworths.com.au/shop/productdetails/524336/woolworths-single-leaf-baby-spinach,https://cdn0.woolworths.media/content/wowproductimages/medium/524336.jpg,2020-09-21 17:27:05,Average product rating out of 5: 4.8. Product score is based on 532 ratings,532,,True
d25cff10-83b7-49e1-b932-870baff82ed7,Woolworths Supermarket,"Dairy, Eggs & Fridge",Hillview Cheese Block 1kg,500187,$8.00,$8.00 / 1KG,https://www.woolworths.com.au/shop/productdetails/500187/hillview-cheese-block,https://cdn0.woolworths.media/content/wowproductimages/medium/500187.jpg,2020-09-21 17:27:05,Average product rating out of 5: 4.5. Product score is based on 66 ratings,66,,True
39da5fa3-561b-4d21-ab45-c4559fa24906,Woolworths Supermarket,"Dairy, Eggs & Fridge",Woolworths Drought Relief Lite Milk 3l,807386,$3.59,$1.20 / 1L,https://www.woolworths.com.au/shop/productdetails/807386/woolworths-drought-relief-lite-milk,https://cdn0.woolworths.media/content/wowproductimages/medium/807386.jpg,2020-09-21 17:27:05,,0,,True
628cbfae-5f7d-4cce-bad4-18dbb18416e0,Woolworths Supermarket,"Dairy, Eggs & Fridge",Woolworths Baby Leaf Spinach 120g,524322,$3.00,$25.00 / 1KG,https://www.woolworths.com.au/shop/productdetails/524322/woolworths-baby-leaf-spinach,https://cdn0.woolworths.media/content/wowproductimages/medium/524322.jpg,2020-09-21 17:27:05,Average product rating out of 5: 4.7. Product score is based on 2842 ratings,2842,,True
78405ad7-e3c9-4ad6-98a9-e1fbdd6b3342,Woolworths Supermarket,"Dairy, Eggs & Fridge",Woolworths Sour Cream 300ml,105609,$2.10,$0.70 / 100ML,https://www.woolworths.com.au/shop/productdetails/105609/woolworths-sour-cream,https://cdn0.woolworths.media/content/wowproductimages/medium/105609.jpg,2020-09-21 17:27:05,Average product rating out of 5: 4.5. Product score is based on 1353 ratings,1353,,True
7f3b20a7-c580-40e8-bcef-be4c686bc8ec,Woolworths Supermarket,"Dairy, Eggs & Fridge",Woolworths Drought Relief Lite Milk 2l,807385,$2.39,$1.20 / 1L,https://www.woolworths.com.au/shop/productdetails/807385/woolworths-drought-relief-lite-milk,https://cdn0.woolworths.media/content/wowproductimages/medium/807385.jpg,2020-09-21 17:27:05,,0,,True
fbe077e8-0d56-4256-be86-a996dcb96524,Woolworths Supermarket,"Dairy, Eggs & Fridge",Hillview Tasty Shredded Cheese 700g,491820,$6.60,$9.43 / 1KG,https://www.woolworths.com.au/shop/productdetails/491820/hillview-tasty-shredded-cheese,https://cdn0.woolworths.media/content/wowproductimages/medium/491820.jpg,2020-09-21 17:27:05,Average product rating out of 5: 4.5. Product score is based on 48 ratings,48,,True
d7301e28-d728-4942-9924-01eb1db510f5,Woolworths Supermarket,"Dairy, Eggs & Fridge",Woolworths Tasty Shredded Cheese 500g,729026,$6.00,$12.00 / 1KG,https://www.woolworths.com.au/shop/productdetails/729026/woolworths-tasty-shredded-cheese,https://cdn0.woolworths.media/content/wowproductimages/medium/729026.jpg,2020-09-21 17:27:05,Average product rating out of 5: 4.6. Product score is based on 500 ratings,500,,True
6b10cfc5-d39d-447d-afbf-69c82ee6e82a,Woolworths Supermarket,"Dairy, Eggs & Fridge",Perfect Italiano Shaved Parmesan 125g,360904,$3.25,$26.00 / 1KG,https://www.woolworths.com.au/shop/productdetails/360904/perfect-italiano-shaved-parmesan,https://cdn0.woolworths.media/content/wowproductimages/medium/360904.jpg,2020-09-21 17:27:05,,0,,True
1a63e2fb-aa95-4fe3-9d3f-e65cf1673a41,Woolworths Supermarket,"Dairy, Eggs & Fridge",Woolworths Baby Spinach Salad Bag 60g,379515,$2.00,$33.33 / 1KG,https://www.woolworths.com.au/shop/productdetails/379515/woolworths-baby-spinach-salad-bag,https://cdn0.woolworths.media/content/wowproductimages/medium/379515.jpg,2020-09-21 17:27:05,Average product rating out of 5: 4.7. Product score is based on 725 ratings,725,,True
5a4c9cef-25de-497a-8a39-8e6f1db47d4c,Woolworths Supermarket,"Dairy, Eggs & Fridge",Western Star Original Spreadable 500g,069756,$6.00,$1.20 / 100G,https://www.woolworths.com.au/shop/productdetails/69756/western-star-original-spreadable,https://cdn0.woolworths.media/content/wowproductimages/medium/069756.jpg,2020-09-21 17:27:05,,0,,True
63dc8481-52a5-48ec-b282-5b660345e1c4,Woolworths Supermarket,"Dairy, Eggs & Fridge",Woolworths Mozzarella Shredded Cheese 500g,728983,$6.00,$12.00 / 1KG,https://www.woolworths.com.au/shop/productdetails/728983/woolworths-mozzarella-shredded-cheese,https://cdn0.woolworths.media/content/wowproductimages/medium/728983.jpg,2020-09-21 17:27:05,Average product rating out of 5: 4.5. Product score is based on 469 ratings,469,,True
968da153-fc7c-4406-b8e5-bcaaf98f47f6,Woolworths Supermarket,"Dairy, Eggs & Fridge",Woolworths Thickened Cream 300ml,044317,$1.90,$0.63 / 100ML,https://www.woolworths.com.au/shop/productdetails/44317/woolworths-thickened-cream,https://cdn0.woolworths.media/content/wowproductimages/medium/044317.jpg,2020-09-21 17:27:05,Average product rating out of 5: 4.9. Product score is based on 629 ratings,629,,True
dc81d71e-b926-4ff1-ac37-c23c6dba583f,Woolworths Supermarket,"Dairy, Eggs & Fridge",Woolworths Drought Relief Full Cream Milk 2l,807383,$2.39,$1.20 / 1L,https://www.woolworths.com.au/shop/productdetails/807383/woolworths-drought-relief-full-cream-milk,https://cdn0.woolworths.media/content/wowproductimages/medium/807383.jpg,2020-09-21 17:27:05,Average product rating out of 5: 4.7. Product score is based on 385 ratings,385,,True
359fcf7a-ae4d-435a-b961-c9ee36dbcc2f,Woolworths Supermarket,"Dairy, Eggs & Fridge",Perfect Italiano Extra Sharp Grated Parmesan 125g,302306,$3.25,$26.00 / 1KG,https://www.woolworths.com.au/shop/productdetails/302306/perfect-italiano-extra-sharp-grated-parmesan,https://cdn0.woolworths.media/content/wowproductimages/medium/302306.jpg,2020-09-21 17:27:05,,0,,True
fc233f06-21da-4474-818e-ef7eef815fb0,Woolworths Supermarket,"Dairy, Eggs & Fridge",Gippsland Twist Mango & Blood Orange Yoghurt 160g,740596,$2.50,$1.56 / 100G,https://www.woolworths.com.au/shop/productdetails/740596/gippsland-twist-mango-blood-orange-yoghurt,https://cdn0.woolworths.media/content/wowproductimages/medium/740596.jpg,2020-09-21 17:27:05,,0,Was $2.85 26/11/2018,True
3448ffac-c387-4455-a25c-143d98402d0b,Woolworths Supermarket,"Dairy, Eggs & Fridge",Gippsland Twist Blueberry Yoghurt 160g,740621,$2.50,$1.56 / 100G,https://www.woolworths.com.au/shop/productdetails/740621/gippsland-twist-blueberry-yoghurt,https://cdn0.woolworths.media/content/wowproductimages/medium/740621.jpg,2020-09-21 17:27:05,,0,Was $2.85 26/11/2018,True
543dce06-8ddb-47c7-92a3-e0efdd7e9cf9,Woolworths Supermarket,"Dairy, Eggs & Fridge",Liddells Block Lactose Free 250g,741022,$6.00,$24.00 / 1KG,https://www.woolworths.com.au/shop/productdetails/741022/liddells-block-lactose-free,https://cdn0.woolworths.media/content/wowproductimages/medium/741022.jpg,2020-09-21 17:27:05,,0,,True
6dfdc46d-792a-40fd-89eb-71308b9aec21,Woolworths Supermarket,"Dairy, Eggs & Fridge",Lemnos Reduced Fat Fetta Cheese 200g,741717,$4.50,$22.50 / 1KG,https://www.woolworths.com.au/shop/productdetails/741717/lemnos-reduced-fat-fetta-cheese,https://cdn0.woolworths.media/content/wowproductimages/medium/741717.jpg,2020-09-21 17:27:05,,0,Was $4.75 24/03/2019,True
4b92262a-2577-43c8-aff8-d3b6ed401c4a,Woolworths Supermarket,"Dairy, Eggs & Fridge",Danone Ultimate Greek Yoghurt Honey 115g x4 pack,741994,$3.00,$0.65 / 100G,https://www.woolworths.com.au/shop/productdetails/741994/danone-ultimate-greek-yoghurt-honey,https://cdn0.woolworths.media/content/wowproductimages/medium/741994.jpg,2020-09-21 17:27:05,,0,,True
c8ce731b-2dec-467e-bd2c-9102cf3f2e59,Woolworths Supermarket,"Dairy, Eggs & Fridge",Woolworths Asian Style Salad Kit Salad Kit 350g,743361,$5.00,$14.29 / 1KG,https://www.woolworths.com.au/shop/productdetails/743361/woolworths-asian-style-salad-kit-salad-kit,https://cdn0.woolworths.media/content/wowproductimages/medium/743361.jpg,2020-09-21 17:27:05,,0,,True
d451cb04-6fff-4b41-a887-180f930f72fa,Woolworths Supermarket,"Dairy, Eggs & Fridge",Sanitarium So Good Long Life Unsweetened Almond Milk 1l,744490,$1.35,$1.35 / 1L,https://www.woolworths.com.au/shop/productdetails/744490/sanitarium-so-good-long-life-unsweetened-almond-milk,https://cdn0.woolworths.media/content/wowproductimages/medium/744490.jpg,2020-09-21 17:27:05,,0,,True
ca1e5e14-ae46-43fc-9220-8d6e641426a3,Woolworths Supermarket,"Dairy, Eggs & Fridge",Udder Delights Triple Cream Brie 500g,744746,$15.00,$30.00 / 1KG,https://www.woolworths.com.au/shop/productdetails/744746/udder-delights-triple-cream-brie,https://cdn0.woolworths.media/content/wowproductimages/medium/744746.jpg,2020-09-21 17:27:05,,0,,True
9ff32839-6ba8-4f90-abf3-95b628fe0156,Woolworths Supermarket,"Dairy, Eggs & Fridge",Woolworths Fresh Chicken & Corn Soup Asian Style 300g,744840,$3.00,$1.00 / 100G,https://www.woolworths.com.au/shop/productdetails/744840/woolworths-fresh-chicken-corn-soup-asian-style,https://cdn0.woolworths.media/content/wowproductimages/medium/744840.jpg,2020-09-21 17:27:05,Average product rating out of 5: 3.8. Product score is based on 689 ratings,689,4 for $10.00 $0.83/100G,True
5aa748db-83cf-4f88-965b-8a0fcc9a4519,Woolworths Supermarket,"Dairy, Eggs & Fridge",Woolworths Chicken & Vegetable Soup Low Fat 300g,744854,$3.00,$1.00 / 100G,https://www.woolworths.com.au/shop/productdetails/744854/woolworths-chicken-vegetable-soup-low-fat,https://cdn0.woolworths.media/content/wowproductimages/medium/744854.jpg,2020-09-21 17:27:05,Average product rating out of 5: 3.5. Product score is based on 606 ratings,606,4 for $10.00 $0.83/100G,True
ace74ffc-9c67-4835-8d95-c1e5f0eabeb2,Woolworths Supermarket,"Dairy, Eggs & Fridge",Woolworths Fresh Creamy Pumpkin Soup 300g,744855,$3.00,$1.00 / 100G,https://www.woolworths.com.au/shop/productdetails/744855/woolworths-fresh-creamy-pumpkin-soup,https://cdn0.woolworths.media/content/wowproductimages/medium/744855.jpg,2020-09-21 17:27:05,Average product rating out of 5: 4.0. Product score is based on 557 ratings,557,4 for $10.00 $0.83/100G,True
b31d31bf-8788-4cd1-a461-dec08751482d,Woolworths Supermarket,"Dairy, Eggs & Fridge",Dare Caramel Latte Iced Coffee 750ml,746542,$4.10,$5.47 / 1L,https://www.woolworths.com.au/shop/productdetails/746542/dare-caramel-latte-iced-coffee,https://cdn0.woolworths.media/content/wowproductimages/medium/746542.jpg,2020-09-21 17:27:05,,0,3 for $10.50 $4.67/1L,True
3e0c7cc3-e983-497a-a80c-803e4479000e,Woolworths Supermarket,"Dairy, Eggs & Fridge",Woolworths Uht Full Cream Milk 1l,748595,$1.25,$1.25 / 1L,https://www.woolworths.com.au/shop/productdetails/748595/woolworths-uht-full-cream-milk,https://cdn0.woolworths.media/content/wowproductimages/medium/748595.jpg,2020-09-21 17:27:05,Average product rating out of 5: 4.9. Product score is based on 36 ratings,36,,True
7112c5ff-048a-409c-a1bc-6d67c2946ad1,Woolworths Supermarket,"Dairy, Eggs & Fridge",Woolworths Uht Lite Milk 1l,748596,$1.25,$1.25 / 1L,https://www.woolworths.com.au/shop/productdetails/748596/woolworths-uht-lite-milk,https://cdn0.woolworths.media/content/wowproductimages/medium/748596.jpg,2020-09-21 17:27:05,Average product rating out of 5: 4.7. Product score is based on 14 ratings,14,,True
2a2f8393-52ff-447e-a220-f767bbc2cbb1,Woolworths Supermarket,"Dairy, Eggs & Fridge",Woolworths Uht Skim Milk 1l,748597,$1.25,$1.25 / 1L,https://www.woolworths.com.au/shop/productdetails/748597/woolworths-uht-skim-milk,https://cdn0.woolworths.media/content/wowproductimages/medium/748597.jpg,2020-09-21 17:27:05,Average product rating out of 5: 4.2. Product score is based on 42 ratings,42,,True
e3755416-5a3b-4d18-a7b0-fa19d35f091a,Woolworths Supermarket,"Dairy, Eggs & Fridge",Macro Honey Soy Tofu 200g,748944,$4.00,$20.00 / 1KG,https://www.woolworths.com.au/shop/productdetails/748944/macro-honey-soy-tofu,https://cdn0.woolworths.media/content/wowproductimages/medium/748944.jpg,2020-09-21 17:27:05,,0,,True
f71887b3-cdbd-43fa-bdae-385843c14537,Woolworths Supermarket,"Dairy, Eggs & Fridge",Macro Satay Tofu 200g,748945,$4.00,$20.00 / 1KG,https://www.woolworths.com.au/shop/productdetails/748945/macro-satay-tofu,https://cdn0.woolworths.media/content/wowproductimages/medium/748945.jpg,2020-09-21 17:27:05,,0,,True
dcc6f2f5-f619-4140-9dc0-f51455a05509,Woolworths Supermarket,"Dairy, Eggs & Fridge",Mon Ami French Camembert Cheese 200g,751148,$5.90,$29.50 / 1KG,https://www.woolworths.com.au/shop/productdetails/751148/mon-ami-french-camembert-cheese,https://cdn0.woolworths.media/content/wowproductimages/medium/751148.jpg,2020-09-21 17:27:05,,0,,True
66bd8deb-dd18-4733-a13a-4ec544c4b15d,Woolworths Supermarket,"Dairy, Eggs & Fridge",Vaalia Kids Lactose Free Yoghurt Pouch Strawberry 140g,751890,$1.70,$1.21 / 100G,https://www.woolworths.com.au/shop/productdetails/751890/vaalia-kids-lactose-free-yoghurt-pouch-strawberry,https://cdn0.woolworths.media/content/wowproductimages/medium/751890.jpg,2020-09-21 17:27:05,,0,,True
93ebf942-29a9-430a-b89b-c0376b607807,Woolworths Supermarket,"Dairy, Eggs & Fridge",Pauls Chocolate Custard 70g,751963,$1.50,$2.14 / 100G,https://www.woolworths.com.au/shop/productdetails/751963/pauls-chocolate-custard,https://cdn0.woolworths.media/content/wowproductimages/medium/751963.jpg,2020-09-21 17:27:05,,0,,True
e1115064-1031-4818-90f5-452f1d418613,Woolworths Supermarket,"Dairy, Eggs & Fridge",Vaalia Kids Lactose Free Yoghurt Pouch Vanilla 140g,751971,$1.70,$1.21 / 100G,https://www.woolworths.com.au/shop/productdetails/751971/vaalia-kids-lactose-free-yoghurt-pouch-vanilla,https://cdn0.woolworths.media/content/wowproductimages/medium/751971.jpg,2020-09-21 17:27:05,,0,,True
6c8dcb88-1094-4994-b6f3-bdf188a99e3e,Woolworths Supermarket,"Dairy, Eggs & Fridge",Pauls Vanilla Custard 70g,751972,$1.50,$2.14 / 100G,https://www.woolworths.com.au/shop/productdetails/751972/pauls-vanilla-custard,https://cdn0.woolworths.media/content/wowproductimages/medium/751972.jpg,2020-09-21 17:27:05,,0,,True
d9ab394a-dc9c-4550-b4f1-f662894b581f,Woolworths Supermarket,"Dairy, Eggs & Fridge",Chobani Low Fat Lemon Yoghurt 170g,752049,$1.80,$1.06 / 100G,https://www.woolworths.com.au/shop/productdetails/752049/chobani-low-fat-lemon-yoghurt,https://cdn0.woolworths.media/content/wowproductimages/medium/752049.jpg,2020-09-21 17:27:05,,0,Was $2.00 26/04/2020,True
d405ec2f-87ec-4f31-9f89-6d886c4e95f6,Woolworths Supermarket,"Dairy, Eggs & Fridge",Chobani No Fat Raspberry Yoghurt 170g,752079,$1.80,$1.06 / 100G,https://www.woolworths.com.au/shop/productdetails/752079/chobani-no-fat-raspberry-yoghurt,https://cdn0.woolworths.media/content/wowproductimages/medium/752079.jpg,2020-09-21 17:27:05,,0,Was $2.00 26/04/2020,True
15c94778-f0a1-4e24-8086-6dd6d1839518,Woolworths Supermarket,"Dairy, Eggs & Fridge",Perfect Italiano Shaved Parmesan 125g,360904,$3.25,$26.00 / 1KG,https://www.woolworths.com.au/shop/productdetails/360904/perfect-italiano-shaved-parmesan,https://cdn0.woolworths.media/content/wowproductimages/medium/360904.jpg,2020-09-21 17:27:05,,0,,True
efe5872b-8a48-40d7-aeb1-dc570f5349e4,Woolworths Supermarket,"Dairy, Eggs & Fridge",Perfect Italiano Extra Sharp Grated Parmesan 125g,302306,$3.25,$26.00 / 1KG,https://www.woolworths.com.au/shop/productdetails/302306/perfect-italiano-extra-sharp-grated-parmesan,https://cdn0.woolworths.media/content/wowproductimages/medium/302306.jpg,2020-09-21 17:27:05,,0,,True
72d7fb95-ec98-4c54-80a4-cb95d111ba81,Woolworths Supermarket,"Dairy, Eggs & Fridge",Woolworths Thickened Cream 300ml,044317,$1.90,$0.63 / 100ML,https://www.woolworths.com.au/shop/productdetails/44317/woolworths-thickened-cream,https://cdn0.woolworths.media/content/wowproductimages/medium/044317.jpg,2020-09-21 17:27:05,Average product rating out of 5: 4.9. Product score is based on 629 ratings,629,,True
f13e739a-9a65-4e83-9449-1f5ce587859e,Woolworths Supermarket,"Dairy, Eggs & Fridge",Woolworths Drought Relief Full Cream Milk 2l,807383,$2.39,$1.20 / 1L,https://www.woolworths.com.au/shop/productdetails/807383/woolworths-drought-relief-full-cream-milk,https://cdn0.woolworths.media/content/wowproductimages/medium/807383.jpg,2020-09-21 17:27:05,Average product rating out of 5: 4.7. Product score is based on 385 ratings,385,,True
9d8a7e80-7aeb-4821-9f04-c931c9ecccce,Woolworths Supermarket,"Dairy, Eggs & Fridge",Woolworths Single Leaf Baby Spinach 280g,524336,$5.00,$17.86 / 1KG,https://www.woolworths.com.au/shop/productdetails/524336/woolworths-single-leaf-baby-spinach,https://cdn0.woolworths.media/content/wowproductimages/medium/524336.jpg,2020-09-21 17:27:05,Average product rating out of 5: 4.8. Product score is based on 532 ratings,532,,True
8059f635-e35c-455b-8d97-33665b95847d,Woolworths Supermarket,"Dairy, Eggs & Fridge",Woolworths Thickened Cream 600ml,048720,$3.00,$0.50 / 100ML,https://www.woolworths.com.au/shop/productdetails/48720/woolworths-thickened-cream,https://cdn0.woolworths.media/content/wowproductimages/medium/048720.jpg,2020-09-21 17:27:05,Average product rating out of 5: 4.8. Product score is based on 740 ratings,740,,True
1b1d3ee8-9323-47fa-9363-b8d9a5121b93,Woolworths Supermarket,"Dairy, Eggs & Fridge",Woolworths Sour Cream 300ml,105609,$2.10,$0.70 / 100ML,https://www.woolworths.com.au/shop/productdetails/105609/woolworths-sour-cream,https://cdn0.woolworths.media/content/wowproductimages/medium/105609.jpg,2020-09-21 17:27:05,Average product rating out of 5: 4.5. Product score is based on 1353 ratings,1353,,True
119bb245-0f0d-4aee-9929-2c1c20834f13,Woolworths Supermarket,"Dairy, Eggs & Fridge",Hillview Cheese Block 1kg,500187,$8.00,$8.00 / 1KG,https://www.woolworths.com.au/shop/productdetails/500187/hillview-cheese-block,https://cdn0.woolworths.media/content/wowproductimages/medium/500187.jpg,2020-09-21 17:27:05,Average product rating out of 5: 4.5. Product score is based on 66 ratings,66,,True
39a7b058-005c-41c1-8248-88197c9444f8,Woolworths Supermarket,"Dairy, Eggs & Fridge",Western Star Original Spreadable 500g,069756,$6.00,$1.20 / 100G,https://www.woolworths.com.au/shop/productdetails/69756/western-star-original-spreadable,https://cdn0.woolworths.media/content/wowproductimages/medium/069756.jpg,2020-09-21 17:27:05,,0,,True
7b410c3b-4915-4e3b-a656-0e5542f5d1be,Woolworths Supermarket,"Dairy, Eggs & Fridge",Hillview Tasty Shredded Cheese 700g,491820,$6.60,$9.43 / 1KG,https://www.woolworths.com.au/shop/productdetails/491820/hillview-tasty-shredded-cheese,https://cdn0.woolworths.media/content/wowproductimages/medium/491820.jpg,2020-09-21 17:27:05,Average product rating out of 5: 4.5. Product score is based on 48 ratings,48,,True
8892d030-65cf-4ff8-8bf0-a948a3c6ed9d,Woolworths Supermarket,"Dairy, Eggs & Fridge",Woolworths Tasty Shredded Cheese 500g,729026,$6.00,$12.00 / 1KG,https://www.woolworths.com.au/shop/productdetails/729026/woolworths-tasty-shredded-cheese,https://cdn0.woolworths.media/content/wowproductimages/medium/729026.jpg,2020-09-21 17:27:05,Average product rating out of 5: 4.6. Product score is based on 500 ratings,500,,True
e0612018-472c-47f9-9f2c-233b06f8f78c,Woolworths Supermarket,"Dairy, Eggs & Fridge",Woolworths Baby Leaf Spinach 120g,524322,$3.00,$25.00 / 1KG,https://www.woolworths.com.au/shop/productdetails/524322/woolworths-baby-leaf-spinach,https://cdn0.woolworths.media/content/wowproductimages/medium/524322.jpg,2020-09-21 17:27:05,Average product rating out of 5: 4.7. Product score is based on 2842 ratings,2842,,True
44bd4398-5632-4a1d-9d70-48f61b0d1ade,Woolworths Supermarket,"Dairy, Eggs & Fridge",Woolworths Baby Spinach Salad Bag 60g,379515,$2.00,$33.33 / 1KG,https://www.woolworths.com.au/shop/productdetails/379515/woolworths-baby-spinach-salad-bag,https://cdn0.woolworths.media/content/wowproductimages/medium/379515.jpg,2020-09-21 17:27:05,Average product rating out of 5: 4.7. Product score is based on 725 ratings,725,,True
ea7162a1-2887-44ac-a44c-692a500a8c1b,Woolworths Supermarket,"Dairy, Eggs & Fridge",Woolworths Drought Relief Lite Milk 3l,807386,$3.59,$1.20 / 1L,https://www.woolworths.com.au/shop/productdetails/807386/woolworths-drought-relief-lite-milk,https://cdn0.woolworths.media/content/wowproductimages/medium/807386.jpg,2020-09-21 17:27:05,,0,,True
e81b2d7d-0773-438e-910c-f12d19c71a37,Woolworths Supermarket,"Dairy, Eggs & Fridge",Almond Breeze Unsweetened Almond Milk 1l,761604,$2.50,$2.50 / 1L,https://www.woolworths.com.au/shop/productdetails/761604/almond-breeze-unsweetened-almond-milk,https://cdn0.woolworths.media/content/wowproductimages/medium/761604.jpg,2020-09-21 17:27:05,,0,Was $3.25 13/03/2017,True
86a589a6-94d2-410d-b8ce-db0c9e1b7331,Woolworths Supermarket,"Dairy, Eggs & Fridge",Woolworths Drought Relief Full Cream Milk 3l,807384,$3.59,$1.20 / 1L,https://www.woolworths.com.au/shop/productdetails/807384/woolworths-drought-relief-full-cream-milk,https://cdn0.woolworths.media/content/wowproductimages/medium/807384.jpg,2020-09-21 17:27:05,,0,,True
bba676b4-59be-492a-b5f3-159eefea40b8,Woolworths Supermarket,"Dairy, Eggs & Fridge",Woolworths Uht Full Cream Milk 1l,748595,$1.25,$1.25 / 1L,https://www.woolworths.com.au/shop/productdetails/748595/woolworths-uht-full-cream-milk,https://cdn0.woolworths.media/content/wowproductimages/medium/748595.jpg,2020-09-21 17:27:05,Average product rating out of 5: 4.9. Product score is based on 36 ratings,36,,True
6b6a91d9-2006-4a41-ac16-fd5f53e38f6e,Woolworths Supermarket,"Dairy, Eggs & Fridge",Woolworths Drought Relief Lite Milk 2l,807385,$2.39,$1.20 / 1L,https://www.woolworths.com.au/shop/productdetails/807385/woolworths-drought-relief-lite-milk,https://cdn0.woolworths.media/content/wowproductimages/medium/807385.jpg,2020-09-21 17:27:05,,0,,True
49ac7186-6ecb-4e57-8724-e144b5a3ebba,Woolworths Supermarket,"Dairy, Eggs & Fridge",Just 4 You 12 Extra Large Caged Eggs 700g,893974,$3.50,$0.50 / 100G,https://www.woolworths.com.au/shop/productdetails/893974/just-4-you-12-extra-large-caged-eggs,https://cdn0.woolworths.media/content/wowproductimages/medium/893974.jpg,2020-09-21 17:27:05,,0,,True
6f3b4a2d-4698-412b-b4a8-7a126478ced8,Woolworths Supermarket,"Dairy, Eggs & Fridge",Woolworths Mozzarella Shredded Cheese 500g,728983,$6.00,$12.00 / 1KG,https://www.woolworths.com.au/shop/productdetails/728983/woolworths-mozzarella-shredded-cheese,https://cdn0.woolworths.media/content/wowproductimages/medium/728983.jpg,2020-09-21 17:27:05,Average product rating out of 5: 4.5. Product score is based on 469 ratings,469,,True
e53e6005-1b24-49a1-89be-c396b5b6ec0c,Woolworths Supermarket,"Dairy, Eggs & Fridge",Gippsland Twist Toffee Honeycomb Yoghurt 160g,753880,$2.50,$1.56 / 100G,https://www.woolworths.com.au/shop/productdetails/753880/gippsland-twist-toffee-honeycomb-yoghurt,https://cdn0.woolworths.media/content/wowproductimages/medium/753880.jpg,2020-09-21 17:27:05,,0,Was $2.85 26/11/2018,True
a2747eeb-a053-43c3-8219-f6f53c42a0de,Woolworths Supermarket,"Dairy, Eggs & Fridge",Red Rock Deli Basil Pesto And Cashews 150g,755203,$4.50,$3.00 / 100G,https://www.woolworths.com.au/shop/productdetails/755203/red-rock-deli-basil-pesto-and-cashews,https://cdn0.woolworths.media/content/wowproductimages/medium/755203.jpg,2020-09-21 17:27:05,,0,2 for $7.00,True
fcc2548d-5339-418b-b1a4-735f4adac73b,Woolworths Supermarket,"Dairy, Eggs & Fridge",Wicked Sister Vanilla Bean Rice Pudding 500g,756098,$5.00,$1.00 / 100G,https://www.woolworths.com.au/shop/productdetails/756098/wicked-sister-vanilla-bean-rice-pudding,https://cdn0.woolworths.media/content/wowproductimages/medium/756098.jpg,2020-09-21 17:27:05,,0,,True
1ed71ca9-bf16-40d4-a54b-8a714bda3752,Woolworths Supermarket,"Dairy, Eggs & Fridge",Liddells Lactose Free Strawberry Yoghurt 4x140g,756110,$4.50,$0.80 / 100G,https://www.woolworths.com.au/shop/productdetails/756110/liddells-lactose-free-strawberry-yoghurt,https://cdn0.woolworths.media/content/wowproductimages/medium/756110.jpg,2020-09-21 17:27:05,,0,,True
dfd5af7d-e55e-46a9-999a-cdf26aa09644,Woolworths Supermarket,"Dairy, Eggs & Fridge",Liddells Lactose Free Plain Yoghurt 4x140g,756114,$4.50,$0.80 / 100G,https://www.woolworths.com.au/shop/productdetails/756114/liddells-lactose-free-plain-yoghurt,https://cdn0.woolworths.media/content/wowproductimages/medium/756114.jpg,2020-09-21 17:27:05,,0,,True
6a02dc24-7ffc-40ea-80d8-266892867336,Woolworths Supermarket,"Dairy, Eggs & Fridge",Brancourts Cottage Cheese Classic 250g,757097,$4.00,$16.00 / 1KG,https://www.woolworths.com.au/shop/productdetails/757097/brancourts-cottage-cheese-classic,https://cdn0.woolworths.media/content/wowproductimages/medium/757097.jpg,2020-09-21 17:27:05,,0,,True
385a49c6-bd6e-4e6f-a8c9-339d06fe7e99,Woolworths Supermarket,"Dairy, Eggs & Fridge",Sanitarium So Good Chilled Original Almond Milk 1l,757132,$3.00,$3.00 / 1L,https://www.woolworths.com.au/shop/productdetails/757132/sanitarium-so-good-chilled-original-almond-milk,https://cdn0.woolworths.media/content/wowproductimages/medium/757132.jpg,2020-09-21 17:27:05,,0,,True
b157ff47-b9a8-43b4-a0e9-ac776ced042a,Woolworths Supermarket,"Dairy, Eggs & Fridge",La Casa Cherry Bocconcini 220g,757527,$5.50,$25.00 / 1KG,https://www.woolworths.com.au/shop/productdetails/757527/la-casa-cherry-bocconcini,https://cdn0.woolworths.media/content/wowproductimages/medium/757527.jpg,2020-09-21 17:27:05,,0,,True
f648f09c-9b53-485a-91dd-6962cc6ca391,Woolworths Supermarket,"Dairy, Eggs & Fridge",Woolworths Garden Salad Bowl 150g,760466,$5.00,$33.33 / 1KG,https://www.woolworths.com.au/shop/productdetails/760466/woolworths-garden-salad-bowl,https://cdn0.woolworths.media/content/wowproductimages/medium/760466.jpg,2020-09-21 17:27:05,Average product rating out of 5: 3.7. Product score is based on 435 ratings,435,,True
cda45349-5996-4559-9693-5a494dacb3a6,Woolworths Supermarket,"Dairy, Eggs & Fridge",Woolworths Caesar Salad Bowl 120g,760663,$5.00,$41.67 / 1KG,https://www.woolworths.com.au/shop/productdetails/760663/woolworths-caesar-salad-bowl,https://cdn0.woolworths.media/content/wowproductimages/medium/760663.jpg,2020-09-21 17:27:05,,0,,True
cc7b96de-eee9-49e3-a2f5-e3ca83da65fb,Woolworths Supermarket,"Dairy, Eggs & Fridge",Woolworths Greek Salad Bowl 150g,760674,$5.50,$36.67 / 1KG,https://www.woolworths.com.au/shop/productdetails/760674/woolworths-greek-salad-bowl,https://cdn0.woolworths.media/content/wowproductimages/medium/760674.jpg,2020-09-21 17:27:05,Average product rating out of 5: 3.5. Product score is based on 343 ratings,343,,True
57dd1ca5-8f98-4fbd-871e-61219f5c515e,Woolworths Supermarket,"Dairy, Eggs & Fridge",Woolworths Asian Salad With Crunchy Noodles Bowl 150g,760835,$5.00,$33.33 / 1KG,https://www.woolworths.com.au/shop/productdetails/760835/woolworths-asian-salad-with-crunchy-noodles-bowl,https://cdn0.woolworths.media/content/wowproductimages/medium/760835.jpg,2020-09-21 17:27:05,,0,,True
2a864a65-2f7a-47ba-9bec-633dfff5a851,Woolworths Supermarket,"Dairy, Eggs & Fridge",Almond Breeze Unsweetened Almond Milk 1l,761604,$2.50,$2.50 / 1L,https://www.woolworths.com.au/shop/productdetails/761604/almond-breeze-unsweetened-almond-milk,https://cdn0.woolworths.media/content/wowproductimages/medium/761604.jpg,2020-09-21 17:27:05,,0,Was $3.25 13/03/2017,True
cb3a1382-8ccf-4da0-a2f2-160af302b86e,Woolworths Supermarket,"Dairy, Eggs & Fridge",Almond Breeze Flavoured Chocolate Milk 1l,761612,$2.70,$2.70 / 1L,https://www.woolworths.com.au/shop/productdetails/761612/almond-breeze-flavoured-chocolate-milk,https://cdn0.woolworths.media/content/wowproductimages/medium/761612.jpg,2020-09-21 17:27:05,,0,Was $3.59 13/03/2017,True
149a5a9a-de95-49fe-ad56-949a1bef25c6,Woolworths Supermarket,"Dairy, Eggs & Fridge",Flora Buttery 1kg,762296,$4.50,$0.45 / 100G,https://www.woolworths.com.au/shop/productdetails/762296/flora-buttery,https://cdn0.woolworths.media/content/wowproductimages/medium/762296.jpg,2020-09-21 17:27:05,,0,Was $5.00 06/03/2017,True
39bfcd08-e1c1-41d8-84ae-e64a4c8397f4,Woolworths Supermarket,"Dairy, Eggs & Fridge",Easiyo Banana Yoghurt Base Yogurt Base 230g,763144,$4.50,$1.96 / 100G,https://www.woolworths.com.au/shop/productdetails/763144/easiyo-banana-yoghurt-base-yogurt-base,https://cdn0.woolworths.media/content/wowproductimages/medium/763144.jpg,2020-09-21 17:27:05,,0,,True
c0a656fa-0759-48fa-836f-2b8b4e26461d,Woolworths Supermarket,"Dairy, Eggs & Fridge",La Casa Fresh Mozzarella Cheese 200g,763149,$5.50,$27.50 / 1KG,https://www.woolworths.com.au/shop/productdetails/763149/la-casa-fresh-mozzarella-cheese,https://cdn0.woolworths.media/content/wowproductimages/medium/763149.jpg,2020-09-21 17:27:05,,0,,True
26740b79-00ae-4d6b-a01c-16216153af18,Woolworths Supermarket,"Dairy, Eggs & Fridge",Latina Fresh Beef Tortellini & Ragu Sauce 350g,763349,$8.00,$2.29 / 100G,https://www.woolworths.com.au/shop/productdetails/763349/latina-fresh-beef-tortellini-ragu-sauce,https://cdn0.woolworths.media/content/wowproductimages/medium/763349.jpg,2020-09-21 17:27:05,,0,,True
a52b92e1-fddf-4fb2-90b3-5702a356ff90,Woolworths Supermarket,"Dairy, Eggs & Fridge",Flora Proactiv Margarine Buttery 750g,763453,$10.00,$1.33 / 100G,https://www.woolworths.com.au/shop/productdetails/763453/flora-proactiv-margarine-buttery,https://cdn0.woolworths.media/content/wowproductimages/medium/763453.jpg,2020-09-21 17:27:05,,0,,True
9890795d-f5b4-4988-b1c0-4b6ab5669035,Woolworths Supermarket,"Dairy, Eggs & Fridge",Woolworths Mascarpone Cheese 250g,763671,$4.00,$16.00 / 1KG,https://www.woolworths.com.au/shop/productdetails/763671/woolworths-mascarpone-cheese,https://cdn0.woolworths.media/content/wowproductimages/medium/763671.jpg,2020-09-21 17:27:05,Average product rating out of 5: 4.6. Product score is based on 45 ratings,45,,True
c3f81b85-ac81-4766-bb1d-bf768775eb34,Woolworths Supermarket,"Dairy, Eggs & Fridge",Obela Hommus Smooth Classic 220g,765218,$4.00,$1.82 / 100G,https://www.woolworths.com.au/shop/productdetails/765218/obela-hommus-smooth-classic,https://cdn0.woolworths.media/content/wowproductimages/medium/765218.jpg,2020-09-21 17:27:05,,0,,True
da27d23b-368d-447c-ab69-ac34b55a6b6a,Woolworths Supermarket,"Dairy, Eggs & Fridge",Woolworths Fresh Lasagne Beef 400g,767946,$7.00,$1.75 / 100G,https://www.woolworths.com.au/shop/productdetails/767946/woolworths-fresh-lasagne-beef,https://cdn0.woolworths.media/content/wowproductimages/medium/767946.jpg,2020-09-21 17:27:05,Average product rating out of 5: 3.7. Product score is based on 281 ratings,281,,True
310378c2-87f3-4a7c-930a-5d6fc2580d6d,Woolworths Supermarket,"Dairy, Eggs & Fridge",Dairy Farmers Thick & Creamy Blueberry Yoghurt 150g,768000,$1.00,$0.67 / 100G,https://www.woolworths.com.au/shop/productdetails/768000/dairy-farmers-thick-creamy-blueberry-yoghurt,https://cdn0.woolworths.media/content/wowproductimages/medium/768000.jpg,2020-09-21 17:27:05,,0,,True
d7e6e6aa-0eeb-4e0b-9704-a3747bab7c99,Woolworths Supermarket,"Dairy, Eggs & Fridge",Dairy Farmers Thick & Creamy Yoghurt Lemon Cream 600g,768039,$4.50,$0.75 / 100G,https://www.woolworths.com.au/shop/productdetails/768039/dairy-farmers-thick-creamy-yoghurt-lemon-cream,https://cdn0.woolworths.media/content/wowproductimages/medium/768039.jpg,2020-09-21 17:27:05,,0,,True
2332663b-9d01-474c-9869-9948b7f14273,Woolworths Supermarket,"Dairy, Eggs & Fridge",Coon Cheese Slices Tasty 750g,187899,$10.00,$13.33 / 1KG,https://www.woolworths.com.au/shop/productdetails/187899/coon-cheese-slices-tasty,https://cdn0.woolworths.media/content/wowproductimages/medium/187899.jpg,2020-09-21 17:27:05,,0,Was $12.00 07/07/2020,True
13e1b2ee-dbc9-448b-a9ac-ab4c6e21891c,Woolworths Supermarket,"Dairy, Eggs & Fridge",Woolworths Drought Relief Full Cream Milk 3l,807384,$3.59,$1.20 / 1L,https://www.woolworths.com.au/shop/productdetails/807384/woolworths-drought-relief-full-cream-milk,https://cdn0.woolworths.media/content/wowproductimages/medium/807384.jpg,2020-09-21 17:27:05,,0,,True
5d8f4e48-4c52-4f6b-92c1-f34d3b255e6c,Woolworths Supermarket,"Dairy, Eggs & Fridge",Flora Proactiv Margarine Buttery 750g,763453,$10.00,$1.33 / 100G,https://www.woolworths.com.au/shop/productdetails/763453/flora-proactiv-margarine-buttery,https://cdn0.woolworths.media/content/wowproductimages/medium/763453.jpg,2020-09-21 17:27:05,,0,,True
184cf1e3-e1f4-4fe6-b6d0-ae825a2bd271,Woolworths Supermarket,"Dairy, Eggs & Fridge",A2 Full Cream Milk 2l,208064,$5.30,$2.65 / 1L,https://www.woolworths.com.au/shop/productdetails/208064/a2-full-cream-milk,https://cdn0.woolworths.media/content/wowproductimages/medium/208064.jpg,2020-09-21 17:27:05,,0,,True
5cf50abf-c7f0-4e8b-a1d0-7abc6813566c,Woolworths Supermarket,"Dairy, Eggs & Fridge",Woolworths Uht Full Cream Milk 1l,748595,$1.25,$1.25 / 1L,https://www.woolworths.com.au/shop/productdetails/748595/woolworths-uht-full-cream-milk,https://cdn0.woolworths.media/content/wowproductimages/medium/748595.jpg,2020-09-21 17:27:05,Average product rating out of 5: 4.9. Product score is based on 36 ratings,36,,True
5d59f077-256a-47fa-8d5c-2bd878f2719a,Woolworths Supermarket,"Dairy, Eggs & Fridge",Woolworths Baby Leaf Spinach 120g,524322,$3.00,$25.00 / 1KG,https://www.woolworths.com.au/shop/productdetails/524322/woolworths-baby-leaf-spinach,https://cdn0.woolworths.media/content/wowproductimages/medium/524322.jpg,2020-09-21 17:27:05,Average product rating out of 5: 4.7. Product score is based on 2842 ratings,2842,,True
c729d3cd-b194-43db-afb4-4af831be5b2d,Woolworths Supermarket,"Dairy, Eggs & Fridge",Woolworths Drought Relief Lite Milk 2l,807385,$2.39,$1.20 / 1L,https://www.woolworths.com.au/shop/productdetails/807385/woolworths-drought-relief-lite-milk,https://cdn0.woolworths.media/content/wowproductimages/medium/807385.jpg,2020-09-21 17:27:05,,0,,True
cac4b26f-d567-4dbc-ad64-5b60ecdfa7d7,Woolworths Supermarket,"Dairy, Eggs & Fridge",Woolworths Single Leaf Baby Spinach 280g,524336,$5.00,$17.86 / 1KG,https://www.woolworths.com.au/shop/productdetails/524336/woolworths-single-leaf-baby-spinach,https://cdn0.woolworths.media/content/wowproductimages/medium/524336.jpg,2020-09-21 17:27:05,Average product rating out of 5: 4.8. Product score is based on 532 ratings,532,,True
8f0a1e5c-4182-4911-9932-46867b79983e,Woolworths Supermarket,"Dairy, Eggs & Fridge",Woolworths Drought Relief Lite Milk 3l,807386,$3.59,$1.20 / 1L,https://www.woolworths.com.au/shop/productdetails/807386/woolworths-drought-relief-lite-milk,https://cdn0.woolworths.media/content/wowproductimages/medium/807386.jpg,2020-09-21 17:27:05,,0,,True
77fdf065-a668-4dec-aeb4-cb867f4d6efa,Woolworths Supermarket,"Dairy, Eggs & Fridge",Just 4 You 12 Extra Large Caged Eggs 700g,893974,$3.50,$0.50 / 100G,https://www.woolworths.com.au/shop/productdetails/893974/just-4-you-12-extra-large-caged-eggs,https://cdn0.woolworths.media/content/wowproductimages/medium/893974.jpg,2020-09-21 17:27:05,,0,,True
33578d40-6c26-4594-bae2-3333f8e754ae,Woolworths Supermarket,"Dairy, Eggs & Fridge",Woolworths Mozzarella Shredded Cheese 500g,728983,$6.00,$12.00 / 1KG,https://www.woolworths.com.au/shop/productdetails/728983/woolworths-mozzarella-shredded-cheese,https://cdn0.woolworths.media/content/wowproductimages/medium/728983.jpg,2020-09-21 17:27:05,Average product rating out of 5: 4.5. Product score is based on 469 ratings,469,,True
19b12c75-175e-4ed9-94bc-f3eadcfc8eec,Woolworths Supermarket,"Dairy, Eggs & Fridge",Woolworths Tasty Shredded Cheese 500g,729026,$6.00,$12.00 / 1KG,https://www.woolworths.com.au/shop/productdetails/729026/woolworths-tasty-shredded-cheese,https://cdn0.woolworths.media/content/wowproductimages/medium/729026.jpg,2020-09-21 17:27:05,Average product rating out of 5: 4.6. Product score is based on 500 ratings,500,,True
9719833e-85fa-41bb-9612-f4f448703a2f,Woolworths Supermarket,"Dairy, Eggs & Fridge",Western Star Original Spreadable 500g,069756,$6.00,$1.20 / 100G,https://www.woolworths.com.au/shop/productdetails/69756/western-star-original-spreadable,https://cdn0.woolworths.media/content/wowproductimages/medium/069756.jpg,2020-09-21 17:27:05,,0,,True
e054219e-776a-4944-8c13-657e96c6b9e9,Woolworths Supermarket,"Dairy, Eggs & Fridge",Hillview Cheese Block 1kg,500187,$8.00,$8.00 / 1KG,https://www.woolworths.com.au/shop/productdetails/500187/hillview-cheese-block,https://cdn0.woolworths.media/content/wowproductimages/medium/500187.jpg,2020-09-21 17:27:05,Average product rating out of 5: 4.5. Product score is based on 66 ratings,66,,True
d07b9b4a-8ce6-4279-bd16-0fd2268e13ca,Woolworths Supermarket,"Dairy, Eggs & Fridge",Woolworths Drought Relief Full Cream Milk 2l,807383,$2.39,$1.20 / 1L,https://www.woolworths.com.au/shop/productdetails/807383/woolworths-drought-relief-full-cream-milk,https://cdn0.woolworths.media/content/wowproductimages/medium/807383.jpg,2020-09-21 17:27:05,Average product rating out of 5: 4.7. Product score is based on 385 ratings,385,,True
880b3ad2-c6a8-4a5e-a6ef-a5c5b751d1eb,Woolworths Supermarket,"Dairy, Eggs & Fridge",Woolworths Thickened Cream 600ml,048720,$3.00,$0.50 / 100ML,https://www.woolworths.com.au/shop/productdetails/48720/woolworths-thickened-cream,https://cdn0.woolworths.media/content/wowproductimages/medium/048720.jpg,2020-09-21 17:27:05,Average product rating out of 5: 4.8. Product score is based on 740 ratings,740,,True
7fa0aea0-455e-4a9c-9313-0521f68d53e9,Woolworths Supermarket,"Dairy, Eggs & Fridge",Almond Breeze Unsweetened Almond Milk 1l,761604,$2.50,$2.50 / 1L,https://www.woolworths.com.au/shop/productdetails/761604/almond-breeze-unsweetened-almond-milk,https://cdn0.woolworths.media/content/wowproductimages/medium/761604.jpg,2020-09-21 17:27:05,,0,Was $3.25 13/03/2017,True
8c8573fd-3992-4393-b23d-66b2f4fed14b,Woolworths Supermarket,"Dairy, Eggs & Fridge",Hillview Tasty Shredded Cheese 700g,491820,$6.60,$9.43 / 1KG,https://www.woolworths.com.au/shop/productdetails/491820/hillview-tasty-shredded-cheese,https://cdn0.woolworths.media/content/wowproductimages/medium/491820.jpg,2020-09-21 17:27:05,Average product rating out of 5: 4.5. Product score is based on 48 ratings,48,,True
fa5683c7-0869-4d15-aa35-3e29ca78d3b2,Woolworths Supermarket,"Dairy, Eggs & Fridge",Woolworths Baby Spinach Salad Bag 60g,379515,$2.00,$33.33 / 1KG,https://www.woolworths.com.au/shop/productdetails/379515/woolworths-baby-spinach-salad-bag,https://cdn0.woolworths.media/content/wowproductimages/medium/379515.jpg,2020-09-21 17:27:05,Average product rating out of 5: 4.7. Product score is based on 725 ratings,725,,True
8028715b-bda3-4bd3-b807-d8f1139549a9,Woolworths Supermarket,"Dairy, Eggs & Fridge",A2 Light Milk 2l,208066,$5.30,$2.65 / 1L,https://www.woolworths.com.au/shop/productdetails/208066/a2-light-milk,https://cdn0.woolworths.media/content/wowproductimages/medium/208066.jpg,2020-09-21 17:27:05,,0,,True
7ec22f3e-b06d-43d9-9e62-3cac16244647,Woolworths Supermarket,"Dairy, Eggs & Fridge",Dairy Farmers Thick & Creamy Mango & Passionfruit Yoghurt 600g,768042,$4.50,$0.75 / 100G,https://www.woolworths.com.au/shop/productdetails/768042/dairy-farmers-thick-creamy-mango-passionfruit-yoghurt,https://cdn0.woolworths.media/content/wowproductimages/medium/768042.jpg,2020-09-21 17:27:05,,0,Was $5.70 10/01/2018,True
9c4d5dcc-7cf2-4519-b2dd-2e30d8013fef,Woolworths Supermarket,"Dairy, Eggs & Fridge",Dairy Farmers Lemon Cream Yoghurt 150g,768053,$1.00,$0.67 / 100G,https://www.woolworths.com.au/shop/productdetails/768053/dairy-farmers-lemon-cream-yoghurt,https://cdn0.woolworths.media/content/wowproductimages/medium/768053.jpg,2020-09-21 17:27:05,,0,,True
54810d36-5d21-419f-9898-ca1682a20afc,Woolworths Supermarket,"Dairy, Eggs & Fridge",Dairy Farmers Thick & Creamy Mango & Passionfruit Yoghurt 150g,768054,$1.00,$0.67 / 100G,https://www.woolworths.com.au/shop/productdetails/768054/dairy-farmers-thick-creamy-mango-passionfruit-yoghurt,https://cdn0.woolworths.media/content/wowproductimages/medium/768054.jpg,2020-09-21 17:27:05,,0,,True
b0a5892b-acb0-488f-8151-f2c0ba69709b,Woolworths Supermarket,"Dairy, Eggs & Fridge",Dairy Farmers Thick & Creamy Strawberry Yoghurt 150g,768057,$1.00,$0.67 / 100G,https://www.woolworths.com.au/shop/productdetails/768057/dairy-farmers-thick-creamy-strawberry-yoghurt,https://cdn0.woolworths.media/content/wowproductimages/medium/768057.jpg,2020-09-21 17:27:05,,0,,True
6cbbe165-b4ec-47d9-8d6b-a4a497ab991f,Woolworths Supermarket,"Dairy, Eggs & Fridge",Gippsland Twist Watermelon & Strawberry Yoghurt 160g,768081,$2.50,$1.56 / 100G,https://www.woolworths.com.au/shop/productdetails/768081/gippsland-twist-watermelon-strawberry-yoghurt,https://cdn0.woolworths.media/content/wowproductimages/medium/768081.jpg,2020-09-21 17:27:05,,0,Was $2.85 26/11/2018,True
049e3516-2659-459b-9d41-8e1910303d2b,Woolworths Supermarket,"Dairy, Eggs & Fridge",Dairy Farmers Thick & Creamy Strawberry Yoghurt 600g,768096,$4.50,$0.75 / 100G,https://www.woolworths.com.au/shop/productdetails/768096/dairy-farmers-thick-creamy-strawberry-yoghurt,https://cdn0.woolworths.media/content/wowproductimages/medium/768096.jpg,2020-09-21 17:27:05,,0,Was $5.70 10/01/2018,True
feb84965-c911-424d-bd13-68d944bbdc29,Woolworths Supermarket,"Dairy, Eggs & Fridge",Chobani No Fat Blueberry Yoghurt Pouch 140g,768097,$1.12,$0.80 / 100G,https://www.woolworths.com.au/shop/productdetails/768097/chobani-no-fat-blueberry-yoghurt-pouch,https://cdn0.woolworths.media/content/wowproductimages/medium/768097.jpg,2020-09-21 17:27:05,,0,,True
fdc1571e-67ba-43e2-8f01-b4fd0921dfa8,Woolworths Supermarket,"Dairy, Eggs & Fridge",Dairy Farmers Thick & Creamy Yellow Box Honey Yoghurt 150g,768112,$1.00,$0.67 / 100G,https://www.woolworths.com.au/shop/productdetails/768112/dairy-farmers-thick-creamy-yellow-box-honey-yoghurt,https://cdn0.woolworths.media/content/wowproductimages/medium/768112.jpg,2020-09-21 17:27:05,,0,,True
67d73043-eb47-4d32-b236-8700d268d979,Woolworths Supermarket,"Dairy, Eggs & Fridge",Dairy Farmers Thick & Creamy Caramelised Fig Yoghurt 150g,768121,$1.00,$0.67 / 100G,https://www.woolworths.com.au/shop/productdetails/768121/dairy-farmers-thick-creamy-caramelised-fig-yoghurt,https://cdn0.woolworths.media/content/wowproductimages/medium/768121.jpg,2020-09-21 17:27:05,,0,,True
52ff7b0c-bd8b-4b18-a90a-49a8bc6bcd10,Woolworths Supermarket,"Dairy, Eggs & Fridge",Chobani No Fat Strawberry Greek Yoghurt Pouch 140g,768123,$1.12,$0.80 / 100G,https://www.woolworths.com.au/shop/productdetails/768123/chobani-no-fat-strawberry-greek-yoghurt-pouch,https://cdn0.woolworths.media/content/wowproductimages/medium/768123.jpg,2020-09-21 17:27:05,,0,,True
2799a076-f5b7-4ba4-a7dd-d1a76cea933e,Woolworths Supermarket,"Dairy, Eggs & Fridge",Jalna Sweet & Creamy Greek Yoghurt 1kg,768154,$7.50,$0.75 / 100G,https://www.woolworths.com.au/shop/productdetails/768154/jalna-sweet-creamy-greek-yoghurt,https://cdn0.woolworths.media/content/wowproductimages/medium/768154.jpg,2020-09-21 17:27:05,,0,,True
97017e35-48f3-4127-bf6a-ab7c30e410b0,Woolworths Supermarket,"Dairy, Eggs & Fridge",Tablelands Dairy Free Buttery 500g,768229,$2.10,$0.42 / 100G,https://www.woolworths.com.au/shop/productdetails/768229/tablelands-dairy-free-buttery,https://cdn0.woolworths.media/content/wowproductimages/medium/768229.jpg,2020-09-21 17:27:05,,0,,True
f73328d8-7252-46a6-b8d8-f5f668a74409,Woolworths Supermarket,"Dairy, Eggs & Fridge",Flora Proactiv Light Margarine 750g,768519,$10.00,$1.33 / 100G,https://www.woolworths.com.au/shop/productdetails/768519/flora-proactiv-light-margarine,https://cdn0.woolworths.media/content/wowproductimages/medium/768519.jpg,2020-09-21 17:27:05,,0,,True
39a5de29-3917-4588-b551-d0dbecfcc100,Woolworths Supermarket,"Dairy, Eggs & Fridge",Dairyworks Colby Cheese & Rice Crackers 4x120g,769404,$4.50,$37.50 / 1KG,https://www.woolworths.com.au/shop/productdetails/769404/dairyworks-colby-cheese-rice-crackers,https://cdn0.woolworths.media/content/wowproductimages/medium/769404.jpg,2020-09-21 17:27:05,,0,Was $5.00 09/10/2018,True
887de72c-0b77-45cb-9717-cfa0d0ed640d,Woolworths Supermarket,"Dairy, Eggs & Fridge",Perfect Italiano 4 Cheese Melt 450g,769459,$7.65,$17.00 / 1KG,https://www.woolworths.com.au/shop/productdetails/769459/perfect-italiano-4-cheese-melt,https://cdn0.woolworths.media/content/wowproductimages/medium/769459.jpg,2020-09-21 17:27:05,,0,,True
4feb0708-377f-4a76-a045-5303bd1fee15,Woolworths Supermarket,"Dairy, Eggs & Fridge",Bega Strong & Bitey Vintage Cheese Slices 500g,769525,$9.00,$18.00 / 1KG,https://www.woolworths.com.au/shop/productdetails/769525/bega-strong-bitey-vintage-cheese-slices,https://cdn0.woolworths.media/content/wowproductimages/medium/769525.jpg,2020-09-21 17:27:05,,0,Was $10.00 06/01/2020,True
769d3970-6ef7-4ea1-83dd-14607bf94001,Woolworths Supermarket,"Dairy, Eggs & Fridge",Bega Cheese So Light Grated 500g,769526,$8.00,$16.00 / 1KG,https://www.woolworths.com.au/shop/productdetails/769526/bega-cheese-so-light-grated,https://cdn0.woolworths.media/content/wowproductimages/medium/769526.jpg,2020-09-21 17:27:05,,0,Was $8.20 04/11/2019,True
f4b473a4-51b0-4e53-af49-b33ee1f1a4a7,Woolworths Supermarket,"Dairy, Eggs & Fridge",Bega Tasty Cheese Slices 500g,769558,$9.00,$18.00 / 1KG,https://www.woolworths.com.au/shop/productdetails/769558/bega-tasty-cheese-slices,https://cdn0.woolworths.media/content/wowproductimages/medium/769558.jpg,2020-09-21 17:27:05,,0,Was $10.00 06/01/2020,True
12620702-cbbb-4d17-9164-f7e63f783e89,Woolworths Supermarket,"Dairy, Eggs & Fridge",Perfect Italiano Pizza Plus Cheese 450g,769584,$7.65,$17.00 / 1KG,https://www.woolworths.com.au/shop/productdetails/769584/perfect-italiano-pizza-plus-cheese,https://cdn0.woolworths.media/content/wowproductimages/medium/769584.jpg,2020-09-21 17:27:05,,0,,True
79c20b23-d92c-4669-b009-a9742c02054c,Woolworths Supermarket,"Dairy, Eggs & Fridge",Bega Tasty Grated Cheese 500g,769907,$8.00,$16.00 / 1KG,https://www.woolworths.com.au/shop/productdetails/769907/bega-tasty-grated-cheese,https://cdn0.woolworths.media/content/wowproductimages/medium/769907.jpg,2020-09-21 17:27:05,,0,Was $8.20 04/11/2019,True
081dfa95-27aa-4c3c-8225-c001dc24f0cb,Woolworths Supermarket,"Dairy, Eggs & Fridge",Sunny Queen 18 Large Free Range Eggs 900g,771237,$8.75,$0.97 / 100G,https://www.woolworths.com.au/shop/productdetails/771237/sunny-queen-18-large-free-range-eggs,https://cdn0.woolworths.media/content/wowproductimages/medium/771237.jpg,2020-09-21 17:27:05,,0,,True
c4ba627b-c07a-46e4-bd7a-a49097b99027,Woolworths Supermarket,"Dairy, Eggs & Fridge",Rokeby Farms Rokeby Farms Breakfast Smoothie Dutch Chocolate 425ml,771258,$4.00,$9.41 / 1L,https://www.woolworths.com.au/shop/productdetails/771258/rokeby-farms-rokeby-farms-breakfast-smoothie-dutch-chocolate,https://cdn0.woolworths.media/content/wowproductimages/medium/771258.jpg,2020-09-21 17:27:05,,0,,True
6de79918-04a2-4947-a1da-8055f2c0d7b6,Woolworths Supermarket,"Dairy, Eggs & Fridge",Truckle Brothers Mature Cheddar 200g,773931,$6.80,$34.00 / 1KG,https://www.woolworths.com.au/shop/productdetails/773931/truckle-brothers-mature-cheddar,https://cdn0.woolworths.media/content/wowproductimages/medium/773931.jpg,2020-09-21 17:27:05,,0,,True
f3fed770-4e9d-4cd9-960f-0f2772aefd85,Woolworths Supermarket,"Dairy, Eggs & Fridge",Truckle Brothers Smokey Cheddar 200g,773937,$6.80,$34.00 / 1KG,https://www.woolworths.com.au/shop/productdetails/773937/truckle-brothers-smokey-cheddar,https://cdn0.woolworths.media/content/wowproductimages/medium/773937.jpg,2020-09-21 17:27:05,,0,,True
1f4c13ae-b2bb-4fcc-9d30-9c818dfa04ae,Woolworths Supermarket,"Dairy, Eggs & Fridge",Perfect Italiano Shaved Parmesan 125g,360904,$3.25,$26.00 / 1KG,https://www.woolworths.com.au/shop/productdetails/360904/perfect-italiano-shaved-parmesan,https://cdn0.woolworths.media/content/wowproductimages/medium/360904.jpg,2020-09-21 17:27:05,,0,,True
57118e35-95b0-4fa6-a75a-60b18f7186b9,Woolworths Supermarket,"Dairy, Eggs & Fridge",Woolworths Drought Relief Full Cream Milk 3l,807384,$3.59,$1.20 / 1L,https://www.woolworths.com.au/shop/productdetails/807384/woolworths-drought-relief-full-cream-milk,https://cdn0.woolworths.media/content/wowproductimages/medium/807384.jpg,2020-09-21 17:27:05,,0,,True
3236b9a6-db09-4c19-8e87-d7db91b94c71,Woolworths Supermarket,"Dairy, Eggs & Fridge",Woolworths Thickened Cream 600ml,048720,$3.00,$0.50 / 100ML,https://www.woolworths.com.au/shop/productdetails/48720/woolworths-thickened-cream,https://cdn0.woolworths.media/content/wowproductimages/medium/048720.jpg,2020-09-21 17:27:05,Average product rating out of 5: 4.8. Product score is based on 740 ratings,740,,True
ff94a2d3-1590-4729-be85-3a76b7942b47,Woolworths Supermarket,"Dairy, Eggs & Fridge",Almond Breeze Unsweetened Almond Milk 1l,761604,$2.50,$2.50 / 1L,https://www.woolworths.com.au/shop/productdetails/761604/almond-breeze-unsweetened-almond-milk,https://cdn0.woolworths.media/content/wowproductimages/medium/761604.jpg,2020-09-21 17:27:05,,0,Was $3.25 13/03/2017,True
f5e7b536-6e21-4210-a21f-2e3c2100fa58,Woolworths Supermarket,"Dairy, Eggs & Fridge",Hillview Tasty Shredded Cheese 700g,491820,$6.60,$9.43 / 1KG,https://www.woolworths.com.au/shop/productdetails/491820/hillview-tasty-shredded-cheese,https://cdn0.woolworths.media/content/wowproductimages/medium/491820.jpg,2020-09-21 17:27:05,Average product rating out of 5: 4.5. Product score is based on 48 ratings,48,,True
12a405a3-29a8-4f74-a966-e701303550d2,Woolworths Supermarket,"Dairy, Eggs & Fridge",Woolworths Tasty Shredded Cheese 500g,729026,$6.00,$12.00 / 1KG,https://www.woolworths.com.au/shop/productdetails/729026/woolworths-tasty-shredded-cheese,https://cdn0.woolworths.media/content/wowproductimages/medium/729026.jpg,2020-09-21 17:27:05,Average product rating out of 5: 4.6. Product score is based on 500 ratings,500,,True
1d9f12ec-45ad-4c39-bba6-9ca6f541bd55,Woolworths Supermarket,"Dairy, Eggs & Fridge",Woolworths Mozzarella Shredded Cheese 500g,728983,$6.00,$12.00 / 1KG,https://www.woolworths.com.au/shop/productdetails/728983/woolworths-mozzarella-shredded-cheese,https://cdn0.woolworths.media/content/wowproductimages/medium/728983.jpg,2020-09-21 17:27:05,Average product rating out of 5: 4.5. Product score is based on 469 ratings,469,,True
f83131dd-0b0f-4f87-a360-433a607343c3,Woolworths Supermarket,"Dairy, Eggs & Fridge",Western Star Original Spreadable 500g,069756,$6.00,$1.20 / 100G,https://www.woolworths.com.au/shop/productdetails/69756/western-star-original-spreadable,https://cdn0.woolworths.media/content/wowproductimages/medium/069756.jpg,2020-09-21 17:27:05,,0,,True
d8445fc8-14da-46bd-b1f8-d41dcbee8974,Woolworths Supermarket,"Dairy, Eggs & Fridge",Hillview Cheese Block 1kg,500187,$8.00,$8.00 / 1KG,https://www.woolworths.com.au/shop/productdetails/500187/hillview-cheese-block,https://cdn0.woolworths.media/content/wowproductimages/medium/500187.jpg,2020-09-21 17:27:05,Average product rating out of 5: 4.5. Product score is based on 66 ratings,66,,True
fcd34c97-4e1f-4df9-af81-f4e589ef7121,Woolworths Supermarket,"Dairy, Eggs & Fridge",Woolworths Sour Cream 300ml,105609,$2.10,$0.70 / 100ML,https://www.woolworths.com.au/shop/productdetails/105609/woolworths-sour-cream,https://cdn0.woolworths.media/content/wowproductimages/medium/105609.jpg,2020-09-21 17:27:05,Average product rating out of 5: 4.5. Product score is based on 1353 ratings,1353,,True
00950146-9cb1-47d7-b195-437169a58583,Woolworths Supermarket,"Dairy, Eggs & Fridge",Woolworths Drought Relief Full Cream Milk 2l,807383,$2.39,$1.20 / 1L,https://www.woolworths.com.au/shop/productdetails/807383/woolworths-drought-relief-full-cream-milk,https://cdn0.woolworths.media/content/wowproductimages/medium/807383.jpg,2020-09-21 17:27:05,Average product rating out of 5: 4.7. Product score is based on 385 ratings,385,,True
cbcca1f2-d9b1-4d73-a1ce-7a2dae656846,Woolworths Supermarket,"Dairy, Eggs & Fridge",Woolworths Uht Full Cream Milk 1l,748595,$1.25,$1.25 / 1L,https://www.woolworths.com.au/shop/productdetails/748595/woolworths-uht-full-cream-milk,https://cdn0.woolworths.media/content/wowproductimages/medium/748595.jpg,2020-09-21 17:27:05,Average product rating out of 5: 4.9. Product score is based on 36 ratings,36,,True
95a556ac-23ff-4724-b7d6-6d399b7b1a86,Woolworths Supermarket,"Dairy, Eggs & Fridge",Woolworths Drought Relief Lite Milk 3l,807386,$3.59,$1.20 / 1L,https://www.woolworths.com.au/shop/productdetails/807386/woolworths-drought-relief-lite-milk,https://cdn0.woolworths.media/content/wowproductimages/medium/807386.jpg,2020-09-21 17:27:05,,0,,True
28ef3fae-f85c-4d90-b5b5-751a3be652fe,Woolworths Supermarket,"Dairy, Eggs & Fridge",Woolworths Baby Spinach Salad Bag 60g,379515,$2.00,$33.33 / 1KG,https://www.woolworths.com.au/shop/productdetails/379515/woolworths-baby-spinach-salad-bag,https://cdn0.woolworths.media/content/wowproductimages/medium/379515.jpg,2020-09-21 17:27:05,Average product rating out of 5: 4.7. Product score is based on 725 ratings,725,,True
20cc54e1-13f8-4acd-9c83-d42a9760bc5f,Woolworths Supermarket,"Dairy, Eggs & Fridge",Woolworths Baby Leaf Spinach 120g,524322,$3.00,$25.00 / 1KG,https://www.woolworths.com.au/shop/productdetails/524322/woolworths-baby-leaf-spinach,https://cdn0.woolworths.media/content/wowproductimages/medium/524322.jpg,2020-09-21 17:27:05,Average product rating out of 5: 4.7. Product score is based on 2842 ratings,2842,,True
76a1d9d8-695b-4a30-8e9c-d57a0015aaec,Woolworths Supermarket,"Dairy, Eggs & Fridge",Woolworths Thickened Cream 300ml,044317,$1.90,$0.63 / 100ML,https://www.woolworths.com.au/shop/productdetails/44317/woolworths-thickened-cream,https://cdn0.woolworths.media/content/wowproductimages/medium/044317.jpg,2020-09-21 17:27:05,Average product rating out of 5: 4.9. Product score is based on 629 ratings,629,,True
8cec4404-f895-4652-9e8c-fd5541202f22,Woolworths Supermarket,"Dairy, Eggs & Fridge",Woolworths Single Leaf Baby Spinach 280g,524336,$5.00,$17.86 / 1KG,https://www.woolworths.com.au/shop/productdetails/524336/woolworths-single-leaf-baby-spinach,https://cdn0.woolworths.media/content/wowproductimages/medium/524336.jpg,2020-09-21 17:27:05,Average product rating out of 5: 4.8. Product score is based on 532 ratings,532,,True
756165ed-17d8-4b56-be60-5b35a08b75bd,Woolworths Supermarket,"Dairy, Eggs & Fridge",Woolworths Drought Relief Lite Milk 2l,807385,$2.39,$1.20 / 1L,https://www.woolworths.com.au/shop/productdetails/807385/woolworths-drought-relief-lite-milk,https://cdn0.woolworths.media/content/wowproductimages/medium/807385.jpg,2020-09-21 17:27:05,,0,,True
901d0cb9-3f53-458e-bd59-bd7c9b9ec0ce,Woolworths Supermarket,"Dairy, Eggs & Fridge",Perfect Italiano Extra Sharp Grated Parmesan 125g,302306,$3.25,$26.00 / 1KG,https://www.woolworths.com.au/shop/productdetails/302306/perfect-italiano-extra-sharp-grated-parmesan,https://cdn0.woolworths.media/content/wowproductimages/medium/302306.jpg,2020-09-21 17:27:05,,0,,True
1497201d-30da-41c3-9dd3-f39720173793,Woolworths Supermarket,"Dairy, Eggs & Fridge",Just 4 You 12 Extra Large Caged Eggs 700g,893974,$3.50,$0.50 / 100G,https://www.woolworths.com.au/shop/productdetails/893974/just-4-you-12-extra-large-caged-eggs,https://cdn0.woolworths.media/content/wowproductimages/medium/893974.jpg,2020-09-21 17:27:05,,0,,True
4bc3ad23-06bf-4081-b3c3-52f002c8652d,Woolworths Supermarket,"Dairy, Eggs & Fridge",King Island Roaring 40s Blue Cheese 120g,774405,$8.50,$70.83 / 1KG,https://www.woolworths.com.au/shop/productdetails/774405/king-island-roaring-40s-blue-cheese,https://cdn0.woolworths.media/content/wowproductimages/medium/774405.jpg,2020-09-21 17:27:05,,0,,True
2a9b3647-ca6c-4c72-be53-405baadaa5db,Woolworths Supermarket,"Dairy, Eggs & Fridge",Liddells Lactose Free Colby Cheese Slices 250g,776469,$6.50,$26.00 / 1KG,https://www.woolworths.com.au/shop/productdetails/776469/liddells-lactose-free-colby-cheese-slices,https://cdn0.woolworths.media/content/wowproductimages/medium/776469.jpg,2020-09-21 17:27:05,,0,,True
c9b18833-d830-4ea1-9a4d-7866e1667c9c,Woolworths Supermarket,"Dairy, Eggs & Fridge",Dairy Farmers Thick & Creamy Classic Vanilla Yoghurt 150g,777320,$1.00,$0.67 / 100G,https://www.woolworths.com.au/shop/productdetails/777320/dairy-farmers-thick-creamy-classic-vanilla-yoghurt,https://cdn0.woolworths.media/content/wowproductimages/medium/777320.jpg,2020-09-21 17:27:05,,0,,True
c3631801-e118-4b83-9bb8-e36edcce6b19,Woolworths Supermarket,"Dairy, Eggs & Fridge",Dairy Farmers Thick & Creamy Classic Vanilla Yoghurt 600g,777321,$4.50,$0.75 / 100G,https://www.woolworths.com.au/shop/productdetails/777321/dairy-farmers-thick-creamy-classic-vanilla-yoghurt,https://cdn0.woolworths.media/content/wowproductimages/medium/777321.jpg,2020-09-21 17:27:05,,0,Was $5.70 10/01/2018,True
c1b1a36d-0406-43b0-b60d-4de39e591074,Woolworths Supermarket,"Dairy, Eggs & Fridge",Woolworths Fresh Pea & Ham Soup 300g,778327,$3.00,$1.00 / 100G,https://www.woolworths.com.au/shop/productdetails/778327/woolworths-fresh-pea-ham-soup,https://cdn0.woolworths.media/content/wowproductimages/medium/778327.jpg,2020-09-21 17:27:05,Average product rating out of 5: 3.9. Product score is based on 279 ratings,279,4 for $10.00 $0.83/100G,True
0684d5c7-c009-4fe0-8033-b81e91b3c373,Woolworths Supermarket,"Dairy, Eggs & Fridge",Woolworths Soy Milk 1l,779130,$1.15,$1.15 / 1L,https://www.woolworths.com.au/shop/productdetails/779130/woolworths-soy-milk,https://cdn0.woolworths.media/content/wowproductimages/medium/779130.jpg,2020-09-21 17:27:05,Average product rating out of 5: 4.3. Product score is based on 46 ratings,46,,True
7684fb1d-dde4-4ea7-8685-5e8e33dc9920,Woolworths Supermarket,"Dairy, Eggs & Fridge",Woolworths Unsweetened Almond Milk 1l,779134,$2.00,$2.00 / 1L,https://www.woolworths.com.au/shop/productdetails/779134/woolworths-unsweetened-almond-milk,https://cdn0.woolworths.media/content/wowproductimages/medium/779134.jpg,2020-09-21 17:27:05,Average product rating out of 5: 4.0. Product score is based on 272 ratings,272,,True
06414582-23e5-45af-b96b-e106cb3bfe16,Woolworths Supermarket,"Dairy, Eggs & Fridge",Woolworths Pumpkin Parmesan Risotto 300g,779293,$4.00,$1.33 / 100G,https://www.woolworths.com.au/shop/productdetails/779293/woolworths-pumpkin-parmesan-risotto,https://cdn0.woolworths.media/content/wowproductimages/medium/779293.jpg,2020-09-21 17:27:05,,0,,True
cde3af95-0342-447a-b49b-d0201fdaa56c,Woolworths Supermarket,"Dairy, Eggs & Fridge",Obela Grab & Go Classic Hommus 125g,780071,$3.00,$2.40 / 100G,https://www.woolworths.com.au/shop/productdetails/780071/obela-grab-go-classic-hommus,https://cdn0.woolworths.media/content/wowproductimages/medium/780071.jpg,2020-09-21 17:27:05,,0,5 for $10.00,True
e8231df7-beaa-40ea-bd87-99f7a14eafc4,Woolworths Supermarket,"Dairy, Eggs & Fridge",Obela Grab & Go Roast Capsicum Hommus 125g,780072,$3.00,$2.40 / 100G,https://www.woolworths.com.au/shop/productdetails/780072/obela-grab-go-roast-capsicum-hommus,https://cdn0.woolworths.media/content/wowproductimages/medium/780072.jpg,2020-09-21 17:27:05,,0,5 for $10.00,True
d6d2abde-fa98-4887-8c47-60eb993476c7,Woolworths Supermarket,"Dairy, Eggs & Fridge",Woolworths Whole Fresh Beetroot 250g pack,780371,$3.00,$12.00 / 1KG,https://www.woolworths.com.au/shop/productdetails/780371/woolworths-whole-fresh-beetroot,https://cdn0.woolworths.media/content/wowproductimages/medium/780371.jpg,2020-09-21 17:27:05,Average product rating out of 5: 4.0. Product score is based on 567 ratings,567,,True
17b43765-8e2b-4d2b-9207-c4e31aa3c305,Woolworths Supermarket,"Dairy, Eggs & Fridge",Woolworths Whole Fresh Beetroot 500g punnet,780372,$5.00,$10.00 / 1KG,https://www.woolworths.com.au/shop/productdetails/780372/woolworths-whole-fresh-beetroot,https://cdn0.woolworths.media/content/wowproductimages/medium/780372.jpg,2020-09-21 17:27:05,,0,,True
ba3509dc-88d8-4460-800b-974b40fda769,Woolworths Supermarket,"Dairy, Eggs & Fridge",Perfect Italiano Grated Mozzarella Cheese 450g,780390,$7.65,$17.00 / 1KG,https://www.woolworths.com.au/shop/productdetails/780390/perfect-italiano-grated-mozzarella-cheese,https://cdn0.woolworths.media/content/wowproductimages/medium/780390.jpg,2020-09-21 17:27:05,,0,,True
6a528daf-5a7c-4e20-b0cc-91671a139f2e,Woolworths Supermarket,"Dairy, Eggs & Fridge",Woolworths Creamed Cottage Cheese 500g,780717,$4.00,$8.00 / 1KG,https://www.woolworths.com.au/shop/productdetails/780717/woolworths-creamed-cottage-cheese,https://cdn0.woolworths.media/content/wowproductimages/medium/780717.jpg,2020-09-21 17:27:05,Average product rating out of 5: 4.2. Product score is based on 261 ratings,261,,True
b67eddf4-6602-4e08-92c8-e8eff53cf138,Woolworths Supermarket,"Dairy, Eggs & Fridge",Jase's Kitchen Pizza Base 2 pack,780861,$3.25,$0.54 / 100G,https://www.woolworths.com.au/shop/productdetails/780861/jase-s-kitchen-pizza-base,https://cdn0.woolworths.media/content/wowproductimages/medium/780861.jpg,2020-09-21 17:27:05,,0,,True
e60e0b61-908c-4c44-82fb-547a1e59507b,Woolworths Supermarket,"Dairy, Eggs & Fridge",Pauls Zymil Lactose Free Full Cream Milk 2l,785722,$5.60,$2.80 / 1L,https://www.woolworths.com.au/shop/productdetails/785722/pauls-zymil-lactose-free-full-cream-milk,https://cdn0.woolworths.media/content/wowproductimages/medium/785722.jpg,2020-09-21 17:27:05,,0,,True
3cc94a9f-68d5-4f1e-ab84-fabf2a6a0701,Woolworths Supermarket,"Dairy, Eggs & Fridge",Woolworths Light Cheese & Crackers 4 pack,787427,$4.00,$33.33 / 1KG,https://www.woolworths.com.au/shop/productdetails/787427/woolworths-light-cheese-crackers,https://cdn0.woolworths.media/content/wowproductimages/medium/787427.jpg,2020-09-21 17:27:05,Average product rating out of 5: 4.0. Product score is based on 710 ratings,710,,True
f1286743-36bf-48d4-88e0-f82bffa96625,Woolworths Supermarket,"Dairy, Eggs & Fridge",Woolworths Tasty Cheese & Crackers 4 pack,787428,$4.00,$33.33 / 1KG,https://www.woolworths.com.au/shop/productdetails/787428/woolworths-tasty-cheese-crackers,https://cdn0.woolworths.media/content/wowproductimages/medium/787428.jpg,2020-09-21 17:27:05,Average product rating out of 5: 4.4. Product score is based on 398 ratings,398,,True
3a01fa95-24c8-4f2a-948f-bf415bef87c7,Woolworths Supermarket,"Dairy, Eggs & Fridge",Woolworths Extra Tasty Cheese & Crackers 4 pack,787429,$4.00,$33.33 / 1KG,https://www.woolworths.com.au/shop/productdetails/787429/woolworths-extra-tasty-cheese-crackers,https://cdn0.woolworths.media/content/wowproductimages/medium/787429.jpg,2020-09-21 17:27:05,Average product rating out of 5: 4.3. Product score is based on 677 ratings,677,,True
c17e26cf-a7a1-4417-86d4-959a35da90e6,Woolworths Supermarket,"Dairy, Eggs & Fridge",Obela Hommus Garnished With Zesty Jalapenos 220g,787650,$4.50,$2.05 / 100G,https://www.woolworths.com.au/shop/productdetails/787650/obela-hommus-garnished-with-zesty-jalapenos,https://cdn0.woolworths.media/content/wowproductimages/medium/787650.jpg,2020-09-21 17:27:05,,0,2 for $7.00,True
25212839-9780-4c2e-9cc4-999a237d175b,Woolworths Supermarket,"Dairy, Eggs & Fridge",Obela Hommus Garnished With Roasted Pinenut 220g,787662,$4.50,$2.05 / 100G,https://www.woolworths.com.au/shop/productdetails/787662/obela-hommus-garnished-with-roasted-pinenut,https://cdn0.woolworths.media/content/wowproductimages/medium/787662.jpg,2020-09-21 17:27:05,,0,2 for $7.00,True
016680b9-28f7-4214-92b0-1a1929aa13f5,Woolworths Supermarket,"Dairy, Eggs & Fridge",Rokeby Farms Rokeby Farms Breakfast Smoothie Banana 425ml,788553,$4.00,$9.41 / 1L,https://www.woolworths.com.au/shop/productdetails/788553/rokeby-farms-rokeby-farms-breakfast-smoothie-banana,https://cdn0.woolworths.media/content/wowproductimages/medium/788553.jpg,2020-09-21 17:27:05,,0,,True
9dbe68f7-ee66-4d18-9118-1cdad7a6dcc3,Woolworths Supermarket,"Dairy, Eggs & Fridge",Riverina Fresh Lactose Free Full Cream Milk 2l,789208,$4.40,$2.20 / 1L,https://www.woolworths.com.au/shop/productdetails/789208/riverina-fresh-lactose-free-full-cream-milk,https://cdn0.woolworths.media/content/wowproductimages/medium/789208.jpg,2020-09-21 17:27:05,,0,,True
a9f01f34-0513-469e-8542-4c57d7e81c3f,Woolworths Supermarket,"Dairy, Eggs & Fridge",Woolworths Full Cream Milk Powder 1kg,789357,$5.70,$0.57 / 100G,https://www.woolworths.com.au/shop/productdetails/789357/woolworths-full-cream-milk-powder,https://cdn0.woolworths.media/content/wowproductimages/medium/789357.jpg,2020-09-21 17:27:05,Average product rating out of 5: 4.1. Product score is based on 630 ratings,630,,True
94f60419-6ddc-4de9-bfa7-9fe6adec88c0,Woolworths Supermarket,"Dairy, Eggs & Fridge",Perfect Italiano Shaved Parmesan 125g,360904,$3.25,$26.00 / 1KG,https://www.woolworths.com.au/shop/productdetails/360904/perfect-italiano-shaved-parmesan,https://cdn0.woolworths.media/content/wowproductimages/medium/360904.jpg,2020-09-21 17:27:05,,0,,True
362a3170-9468-4204-9f6f-209e1febabb5,Woolworths Supermarket,"Dairy, Eggs & Fridge",Perfect Italiano Extra Sharp Grated Parmesan 125g,302306,$3.25,$26.00 / 1KG,https://www.woolworths.com.au/shop/productdetails/302306/perfect-italiano-extra-sharp-grated-parmesan,https://cdn0.woolworths.media/content/wowproductimages/medium/302306.jpg,2020-09-21 17:27:05,,0,,True
9e882544-3559-497b-a758-cb8f7d669c0e,Woolworths Supermarket,"Dairy, Eggs & Fridge",Just 4 You 12 Extra Large Caged Eggs 700g,893974,$3.50,$0.50 / 100G,https://www.woolworths.com.au/shop/productdetails/893974/just-4-you-12-extra-large-caged-eggs,https://cdn0.woolworths.media/content/wowproductimages/medium/893974.jpg,2020-09-21 17:27:05,,0,,True
e125918a-d3ab-4b3b-b148-9969c4e2ec73,Woolworths Supermarket,"Dairy, Eggs & Fridge",Woolworths Drought Relief Full Cream Milk 3l,807384,$3.59,$1.20 / 1L,https://www.woolworths.com.au/shop/productdetails/807384/woolworths-drought-relief-full-cream-milk,https://cdn0.woolworths.media/content/wowproductimages/medium/807384.jpg,2020-09-21 17:27:05,,0,,True
244c2f5e-f1cc-4440-90da-cec02ef3485d,Woolworths Supermarket,"Dairy, Eggs & Fridge",Woolworths Drought Relief Lite Milk 2l,807385,$2.39,$1.20 / 1L,https://www.woolworths.com.au/shop/productdetails/807385/woolworths-drought-relief-lite-milk,https://cdn0.woolworths.media/content/wowproductimages/medium/807385.jpg,2020-09-21 17:27:05,,0,,True
93716975-6a96-47f7-a92a-018d85561400,Woolworths Supermarket,"Dairy, Eggs & Fridge",Woolworths Drought Relief Lite Milk 3l,807386,$3.59,$1.20 / 1L,https://www.woolworths.com.au/shop/productdetails/807386/woolworths-drought-relief-lite-milk,https://cdn0.woolworths.media/content/wowproductimages/medium/807386.jpg,2020-09-21 17:27:05,,0,,True
06e34afa-e025-491e-a079-33dfbfd2afba,Woolworths Supermarket,"Dairy, Eggs & Fridge",Hillview Cheese Block 1kg,500187,$8.00,$8.00 / 1KG,https://www.woolworths.com.au/shop/productdetails/500187/hillview-cheese-block,https://cdn0.woolworths.media/content/wowproductimages/medium/500187.jpg,2020-09-21 17:27:05,Average product rating out of 5: 4.5. Product score is based on 66 ratings,66,,True
37a24922-eb71-47ac-9867-4227a217bd98,Woolworths Supermarket,"Dairy, Eggs & Fridge",Woolworths Baby Leaf Spinach 120g,524322,$3.00,$25.00 / 1KG,https://www.woolworths.com.au/shop/productdetails/524322/woolworths-baby-leaf-spinach,https://cdn0.woolworths.media/content/wowproductimages/medium/524322.jpg,2020-09-21 17:27:05,Average product rating out of 5: 4.7. Product score is based on 2842 ratings,2842,,True
4fb13f3a-5a61-45a1-9851-c1f2480a765e,Woolworths Supermarket,"Dairy, Eggs & Fridge",Woolworths Uht Full Cream Milk 1l,748595,$1.25,$1.25 / 1L,https://www.woolworths.com.au/shop/productdetails/748595/woolworths-uht-full-cream-milk,https://cdn0.woolworths.media/content/wowproductimages/medium/748595.jpg,2020-09-21 17:27:05,Average product rating out of 5: 4.9. Product score is based on 36 ratings,36,,True
582edad3-a189-4922-b77d-56aae447149a,Woolworths Supermarket,"Dairy, Eggs & Fridge",Almond Breeze Unsweetened Almond Milk 1l,761604,$2.50,$2.50 / 1L,https://www.woolworths.com.au/shop/productdetails/761604/almond-breeze-unsweetened-almond-milk,https://cdn0.woolworths.media/content/wowproductimages/medium/761604.jpg,2020-09-21 17:27:05,,0,Was $3.25 13/03/2017,True
c83039fa-2217-43a2-8e3d-38dc5ef4b878,Woolworths Supermarket,"Dairy, Eggs & Fridge",Woolworths Sour Cream 300ml,105609,$2.10,$0.70 / 100ML,https://www.woolworths.com.au/shop/productdetails/105609/woolworths-sour-cream,https://cdn0.woolworths.media/content/wowproductimages/medium/105609.jpg,2020-09-21 17:27:05,Average product rating out of 5: 4.5. Product score is based on 1353 ratings,1353,,True
e2725cce-1b3b-46f0-abe2-b9dbcb64dc30,Woolworths Supermarket,"Dairy, Eggs & Fridge",Western Star Original Spreadable 500g,069756,$6.00,$1.20 / 100G,https://www.woolworths.com.au/shop/productdetails/69756/western-star-original-spreadable,https://cdn0.woolworths.media/content/wowproductimages/medium/069756.jpg,2020-09-21 17:27:05,,0,,True
4c5a25d4-8270-4c15-8f58-3af9523ae3c7,Woolworths Supermarket,"Dairy, Eggs & Fridge",Woolworths Baby Spinach Salad Bag 60g,379515,$2.00,$33.33 / 1KG,https://www.woolworths.com.au/shop/productdetails/379515/woolworths-baby-spinach-salad-bag,https://cdn0.woolworths.media/content/wowproductimages/medium/379515.jpg,2020-09-21 17:27:05,Average product rating out of 5: 4.7. Product score is based on 725 ratings,725,,True
fbbde230-0374-42d4-adbb-95af3047e8f4,Woolworths Supermarket,"Dairy, Eggs & Fridge",Woolworths Tasty Shredded Cheese 500g,729026,$6.00,$12.00 / 1KG,https://www.woolworths.com.au/shop/productdetails/729026/woolworths-tasty-shredded-cheese,https://cdn0.woolworths.media/content/wowproductimages/medium/729026.jpg,2020-09-21 17:27:05,Average product rating out of 5: 4.6. Product score is based on 500 ratings,500,,True
9dd86b82-8548-463e-834f-b3b01c299122,Woolworths Supermarket,"Dairy, Eggs & Fridge",Hillview Tasty Shredded Cheese 700g,491820,$6.60,$9.43 / 1KG,https://www.woolworths.com.au/shop/productdetails/491820/hillview-tasty-shredded-cheese,https://cdn0.woolworths.media/content/wowproductimages/medium/491820.jpg,2020-09-21 17:27:05,Average product rating out of 5: 4.5. Product score is based on 48 ratings,48,,True
774adb70-7dce-4f9b-8f8b-1ab03b08ff21,Woolworths Supermarket,"Dairy, Eggs & Fridge",Woolworths Thickened Cream 300ml,044317,$1.90,$0.63 / 100ML,https://www.woolworths.com.au/shop/productdetails/44317/woolworths-thickened-cream,https://cdn0.woolworths.media/content/wowproductimages/medium/044317.jpg,2020-09-21 17:27:05,Average product rating out of 5: 4.9. Product score is based on 629 ratings,629,,True
af768352-2fd0-4915-8b7f-439b43a5cf10,Woolworths Supermarket,"Dairy, Eggs & Fridge",Woolworths Drought Relief Full Cream Milk 2l,807383,$2.39,$1.20 / 1L,https://www.woolworths.com.au/shop/productdetails/807383/woolworths-drought-relief-full-cream-milk,https://cdn0.woolworths.media/content/wowproductimages/medium/807383.jpg,2020-09-21 17:27:05,Average product rating out of 5: 4.7. Product score is based on 385 ratings,385,,True
83f7abad-ed15-4e70-9d92-3c5f6ea21d2c,Woolworths Supermarket,"Dairy, Eggs & Fridge",Woolworths Mozzarella Shredded Cheese 500g,728983,$6.00,$12.00 / 1KG,https://www.woolworths.com.au/shop/productdetails/728983/woolworths-mozzarella-shredded-cheese,https://cdn0.woolworths.media/content/wowproductimages/medium/728983.jpg,2020-09-21 17:27:05,Average product rating out of 5: 4.5. Product score is based on 469 ratings,469,,True
c9e81233-6b8f-4fac-bb15-7e28a5e2db7d,Woolworths Supermarket,"Dairy, Eggs & Fridge",Woolworths Single Leaf Baby Spinach 280g,524336,$5.00,$17.86 / 1KG,https://www.woolworths.com.au/shop/productdetails/524336/woolworths-single-leaf-baby-spinach,https://cdn0.woolworths.media/content/wowproductimages/medium/524336.jpg,2020-09-21 17:27:05,Average product rating out of 5: 4.8. Product score is based on 532 ratings,532,,True
8dca4b30-eb20-48c0-9a86-92bcaa282bf1,Woolworths Supermarket,"Dairy, Eggs & Fridge",Woolworths Thickened Cream 600ml,048720,$3.00,$0.50 / 100ML,https://www.woolworths.com.au/shop/productdetails/48720/woolworths-thickened-cream,https://cdn0.woolworths.media/content/wowproductimages/medium/048720.jpg,2020-09-21 17:27:05,Average product rating out of 5: 4.8. Product score is based on 740 ratings,740,,True
8d63adea-f93c-4747-b653-4b88ca7734a8,Woolworths Supermarket,"Dairy, Eggs & Fridge",Woolworths Skim Milk Powder 1kg,789358,$5.70,$0.57 / 100G,https://www.woolworths.com.au/shop/productdetails/789358/woolworths-skim-milk-powder,https://cdn0.woolworths.media/content/wowproductimages/medium/789358.jpg,2020-09-21 17:27:05,,0,,True
35768cf0-7b4c-47a1-9bb3-1e2d90aa31d2,Woolworths Supermarket,"Dairy, Eggs & Fridge",Farmers Union Greek Yogurt 4pk,790041,$5.00,$0.78 / 100G,https://www.woolworths.com.au/shop/productdetails/790041/farmers-union-greek-yogurt,https://cdn0.woolworths.media/content/wowproductimages/medium/790041.jpg,2020-09-21 17:27:05,,0,,True
ff75955f-6222-483b-a46b-dc3e8fb86b28,Woolworths Supermarket,"Dairy, Eggs & Fridge",Five:am Organic Squeezy Strawberry Yoghurt 120g pouch,790185,$2.00,$1.67 / 100G,https://www.woolworths.com.au/shop/productdetails/790185/five-am-organic-squeezy-strawberry-yoghurt,https://cdn0.woolworths.media/content/wowproductimages/medium/790185.jpg,2020-09-21 17:27:05,,0,,True
62b210c7-a3b2-497a-931f-81163c725a9e,Woolworths Supermarket,"Dairy, Eggs & Fridge",Five:am Organic Vanilla Bean Yoghurt Pouch 120g,790203,$2.00,$1.67 / 100G,https://www.woolworths.com.au/shop/productdetails/790203/five-am-organic-vanilla-bean-yoghurt-pouch,https://cdn0.woolworths.media/content/wowproductimages/medium/790203.jpg,2020-09-21 17:27:05,,0,,True
0f906ecf-bfa7-4e0b-87a3-90b8194276e2,Woolworths Supermarket,"Dairy, Eggs & Fridge",Gippsland Toffee Honeycomb Yoghurt 720g,790297,$7.00,$0.97 / 100G,https://www.woolworths.com.au/shop/productdetails/790297/gippsland-toffee-honeycomb-yoghurt,https://cdn0.woolworths.media/content/wowproductimages/medium/790297.jpg,2020-09-21 17:27:05,,0,,True
85fed5a5-e66e-4fce-be3a-b45aa5ffb2b1,Woolworths Supermarket,"Dairy, Eggs & Fridge",Chobani Coconut Yoghurt 170g,790314,$1.80,$1.06 / 100G,https://www.woolworths.com.au/shop/productdetails/790314/chobani-coconut-yoghurt,https://cdn0.woolworths.media/content/wowproductimages/medium/790314.jpg,2020-09-21 17:27:05,,0,Was $2.00 26/04/2020,True
855a6f99-174d-4081-858d-c3352f01b630,Woolworths Supermarket,"Dairy, Eggs & Fridge",Barista Bros Iced Coffee 500ml,791215,$3.00,$6.00 / 1L,https://www.woolworths.com.au/shop/productdetails/791215/barista-bros-iced-coffee,https://cdn0.woolworths.media/content/wowproductimages/medium/791215.jpg,2020-09-21 17:27:05,,0,,True
a50e0a68-fcb4-4e60-9f34-aeb00f6d6e1b,Woolworths Supermarket,"Dairy, Eggs & Fridge",Barista Bros Iced Chocolate 500ml,791219,$3.00,$6.00 / 1L,https://www.woolworths.com.au/shop/productdetails/791219/barista-bros-iced-chocolate,https://cdn0.woolworths.media/content/wowproductimages/medium/791219.jpg,2020-09-21 17:27:05,,0,,True
75adb74e-6f16-48f7-b086-d7193a6e0d52,Woolworths Supermarket,"Dairy, Eggs & Fridge",Kraft Cheese Singles Original 12pk 216g,791361,$4.15,$19.21 / 1KG,https://www.woolworths.com.au/shop/productdetails/791361/kraft-cheese-singles-original,https://cdn0.woolworths.media/content/wowproductimages/medium/791361.jpg,2020-09-21 17:27:05,,0,,True
96d1a921-7268-414a-826c-51adff15b7d5,Woolworths Supermarket,"Dairy, Eggs & Fridge",Kraft Singles Original 24pk 432g,791364,$7.50,$17.36 / 1KG,https://www.woolworths.com.au/shop/productdetails/791364/kraft-singles-original,https://cdn0.woolworths.media/content/wowproductimages/medium/791364.jpg,2020-09-21 17:27:05,,0,,True
8430f327-8a19-4156-8d89-af05d0f46f63,Woolworths Supermarket,"Dairy, Eggs & Fridge",Kraft Light Cheese Singles 432g,791784,$7.50,$17.36 / 1KG,https://www.woolworths.com.au/shop/productdetails/791784/kraft-light-cheese-singles,https://cdn0.woolworths.media/content/wowproductimages/medium/791784.jpg,2020-09-21 17:27:05,,0,,True
4eea4875-2b1b-4529-ab6f-17ce75574972,Woolworths Supermarket,"Dairy, Eggs & Fridge",Wicked Sister Coconut Pudding 2x170g,793002,$3.20,$0.94 / 100G,https://www.woolworths.com.au/shop/productdetails/793002/wicked-sister-coconut-pudding,https://cdn0.woolworths.media/content/wowproductimages/medium/793002.jpg,2020-09-21 17:27:05,,0,,True
f7ce9312-3908-4158-b61d-6bbaee6aeecb,Woolworths Supermarket,"Dairy, Eggs & Fridge",Wicked Sister Vanilla Bean Rice Pudding 2x170g,793013,$3.20,$0.94 / 100G,https://www.woolworths.com.au/shop/productdetails/793013/wicked-sister-vanilla-bean-rice-pudding,https://cdn0.woolworths.media/content/wowproductimages/medium/793013.jpg,2020-09-21 17:27:05,,0,,True
f012bb3c-6324-4efe-a190-5ec5c9298081,Woolworths Supermarket,"Dairy, Eggs & Fridge",Wicked Sister Vanilla Bean Creme Caramel 2x150g,793015,$3.20,$1.07 / 100G,https://www.woolworths.com.au/shop/productdetails/793015/wicked-sister-vanilla-bean-creme-caramel,https://cdn0.woolworths.media/content/wowproductimages/medium/793015.jpg,2020-09-21 17:27:05,,0,,True
6de57c5e-71ce-48a0-95e9-8d73fe17573f,Woolworths Supermarket,"Dairy, Eggs & Fridge",Woolworths Creamy Potato Salad 800g,793189,$6.50,$0.81 / 100G,https://www.woolworths.com.au/shop/productdetails/793189/woolworths-creamy-potato-salad,https://cdn0.woolworths.media/content/wowproductimages/medium/793189.jpg,2020-09-21 17:27:05,Average product rating out of 5: 3.6. Product score is based on 988 ratings,988,Was $7.00 26/10/2017,True
3522b99f-4c2e-455d-a3a2-e3c3cdb439af,Woolworths Supermarket,"Dairy, Eggs & Fridge",Woolworths Creamy Potato Salad 400g,793191,$4.50,$1.13 / 100G,https://www.woolworths.com.au/shop/productdetails/793191/woolworths-creamy-potato-salad,https://cdn0.woolworths.media/content/wowproductimages/medium/793191.jpg,2020-09-21 17:27:05,,0,Was $4.99 26/10/2017,True
36476137-6df9-455b-ad80-a57263479bb7,Woolworths Supermarket,"Dairy, Eggs & Fridge",Woolworths Creamy Pasta Salad 400g,793193,$4.50,$1.13 / 100G,https://www.woolworths.com.au/shop/productdetails/793193/woolworths-creamy-pasta-salad,https://cdn0.woolworths.media/content/wowproductimages/medium/793193.jpg,2020-09-21 17:27:05,Average product rating out of 5: 4.3. Product score is based on 755 ratings,755,Was $4.99 26/10/2017,True
8d6ec251-4d6d-4cec-bf6e-fad186ebd23b,Woolworths Supermarket,"Dairy, Eggs & Fridge",Sanitarium So Good Long Life Unsweetened Almond Coconut Milk 1l,793384,$1.35,$1.35 / 1L,https://www.woolworths.com.au/shop/productdetails/793384/sanitarium-so-good-long-life-unsweetened-almond-coconut-milk,https://cdn0.woolworths.media/content/wowproductimages/medium/793384.jpg,2020-09-21 17:27:05,,0,,True
b5f15acb-3a4e-440a-aec0-798bcd2f1e53,Woolworths Supermarket,"Dairy, Eggs & Fridge",Pureharvest Coco Quench Coconut Milk 1l,793391,$3.50,$3.50 / 1L,https://www.woolworths.com.au/shop/productdetails/793391/pureharvest-coco-quench-coconut-milk,https://cdn0.woolworths.media/content/wowproductimages/medium/793391.jpg,2020-09-21 17:27:05,,0,,True
2f9d56f9-4260-474d-9f4a-f3713f2d828e,Woolworths Supermarket,"Dairy, Eggs & Fridge",Nestle Carnation Lite Cooking Cream 300ml,793398,$3.50,$1.17 / 100ML,https://www.woolworths.com.au/shop/productdetails/793398/nestle-carnation-lite-cooking-cream,https://cdn0.woolworths.media/content/wowproductimages/medium/793398.jpg,2020-09-21 17:27:05,,0,,True
c57da983-6d61-442d-b8b1-95bd9e0c5f5c,Woolworths Supermarket,"Dairy, Eggs & Fridge",Woolworths Classic Coleslaw 110g,793406,$2.00,$1.82 / 100G,https://www.woolworths.com.au/shop/productdetails/793406/woolworths-classic-coleslaw,https://cdn0.woolworths.media/content/wowproductimages/medium/793406.jpg,2020-09-21 17:27:05,,0,,True
69e2f7a9-a0e5-4a7e-961e-6e9e18428abf,Woolworths Supermarket,"Dairy, Eggs & Fridge",Woolworths Creamy Pasta Salad 110g,793415,$2.00,$1.82 / 100G,https://www.woolworths.com.au/shop/productdetails/793415/woolworths-creamy-pasta-salad,https://cdn0.woolworths.media/content/wowproductimages/medium/793415.jpg,2020-09-21 17:27:05,,0,,True
909608e6-ede6-4795-91f2-bee5af87addf,Woolworths Supermarket,"Dairy, Eggs & Fridge",Danone Yopro Pouch Strawberry Yoghurt 150g,794607,,,https://www.woolworths.com.au/shop/productdetails/794607/danone-yopro-pouch-strawberry-yoghurt,https://cdn0.woolworths.media/content/wowproductimages/medium/794607.jpg,2020-09-21 17:27:05,,0,,False
2277364a-a154-490b-acef-00f105bcbef2,Woolworths Supermarket,"Dairy, Eggs & Fridge",Danone Yopro Pouch Blueberry Yoghurt 150g,794609,$2.40,$1.60 / 100G,https://www.woolworths.com.au/shop/productdetails/794609/danone-yopro-pouch-blueberry-yoghurt,https://cdn0.woolworths.media/content/wowproductimages/medium/794609.jpg,2020-09-21 17:27:05,,0,,True
a8fa3f37-7eea-4bc5-9b11-57dc6ae83479,Woolworths Supermarket,"Dairy, Eggs & Fridge",Coon Cheese Slices Tasty 750g,187899,$10.00,$13.33 / 1KG,https://www.woolworths.com.au/shop/productdetails/187899/coon-cheese-slices-tasty,https://cdn0.woolworths.media/content/wowproductimages/medium/187899.jpg,2020-09-21 17:27:05,,0,Was $12.00 07/07/2020,True
7d6cb4fa-6c24-4d09-9ba5-11c129eb4efd,Woolworths Supermarket,"Dairy, Eggs & Fridge",A2 Light Milk 2l,208066,$5.30,$2.65 / 1L,https://www.woolworths.com.au/shop/productdetails/208066/a2-light-milk,https://cdn0.woolworths.media/content/wowproductimages/medium/208066.jpg,2020-09-21 17:27:05,,0,,True
aa53ef7d-1077-4212-af9a-37ae448112fa,Woolworths Supermarket,"Dairy, Eggs & Fridge",Woolworths Baby Leaf Spinach 120g,524322,$3.00,$25.00 / 1KG,https://www.woolworths.com.au/shop/productdetails/524322/woolworths-baby-leaf-spinach,https://cdn0.woolworths.media/content/wowproductimages/medium/524322.jpg,2020-09-21 17:27:05,Average product rating out of 5: 4.7. Product score is based on 2842 ratings,2842,,True
713f427d-3a81-4f9f-9fed-14160b827aef,Woolworths Supermarket,"Dairy, Eggs & Fridge",Almond Breeze Unsweetened Almond Milk 1l,761604,$2.50,$2.50 / 1L,https://www.woolworths.com.au/shop/productdetails/761604/almond-breeze-unsweetened-almond-milk,https://cdn0.woolworths.media/content/wowproductimages/medium/761604.jpg,2020-09-21 17:27:05,,0,Was $3.25 13/03/2017,True
3bc14322-5334-47c4-8972-117648ea3ff6,Woolworths Supermarket,"Dairy, Eggs & Fridge",A2 Full Cream Milk 2l,208064,$5.30,$2.65 / 1L,https://www.woolworths.com.au/shop/productdetails/208064/a2-full-cream-milk,https://cdn0.woolworths.media/content/wowproductimages/medium/208064.jpg,2020-09-21 17:27:05,,0,,True
29a022e1-c7e9-41ff-abcd-68d44fdb107f,Woolworths Supermarket,"Dairy, Eggs & Fridge",Woolworths Drought Relief Lite Milk 2l,807385,$2.39,$1.20 / 1L,https://www.woolworths.com.au/shop/productdetails/807385/woolworths-drought-relief-lite-milk,https://cdn0.woolworths.media/content/wowproductimages/medium/807385.jpg,2020-09-21 17:27:05,,0,,True
f085160e-9cfd-469e-a1c9-ecb442e1a4d7,Woolworths Supermarket,"Dairy, Eggs & Fridge",Woolworths Mozzarella Shredded Cheese 500g,728983,$6.00,$12.00 / 1KG,https://www.woolworths.com.au/shop/productdetails/728983/woolworths-mozzarella-shredded-cheese,https://cdn0.woolworths.media/content/wowproductimages/medium/728983.jpg,2020-09-21 17:27:05,Average product rating out of 5: 4.5. Product score is based on 469 ratings,469,,True
45109a61-a729-4898-956b-4d36d2877cbc,Woolworths Supermarket,"Dairy, Eggs & Fridge",Woolworths Drought Relief Full Cream Milk 2l,807383,$2.39,$1.20 / 1L,https://www.woolworths.com.au/shop/productdetails/807383/woolworths-drought-relief-full-cream-milk,https://cdn0.woolworths.media/content/wowproductimages/medium/807383.jpg,2020-09-21 17:27:05,Average product rating out of 5: 4.7. Product score is based on 385 ratings,385,,True
25bbb820-2305-4a90-9964-9e6963b8249a,Woolworths Supermarket,"Dairy, Eggs & Fridge",Woolworths Uht Full Cream Milk 1l,748595,$1.25,$1.25 / 1L,https://www.woolworths.com.au/shop/productdetails/748595/woolworths-uht-full-cream-milk,https://cdn0.woolworths.media/content/wowproductimages/medium/748595.jpg,2020-09-21 17:27:05,Average product rating out of 5: 4.9. Product score is based on 36 ratings,36,,True
51c934d8-f2f0-4ee9-a51e-c337857c85a7,Woolworths Supermarket,"Dairy, Eggs & Fridge",Woolworths Tasty Shredded Cheese 500g,729026,$6.00,$12.00 / 1KG,https://www.woolworths.com.au/shop/productdetails/729026/woolworths-tasty-shredded-cheese,https://cdn0.woolworths.media/content/wowproductimages/medium/729026.jpg,2020-09-21 17:27:05,Average product rating out of 5: 4.6. Product score is based on 500 ratings,500,,True
2fcd6903-a848-4655-b01b-ab19a4a96c32,Woolworths Supermarket,"Dairy, Eggs & Fridge",Hillview Cheese Block 1kg,500187,$8.00,$8.00 / 1KG,https://www.woolworths.com.au/shop/productdetails/500187/hillview-cheese-block,https://cdn0.woolworths.media/content/wowproductimages/medium/500187.jpg,2020-09-21 17:27:05,Average product rating out of 5: 4.5. Product score is based on 66 ratings,66,,True
5f74c2f3-1fa7-446e-9d5a-28355be1bde7,Woolworths Supermarket,"Dairy, Eggs & Fridge",Woolworths Single Leaf Baby Spinach 280g,524336,$5.00,$17.86 / 1KG,https://www.woolworths.com.au/shop/productdetails/524336/woolworths-single-leaf-baby-spinach,https://cdn0.woolworths.media/content/wowproductimages/medium/524336.jpg,2020-09-21 17:27:05,Average product rating out of 5: 4.8. Product score is based on 532 ratings,532,,True
53c60204-10ae-47a0-a545-d9f9244ab9d9,Woolworths Supermarket,"Dairy, Eggs & Fridge",Woolworths Thickened Cream 600ml,048720,$3.00,$0.50 / 100ML,https://www.woolworths.com.au/shop/productdetails/48720/woolworths-thickened-cream,https://cdn0.woolworths.media/content/wowproductimages/medium/048720.jpg,2020-09-21 17:27:05,Average product rating out of 5: 4.8. Product score is based on 740 ratings,740,,True
674f48a0-2748-4d44-ab19-0c2c99fc5e8f,Woolworths Supermarket,"Dairy, Eggs & Fridge",Hillview Tasty Shredded Cheese 700g,491820,$6.60,$9.43 / 1KG,https://www.woolworths.com.au/shop/productdetails/491820/hillview-tasty-shredded-cheese,https://cdn0.woolworths.media/content/wowproductimages/medium/491820.jpg,2020-09-21 17:27:05,Average product rating out of 5: 4.5. Product score is based on 48 ratings,48,,True
35a3f1a6-e653-4cc4-a4d9-1fc18f5b2475,Woolworths Supermarket,"Dairy, Eggs & Fridge",Woolworths Baby Spinach Salad Bag 60g,379515,$2.00,$33.33 / 1KG,https://www.woolworths.com.au/shop/productdetails/379515/woolworths-baby-spinach-salad-bag,https://cdn0.woolworths.media/content/wowproductimages/medium/379515.jpg,2020-09-21 17:27:05,Average product rating out of 5: 4.7. Product score is based on 725 ratings,725,,True
5ddcd65e-37ec-46b7-bca2-33c11c2d1240,Woolworths Supermarket,"Dairy, Eggs & Fridge",Western Star Original Spreadable 500g,069756,$6.00,$1.20 / 100G,https://www.woolworths.com.au/shop/productdetails/69756/western-star-original-spreadable,https://cdn0.woolworths.media/content/wowproductimages/medium/069756.jpg,2020-09-21 17:27:05,,0,,True
57f702c5-948d-4985-9499-ed40e48332ba,Woolworths Supermarket,"Dairy, Eggs & Fridge",Woolworths Drought Relief Lite Milk 3l,807386,$3.59,$1.20 / 1L,https://www.woolworths.com.au/shop/productdetails/807386/woolworths-drought-relief-lite-milk,https://cdn0.woolworths.media/content/wowproductimages/medium/807386.jpg,2020-09-21 17:27:05,,0,,True
f5431949-7ff0-437c-a8a2-9b0e53734c2c,Woolworths Supermarket,"Dairy, Eggs & Fridge",Just 4 You 12 Extra Large Caged Eggs 700g,893974,$3.50,$0.50 / 100G,https://www.woolworths.com.au/shop/productdetails/893974/just-4-you-12-extra-large-caged-eggs,https://cdn0.woolworths.media/content/wowproductimages/medium/893974.jpg,2020-09-21 17:27:05,,0,,True
96d7a584-14dc-4add-ac26-afa18921858b,Woolworths Supermarket,"Dairy, Eggs & Fridge",Woolworths Drought Relief Full Cream Milk 3l,807384,$3.59,$1.20 / 1L,https://www.woolworths.com.au/shop/productdetails/807384/woolworths-drought-relief-full-cream-milk,https://cdn0.woolworths.media/content/wowproductimages/medium/807384.jpg,2020-09-21 17:27:05,,0,,True
b8f409ac-4099-4dec-a901-20863e6b8dda,Woolworths Supermarket,"Dairy, Eggs & Fridge",Flora Proactiv Margarine Buttery 750g,763453,$10.00,$1.33 / 100G,https://www.woolworths.com.au/shop/productdetails/763453/flora-proactiv-margarine-buttery,https://cdn0.woolworths.media/content/wowproductimages/medium/763453.jpg,2020-09-21 17:27:05,,0,,True
c1e9c788-b8e3-4b4d-a37e-6f59961cc825,Woolworths Supermarket,"Dairy, Eggs & Fridge",York Foods Lard 250g,794705,$4.50,$1.80 / 100G,https://www.woolworths.com.au/shop/productdetails/794705/york-foods-lard,https://cdn0.woolworths.media/content/wowproductimages/medium/794705.jpg,2020-09-21 17:27:05,,0,,True
f345e65e-b179-46fe-b434-1937919166e6,Woolworths Supermarket,"Dairy, Eggs & Fridge",Danone Yopro Pouch Vanilla Yoghurt 150g,794731,$2.40,$1.60 / 100G,https://www.woolworths.com.au/shop/productdetails/794731/danone-yopro-pouch-vanilla-yoghurt,https://cdn0.woolworths.media/content/wowproductimages/medium/794731.jpg,2020-09-21 17:27:05,,0,,True
b26c6d52-10a6-4123-b6db-41bfe8898036,Woolworths Supermarket,"Dairy, Eggs & Fridge",Danone Yopro Pouch Mango Yoghurt 150g,794937,$2.40,$1.60 / 100G,https://www.woolworths.com.au/shop/productdetails/794937/danone-yopro-pouch-mango-yoghurt,https://cdn0.woolworths.media/content/wowproductimages/medium/794937.jpg,2020-09-21 17:27:05,,0,,True
d77a1dd2-048d-474b-b115-a90b6175a183,Woolworths Supermarket,"Dairy, Eggs & Fridge",Danone Yopro Pouch Passionfruit Yoghurt 150g,794967,$2.40,$1.60 / 100G,https://www.woolworths.com.au/shop/productdetails/794967/danone-yopro-pouch-passionfruit-yoghurt,https://cdn0.woolworths.media/content/wowproductimages/medium/794967.jpg,2020-09-21 17:27:05,,0,,True
5824c08f-6547-4f7c-a9c1-cd7b37943a17,Woolworths Supermarket,"Dairy, Eggs & Fridge",Danone Yopro Pouch Banana Yoghurt 150g,795064,$2.40,$1.60 / 100G,https://www.woolworths.com.au/shop/productdetails/795064/danone-yopro-pouch-banana-yoghurt,https://cdn0.woolworths.media/content/wowproductimages/medium/795064.jpg,2020-09-21 17:27:05,,0,,True
31d087b1-3887-4774-a9a2-20f9dca5927c,Woolworths Supermarket,"Dairy, Eggs & Fridge",Chobani No Fat Raspberry Yoghurt Pouch 140g,795069,$1.12,$0.80 / 100G,https://www.woolworths.com.au/shop/productdetails/795069/chobani-no-fat-raspberry-yoghurt-pouch,https://cdn0.woolworths.media/content/wowproductimages/medium/795069.jpg,2020-09-21 17:27:05,,0,,True
23814ee3-a064-4cc0-a958-cd916f5dd530,Woolworths Supermarket,"Dairy, Eggs & Fridge",Blue Diamond Almond Breeze Unsweetened Vanilla Almond Milk 1l,796060,$2.70,$2.70 / 1L,https://www.woolworths.com.au/shop/productdetails/796060/blue-diamond-almond-breeze-unsweetened-vanilla-almond-milk,https://cdn0.woolworths.media/content/wowproductimages/medium/796060.jpg,2020-09-21 17:27:05,,0,Was $3.59 13/03/2017,True
db19cac6-0550-4313-9509-1f5578da39ee,Woolworths Supermarket,"Dairy, Eggs & Fridge",Liddells Lactose Free Cream Cheese 250g,799693,$4.40,$17.60 / 1KG,https://www.woolworths.com.au/shop/productdetails/799693/liddells-lactose-free-cream-cheese,https://cdn0.woolworths.media/content/wowproductimages/medium/799693.jpg,2020-09-21 17:27:05,,0,,True
b4d942e0-6c24-4f63-89e3-b90e3aa90228,Woolworths Supermarket,"Dairy, Eggs & Fridge",Woolworths Free From Lactose Full Cream Milk 1l,799811,$1.70,$1.70 / 1L,https://www.woolworths.com.au/shop/productdetails/799811/woolworths-free-from-lactose-full-cream-milk,https://cdn0.woolworths.media/content/wowproductimages/medium/799811.jpg,2020-09-21 17:27:05,Average product rating out of 5: 4.5. Product score is based on 124 ratings,124,,True
2e8737b8-ca4b-45ef-bc95-30f90e34af8c,Woolworths Supermarket,"Dairy, Eggs & Fridge",Woolworths Free From Lactose Lite Milk 1l,799813,$1.70,$1.70 / 1L,https://www.woolworths.com.au/shop/productdetails/799813/woolworths-free-from-lactose-lite-milk,https://cdn0.woolworths.media/content/wowproductimages/medium/799813.jpg,2020-09-21 17:27:05,,0,,True
95374d17-0c3f-409a-b9d2-1d98e8e74584,Woolworths Supermarket,"Dairy, Eggs & Fridge",President Brie Cheese 200g,800132,$5.50,$27.50 / 1KG,https://www.woolworths.com.au/shop/productdetails/800132/president-brie-cheese,https://cdn0.woolworths.media/content/wowproductimages/medium/800132.jpg,2020-09-21 17:27:05,,0,,True
8fc215cf-6f0b-43f9-b02b-6f04be948e97,Woolworths Supermarket,"Dairy, Eggs & Fridge",President Camembert Cheese 200g,800151,$5.50,$27.50 / 1KG,https://www.woolworths.com.au/shop/productdetails/800151/president-camembert-cheese,https://cdn0.woolworths.media/content/wowproductimages/medium/800151.jpg,2020-09-21 17:27:05,,0,,True
a734fd0f-30bc-4e4d-9980-ef9b3347662e,Woolworths Supermarket,"Dairy, Eggs & Fridge",Woolworths Cholesterol Lowering Spread 500g,802455,$3.80,$0.76 / 100G,https://www.woolworths.com.au/shop/productdetails/802455/woolworths-cholesterol-lowering-spread,https://cdn0.woolworths.media/content/wowproductimages/medium/802455.jpg,2020-09-21 17:27:05,Average product rating out of 5: 4.2. Product score is based on 373 ratings,373,,True
93dc9a6c-d464-4258-a3d4-4e4d87f67413,Woolworths Supermarket,"Dairy, Eggs & Fridge",Chia Pod Smooth Chocolate Pouch 120g,804028,$1.00,$0.83 / 100G,https://www.woolworths.com.au/shop/productdetails/804028/chia-pod-smooth-chocolate-pouch,https://cdn0.woolworths.media/content/wowproductimages/medium/804028.jpg,2020-09-21 17:27:05,,0,,True
281664c8-ca3c-4ae2-abbf-e0777ade9001,Woolworths Supermarket,"Dairy, Eggs & Fridge",Chia Pod Smooth Mixed Berry Pouch 120g,804029,$1.00,$0.83 / 100G,https://www.woolworths.com.au/shop/productdetails/804029/chia-pod-smooth-mixed-berry-pouch,https://cdn0.woolworths.media/content/wowproductimages/medium/804029.jpg,2020-09-21 17:27:05,,0,,True
2b8dcadb-50ae-489e-b873-bd33380e0826,Woolworths Supermarket,"Dairy, Eggs & Fridge",Darikay Hearty Chicken Soup 550g,804082,$6.50,$1.18 / 100G,https://www.woolworths.com.au/shop/productdetails/804082/darikay-hearty-chicken-soup,https://cdn0.woolworths.media/content/wowproductimages/medium/804082.jpg,2020-09-21 17:27:05,,0,,True
7030cb7d-95b5-4790-be2a-f01ec30c232b,Woolworths Supermarket,"Dairy, Eggs & Fridge",Darikay Chicken & Corn Soup 550g,804083,$6.50,$1.18 / 100G,https://www.woolworths.com.au/shop/productdetails/804083/darikay-chicken-corn-soup,https://cdn0.woolworths.media/content/wowproductimages/medium/804083.jpg,2020-09-21 17:27:05,,0,,True
72e6c353-5a5f-4c87-9be4-cd94fc5f85d4,Woolworths Supermarket,"Dairy, Eggs & Fridge",Darikay Lentil Soup 550g,804084,$6.50,$1.18 / 100G,https://www.woolworths.com.au/shop/productdetails/804084/darikay-lentil-soup,https://cdn0.woolworths.media/content/wowproductimages/medium/804084.jpg,2020-09-21 17:27:05,,0,,True
b5bf8dec-2b5f-45a3-afc8-628d47298572,Woolworths Supermarket,"Dairy, Eggs & Fridge",Darikay Chicken Noodle Soup 550g,804091,$6.50,$1.18 / 100G,https://www.woolworths.com.au/shop/productdetails/804091/darikay-chicken-noodle-soup,https://cdn0.woolworths.media/content/wowproductimages/medium/804091.jpg,2020-09-21 17:27:05,,0,,True
0b7e1181-770c-46da-91b1-f5dfa76b1b12,Woolworths Supermarket,"Dairy, Eggs & Fridge",Philadelphia Garden Herb & Onion Twist Spreadable 130g,804283,$4.00,$30.77 / 1KG,https://www.woolworths.com.au/shop/productdetails/804283/philadelphia-garden-herb-onion-twist-spreadable,https://cdn0.woolworths.media/content/wowproductimages/medium/804283.jpg,2020-09-21 17:27:05,,0,,True
d219bba0-cc8a-4b36-8ccb-6c911ea245b8,Woolworths Supermarket,"Dairy, Eggs & Fridge",Chris' Guacamole 200g,805414,$3.50,$1.75 / 100G,https://www.woolworths.com.au/shop/productdetails/805414/chris-guacamole,https://cdn0.woolworths.media/content/wowproductimages/medium/805414.jpg,2020-09-21 17:27:05,,0,2 for $6.00 $1.50/100G,True
095f8e65-9cd4-472f-a298-6f484ebcd4c5,Woolworths Supermarket,"Dairy, Eggs & Fridge",Vitasoy Almond Double Espresso 330ml,807017,$2.80,$8.48 / 1L,https://www.woolworths.com.au/shop/productdetails/807017/vitasoy-almond-double-espresso,https://cdn0.woolworths.media/content/wowproductimages/medium/807017.jpg,2020-09-21 17:27:05,,0,,True
f59b1e20-77c2-417c-a106-a70cd794bf09,Woolworths Supermarket,"Dairy, Eggs & Fridge",Vitasoy Almond Milk Chocolate 330ml,807018,$2.80,$8.48 / 1L,https://www.woolworths.com.au/shop/productdetails/807018/vitasoy-almond-milk-chocolate,https://cdn0.woolworths.media/content/wowproductimages/medium/807018.jpg,2020-09-21 17:27:05,,0,,True
b5b0eb7a-ee88-46f2-94a6-740a06827c2b,Woolworths Supermarket,"Dairy, Eggs & Fridge",Wise Bunny Almond Yoghurt Natural 600g,807373,$4.50,$0.75 / 100G,https://www.woolworths.com.au/shop/productdetails/807373/wise-bunny-almond-yoghurt-natural,https://cdn0.woolworths.media/content/wowproductimages/medium/807373.jpg,2020-09-21 17:27:05,,0,,True
38441b91-f975-4f65-be83-1076e9b4bbd2,Woolworths Supermarket,"Dairy, Eggs & Fridge",Woolworths Drought Relief Full Cream Milk 3l,807384,$3.59,$1.20 / 1L,https://www.woolworths.com.au/shop/productdetails/807384/woolworths-drought-relief-full-cream-milk,https://cdn0.woolworths.media/content/wowproductimages/medium/807384.jpg,2020-09-21 17:27:05,,0,,True
09d3cfd1-870f-4fc5-8950-5cea86730313,Woolworths Supermarket,"Dairy, Eggs & Fridge",Woolworths Drought Relief Lite Milk 2l,807385,$2.39,$1.20 / 1L,https://www.woolworths.com.au/shop/productdetails/807385/woolworths-drought-relief-lite-milk,https://cdn0.woolworths.media/content/wowproductimages/medium/807385.jpg,2020-09-21 17:27:05,,0,,True
21790ef0-bbea-40b5-85f0-8db0c1c710e6,Woolworths Supermarket,"Dairy, Eggs & Fridge",Just 4 You 12 Extra Large Caged Eggs 700g,893974,$3.50,$0.50 / 100G,https://www.woolworths.com.au/shop/productdetails/893974/just-4-you-12-extra-large-caged-eggs,https://cdn0.woolworths.media/content/wowproductimages/medium/893974.jpg,2020-09-21 17:27:05,,0,,True
e1cf1744-a7e6-4c9c-a160-278d38906d6b,Woolworths Supermarket,"Dairy, Eggs & Fridge",Almond Breeze Unsweetened Almond Milk 1l,761604,$2.50,$2.50 / 1L,https://www.woolworths.com.au/shop/productdetails/761604/almond-breeze-unsweetened-almond-milk,https://cdn0.woolworths.media/content/wowproductimages/medium/761604.jpg,2020-09-21 17:27:05,,0,Was $3.25 13/03/2017,True
0557d21d-6afb-411d-84c5-a718d701967c,Woolworths Supermarket,"Dairy, Eggs & Fridge",Perfect Italiano Shaved Parmesan 125g,360904,$3.25,$26.00 / 1KG,https://www.woolworths.com.au/shop/productdetails/360904/perfect-italiano-shaved-parmesan,https://cdn0.woolworths.media/content/wowproductimages/medium/360904.jpg,2020-09-21 17:27:05,,0,,True
cc951255-1e6c-4f64-86d0-f86676b1f495,Woolworths Supermarket,"Dairy, Eggs & Fridge",Woolworths Thickened Cream 600ml,048720,$3.00,$0.50 / 100ML,https://www.woolworths.com.au/shop/productdetails/48720/woolworths-thickened-cream,https://cdn0.woolworths.media/content/wowproductimages/medium/048720.jpg,2020-09-21 17:27:05,Average product rating out of 5: 4.8. Product score is based on 740 ratings,740,,True
c4aef2e9-0b6d-4622-a27a-0e674b394bff,Woolworths Supermarket,"Dairy, Eggs & Fridge",Hillview Cheese Block 1kg,500187,$8.00,$8.00 / 1KG,https://www.woolworths.com.au/shop/productdetails/500187/hillview-cheese-block,https://cdn0.woolworths.media/content/wowproductimages/medium/500187.jpg,2020-09-21 17:27:05,Average product rating out of 5: 4.5. Product score is based on 66 ratings,66,,True
c21f44ec-aa66-4208-8144-0f88770d1219,Woolworths Supermarket,"Dairy, Eggs & Fridge",Hillview Tasty Shredded Cheese 700g,491820,$6.60,$9.43 / 1KG,https://www.woolworths.com.au/shop/productdetails/491820/hillview-tasty-shredded-cheese,https://cdn0.woolworths.media/content/wowproductimages/medium/491820.jpg,2020-09-21 17:27:05,Average product rating out of 5: 4.5. Product score is based on 48 ratings,48,,True
e5b39ac4-f7c8-474b-a923-4e616310195a,Woolworths Supermarket,"Dairy, Eggs & Fridge",Woolworths Baby Spinach Salad Bag 60g,379515,$2.00,$33.33 / 1KG,https://www.woolworths.com.au/shop/productdetails/379515/woolworths-baby-spinach-salad-bag,https://cdn0.woolworths.media/content/wowproductimages/medium/379515.jpg,2020-09-21 17:27:05,Average product rating out of 5: 4.7. Product score is based on 725 ratings,725,,True
652f12b4-865c-47ba-b89b-74e2ce79302d,Woolworths Supermarket,"Dairy, Eggs & Fridge",Woolworths Baby Leaf Spinach 120g,524322,$3.00,$25.00 / 1KG,https://www.woolworths.com.au/shop/productdetails/524322/woolworths-baby-leaf-spinach,https://cdn0.woolworths.media/content/wowproductimages/medium/524322.jpg,2020-09-21 17:27:05,Average product rating out of 5: 4.7. Product score is based on 2842 ratings,2842,,True
2364e3ab-9ee7-4e50-bcb2-9e00a6d42649,Woolworths Supermarket,"Dairy, Eggs & Fridge",Woolworths Thickened Cream 300ml,044317,$1.90,$0.63 / 100ML,https://www.woolworths.com.au/shop/productdetails/44317/woolworths-thickened-cream,https://cdn0.woolworths.media/content/wowproductimages/medium/044317.jpg,2020-09-21 17:27:05,Average product rating out of 5: 4.9. Product score is based on 629 ratings,629,,True
701e402e-c0ad-456e-8925-59269b6bdff7,Woolworths Supermarket,"Dairy, Eggs & Fridge",Woolworths Uht Full Cream Milk 1l,748595,$1.25,$1.25 / 1L,https://www.woolworths.com.au/shop/productdetails/748595/woolworths-uht-full-cream-milk,https://cdn0.woolworths.media/content/wowproductimages/medium/748595.jpg,2020-09-21 17:27:05,Average product rating out of 5: 4.9. Product score is based on 36 ratings,36,,True
996d61fe-d93d-45e2-aa33-dede80d4df4e,Woolworths Supermarket,"Dairy, Eggs & Fridge",Woolworths Sour Cream 300ml,105609,$2.10,$0.70 / 100ML,https://www.woolworths.com.au/shop/productdetails/105609/woolworths-sour-cream,https://cdn0.woolworths.media/content/wowproductimages/medium/105609.jpg,2020-09-21 17:27:05,Average product rating out of 5: 4.5. Product score is based on 1353 ratings,1353,,True
070f78f0-d2e0-4f9a-8b33-a7d1f166681c,Woolworths Supermarket,"Dairy, Eggs & Fridge",Woolworths Drought Relief Full Cream Milk 2l,807383,$2.39,$1.20 / 1L,https://www.woolworths.com.au/shop/productdetails/807383/woolworths-drought-relief-full-cream-milk,https://cdn0.woolworths.media/content/wowproductimages/medium/807383.jpg,2020-09-21 17:27:05,Average product rating out of 5: 4.7. Product score is based on 385 ratings,385,,True
efeb171b-b83b-4924-8539-f61d2ead1867,Woolworths Supermarket,"Dairy, Eggs & Fridge",Woolworths Tasty Shredded Cheese 500g,729026,$6.00,$12.00 / 1KG,https://www.woolworths.com.au/shop/productdetails/729026/woolworths-tasty-shredded-cheese,https://cdn0.woolworths.media/content/wowproductimages/medium/729026.jpg,2020-09-21 17:27:05,Average product rating out of 5: 4.6. Product score is based on 500 ratings,500,,True
f15fc1fe-8c62-4537-a509-c8b7174a3889,Woolworths Supermarket,"Dairy, Eggs & Fridge",Woolworths Single Leaf Baby Spinach 280g,524336,$5.00,$17.86 / 1KG,https://www.woolworths.com.au/shop/productdetails/524336/woolworths-single-leaf-baby-spinach,https://cdn0.woolworths.media/content/wowproductimages/medium/524336.jpg,2020-09-21 17:27:05,Average product rating out of 5: 4.8. Product score is based on 532 ratings,532,,True
16051abe-c7f2-45c9-9c6e-99332bdf58ed,Woolworths Supermarket,"Dairy, Eggs & Fridge",Woolworths Drought Relief Lite Milk 3l,807386,$3.59,$1.20 / 1L,https://www.woolworths.com.au/shop/productdetails/807386/woolworths-drought-relief-lite-milk,https://cdn0.woolworths.media/content/wowproductimages/medium/807386.jpg,2020-09-21 17:27:05,,0,,True
a3590103-2216-4ef5-85d7-535059e59d61,Woolworths Supermarket,"Dairy, Eggs & Fridge",Woolworths Mozzarella Shredded Cheese 500g,728983,$6.00,$12.00 / 1KG,https://www.woolworths.com.au/shop/productdetails/728983/woolworths-mozzarella-shredded-cheese,https://cdn0.woolworths.media/content/wowproductimages/medium/728983.jpg,2020-09-21 17:27:05,Average product rating out of 5: 4.5. Product score is based on 469 ratings,469,,True
9a350d90-7e1d-4c45-894b-7dc444de4c8a,Woolworths Supermarket,"Dairy, Eggs & Fridge",Western Star Original Spreadable 500g,069756,$6.00,$1.20 / 100G,https://www.woolworths.com.au/shop/productdetails/69756/western-star-original-spreadable,https://cdn0.woolworths.media/content/wowproductimages/medium/069756.jpg,2020-09-21 17:27:05,,0,,True
2aec0083-03a7-4ff7-8d38-566e1763b44c,Woolworths Supermarket,"Dairy, Eggs & Fridge",Perfect Italiano Extra Sharp Grated Parmesan 125g,302306,$3.25,$26.00 / 1KG,https://www.woolworths.com.au/shop/productdetails/302306/perfect-italiano-extra-sharp-grated-parmesan,https://cdn0.woolworths.media/content/wowproductimages/medium/302306.jpg,2020-09-21 17:27:05,,0,,True
323035d8-50be-4405-abbe-2d67c0a9f614,Woolworths Supermarket,"Dairy, Eggs & Fridge",Woolworths Drought Relief Full Cream Milk 2l,807383,$2.39,$1.20 / 1L,https://www.woolworths.com.au/shop/productdetails/807383/woolworths-drought-relief-full-cream-milk,https://cdn0.woolworths.media/content/wowproductimages/medium/807383.jpg,2020-09-21 17:27:05,Average product rating out of 5: 4.7. Product score is based on 385 ratings,385,,True
91f7e4ff-b0f6-4950-ab84-8077686a0fa8,Woolworths Supermarket,"Dairy, Eggs & Fridge",Woolworths Drought Relief Full Cream Milk 3l,807384,$3.59,$1.20 / 1L,https://www.woolworths.com.au/shop/productdetails/807384/woolworths-drought-relief-full-cream-milk,https://cdn0.woolworths.media/content/wowproductimages/medium/807384.jpg,2020-09-21 17:27:05,,0,,True
a484229c-386e-41a5-8865-f3027287ce67,Woolworths Supermarket,"Dairy, Eggs & Fridge",Woolworths Drought Relief Lite Milk 2l,807385,$2.39,$1.20 / 1L,https://www.woolworths.com.au/shop/productdetails/807385/woolworths-drought-relief-lite-milk,https://cdn0.woolworths.media/content/wowproductimages/medium/807385.jpg,2020-09-21 17:27:05,,0,,True
db4724df-e205-4dbb-ac16-94c44f027bb9,Woolworths Supermarket,"Dairy, Eggs & Fridge",Woolworths Drought Relief Lite Milk 3l,807386,$3.59,$1.20 / 1L,https://www.woolworths.com.au/shop/productdetails/807386/woolworths-drought-relief-lite-milk,https://cdn0.woolworths.media/content/wowproductimages/medium/807386.jpg,2020-09-21 17:27:05,,0,,True
74a77b61-495f-4daa-a6b1-a71dcd846cb3,Woolworths Supermarket,"Dairy, Eggs & Fridge",Sanitarium So Good Long Life Prebiotic Soy Milk 1l,807458,$2.00,$0.20 / 100ML,https://www.woolworths.com.au/shop/productdetails/807458/sanitarium-so-good-long-life-prebiotic-soy-milk,https://cdn0.woolworths.media/content/wowproductimages/medium/807458.jpg,2020-09-21 17:27:05,,0,,True
50da6d46-8a73-41d4-a420-62e9d91e6a58,Woolworths Supermarket,"Dairy, Eggs & Fridge",Sanitarium So Good Long Life Unsweetened Almond Milk 250ml x3 pack,807459,$4.50,$0.60 / 100ML,https://www.woolworths.com.au/shop/productdetails/807459/sanitarium-so-good-long-life-unsweetened-almond-milk,https://cdn0.woolworths.media/content/wowproductimages/medium/807459.jpg,2020-09-21 17:27:05,,0,,True
2ecb3837-5461-4bc2-bc1a-72598a3b2d77,Woolworths Supermarket,"Dairy, Eggs & Fridge",Oak Plus Banana & Honey 500ml,807561,$3.25,$6.50 / 1L,https://www.woolworths.com.au/shop/productdetails/807561/oak-plus-banana-honey,https://cdn0.woolworths.media/content/wowproductimages/medium/807561.jpg,2020-09-21 17:27:05,,0,,True
d2f0ea8f-c184-4ff6-8cd8-4d0cadb1cf7e,Woolworths Supermarket,"Dairy, Eggs & Fridge",Devondale 3 Cheese Blend Shredded Cheese 600g,807863,$7.50,$12.50 / 1KG,https://www.woolworths.com.au/shop/productdetails/807863/devondale-3-cheese-blend-shredded-cheese,https://cdn0.woolworths.media/content/wowproductimages/medium/807863.jpg,2020-09-21 17:27:05,,0,,True
066ffb6e-1520-4be4-90ea-c84c1cb79113,Woolworths Supermarket,"Dairy, Eggs & Fridge",Perfect Italiano Parmesan Block 200g,807868,$5.00,$25.00 / 1KG,https://www.woolworths.com.au/shop/productdetails/807868/perfect-italiano-parmesan-block,https://cdn0.woolworths.media/content/wowproductimages/medium/807868.jpg,2020-09-21 17:27:05,,0,,True
e2df3a5e-c5c5-4dc5-a98f-d902d1c68ab1,Woolworths Supermarket,"Dairy, Eggs & Fridge",Mainland Extra Tasty Block 500g,807870,$9.00,$18.00 / 1KG,https://www.woolworths.com.au/shop/productdetails/807870/mainland-extra-tasty-block,https://cdn0.woolworths.media/content/wowproductimages/medium/807870.jpg,2020-09-21 17:27:05,,0,,True
79054a6a-0c8f-4117-8cad-bede06d3e49d,Woolworths Supermarket,"Dairy, Eggs & Fridge",Mainland Vintage Block 400g,807871,$9.00,$22.50 / 1KG,https://www.woolworths.com.au/shop/productdetails/807871/mainland-vintage-block,https://cdn0.woolworths.media/content/wowproductimages/medium/807871.jpg,2020-09-21 17:27:05,,0,,True
25f77019-7617-4b2a-b6cd-b2e76ae9bdd7,Woolworths Supermarket,"Dairy, Eggs & Fridge",Mersey Valley Classic Cheese 80g,808121,$3.50,$43.75 / 1KG,https://www.woolworths.com.au/shop/productdetails/808121/mersey-valley-classic-cheese,https://cdn0.woolworths.media/content/wowproductimages/medium/808121.jpg,2020-09-21 17:27:05,,0,3 for $9.00 $37.50/1KG,True
26017dd0-b7cc-4efc-8524-e1e0120ffc5c,Woolworths Supermarket,"Dairy, Eggs & Fridge",Mersey Valley Pickled Onion Cheese 80g,808130,$3.50,$43.75 / 1KG,https://www.woolworths.com.au/shop/productdetails/808130/mersey-valley-pickled-onion-cheese,https://cdn0.woolworths.media/content/wowproductimages/medium/808130.jpg,2020-09-21 17:27:05,,0,3 for $9.00 $37.50/1KG,True
ed99d154-a6d6-4beb-89c8-1b198c79c9ec,Woolworths Supermarket,"Dairy, Eggs & Fridge",Dare Triple Espresso 500ml,808368,$2.60,$5.20 / 1L,https://www.woolworths.com.au/shop/productdetails/808368/dare-triple-espresso,https://cdn0.woolworths.media/content/wowproductimages/medium/808368.jpg,2020-09-21 17:27:05,,0,,True
45e60164-51bc-458e-b354-86a149fa8527,Woolworths Supermarket,"Dairy, Eggs & Fridge",Woolworths Double Cream Camembert 200g,808564,$5.00,$25.00 / 1KG,https://www.woolworths.com.au/shop/productdetails/808564/woolworths-double-cream-camembert,https://cdn0.woolworths.media/content/wowproductimages/medium/808564.jpg,2020-09-21 17:27:05,,0,,True
7ac311b6-9644-46e0-887c-2a00ebad8dd2,Woolworths Supermarket,"Dairy, Eggs & Fridge",Woolworths Triple Cream Brie 200g,808566,$5.00,$25.00 / 1KG,https://www.woolworths.com.au/shop/productdetails/808566/woolworths-triple-cream-brie,https://cdn0.woolworths.media/content/wowproductimages/medium/808566.jpg,2020-09-21 17:27:05,,0,,True
0abdc21b-15a2-49fb-9a18-e4b8d460d01c,Woolworths Supermarket,"Dairy, Eggs & Fridge",Pureharvest Almond Quench 1l,808867,$3.50,$3.50 / 1L,https://www.woolworths.com.au/shop/productdetails/808867/pureharvest-almond-quench,https://cdn0.woolworths.media/content/wowproductimages/medium/808867.jpg,2020-09-21 17:27:05,,0,,True
191bc87a-bc4a-43f4-a60d-4dd0c936c8f9,Woolworths Supermarket,"Dairy, Eggs & Fridge",Leggos Italian Style Sausage Agnolotti 630g,809874,$4.00,$0.63 / 100G,https://www.woolworths.com.au/shop/productdetails/809874/leggos-italian-style-sausage-agnolotti,https://cdn0.woolworths.media/content/wowproductimages/medium/809874.jpg,2020-09-21 17:27:05,,0,,True
c5714290-70fe-4501-8be3-5a00c98f888c,Woolworths Supermarket,"Dairy, Eggs & Fridge",Leggos Mushroom & Ricotta Ravioli 630g,809888,$4.00,$0.63 / 100G,https://www.woolworths.com.au/shop/productdetails/809888/leggos-mushroom-ricotta-ravioli,https://cdn0.woolworths.media/content/wowproductimages/medium/809888.jpg,2020-09-21 17:27:05,,0,,True
03e1f3d1-9526-4af0-ba37-f51f05af1830,Woolworths Supermarket,"Dairy, Eggs & Fridge",Woolworths Beef Ragu Lasagne 400g,810224,$8.50,$2.13 / 100G,https://www.woolworths.com.au/shop/productdetails/810224/woolworths-beef-ragu-lasagne,https://cdn0.woolworths.media/content/wowproductimages/medium/810224.jpg,2020-09-21 17:27:05,Average product rating out of 5: 2.9. Product score is based on 29 ratings,29,,True
8cf2162b-3f0e-42aa-9a83-112296284b6e,Woolworths Supermarket,"Dairy, Eggs & Fridge",Woolworths Singapore Noodles 350g,810227,$7.50,$2.14 / 100G,https://www.woolworths.com.au/shop/productdetails/810227/woolworths-singapore-noodles,https://cdn0.woolworths.media/content/wowproductimages/medium/810227.jpg,2020-09-21 17:27:05,Average product rating out of 5: 3.2. Product score is based on 202 ratings,202,2 for $12.00 $1.71/100G,True
d9b5d20c-fc1c-4903-abc0-94b52cbccdc9,Woolworths Supermarket,"Dairy, Eggs & Fridge",Rana Ricotta & Spinach Tortellini Fresh Pasta 325g,810774,$7.00,$2.15 / 100G,https://www.woolworths.com.au/shop/productdetails/810774/rana-ricotta-spinach-tortellini-fresh-pasta,https://cdn0.woolworths.media/content/wowproductimages/medium/810774.jpg,2020-09-21 17:27:05,,0,,True
16215669-73db-4910-9b3a-2fadc8b61895,Woolworths Supermarket,"Dairy, Eggs & Fridge",Rana Pumpkin & Onion Ravioli Fresh Pasta 325g,810775,$7.00,$2.15 / 100G,https://www.woolworths.com.au/shop/productdetails/810775/rana-pumpkin-onion-ravioli-fresh-pasta,https://cdn0.woolworths.media/content/wowproductimages/medium/810775.jpg,2020-09-21 17:27:05,,0,,True
8433ab86-aee6-450e-b8ba-03c3ea1f97c1,Woolworths Supermarket,"Dairy, Eggs & Fridge",Woolworths Cherry Bocconcini 220g,810779,$4.00,$18.18 / 1KG,https://www.woolworths.com.au/shop/productdetails/810779/woolworths-cherry-bocconcini,https://cdn0.woolworths.media/content/wowproductimages/medium/810779.jpg,2020-09-21 17:27:05,Average product rating out of 5: 4.3. Product score is based on 835 ratings,835,,True
60a4d84e-d30f-4661-8741-a515020cc278,Woolworths Supermarket,"Dairy, Eggs & Fridge",Coon Cheese Slices Tasty 750g,187899,$10.00,$13.33 / 1KG,https://www.woolworths.com.au/shop/productdetails/187899/coon-cheese-slices-tasty,https://cdn0.woolworths.media/content/wowproductimages/medium/187899.jpg,2020-09-21 17:27:05,,0,Was $12.00 07/07/2020,True
a2c3355b-a03b-42f6-a211-cf75da5447e3,Woolworths Supermarket,"Dairy, Eggs & Fridge",A2 Light Milk 2l,208066,$5.30,$2.65 / 1L,https://www.woolworths.com.au/shop/productdetails/208066/a2-light-milk,https://cdn0.woolworths.media/content/wowproductimages/medium/208066.jpg,2020-09-21 17:27:05,,0,,True
acbc73c4-f43b-476c-a071-4f32e6c21563,Woolworths Supermarket,"Dairy, Eggs & Fridge",A2 Full Cream Milk 2l,208064,$5.30,$2.65 / 1L,https://www.woolworths.com.au/shop/productdetails/208064/a2-full-cream-milk,https://cdn0.woolworths.media/content/wowproductimages/medium/208064.jpg,2020-09-21 17:27:05,,0,,True
8ebab1cf-863d-4e55-86e8-efaaf51d94e6,Woolworths Supermarket,"Dairy, Eggs & Fridge",Woolworths Tasty Shredded Cheese 500g,729026,$6.00,$12.00 / 1KG,https://www.woolworths.com.au/shop/productdetails/729026/woolworths-tasty-shredded-cheese,https://cdn0.woolworths.media/content/wowproductimages/medium/729026.jpg,2020-09-21 17:27:05,Average product rating out of 5: 4.6. Product score is based on 500 ratings,500,,True
05c18223-e2c2-4114-a2e0-031c96b0e607,Woolworths Supermarket,"Dairy, Eggs & Fridge",Woolworths Mozzarella Shredded Cheese 500g,728983,$6.00,$12.00 / 1KG,https://www.woolworths.com.au/shop/productdetails/728983/woolworths-mozzarella-shredded-cheese,https://cdn0.woolworths.media/content/wowproductimages/medium/728983.jpg,2020-09-21 17:27:05,Average product rating out of 5: 4.5. Product score is based on 469 ratings,469,,True
96ab47e1-2c8c-4319-9d48-03631342696f,Woolworths Supermarket,"Dairy, Eggs & Fridge",Woolworths Drought Relief Lite Milk 2l,807385,$2.39,$1.20 / 1L,https://www.woolworths.com.au/shop/productdetails/807385/woolworths-drought-relief-lite-milk,https://cdn0.woolworths.media/content/wowproductimages/medium/807385.jpg,2020-09-21 17:27:05,,0,,True
a4a608db-6fd6-47dd-ade3-f4fb399b017c,Woolworths Supermarket,"Dairy, Eggs & Fridge",Western Star Original Spreadable 500g,069756,$6.00,$1.20 / 100G,https://www.woolworths.com.au/shop/productdetails/69756/western-star-original-spreadable,https://cdn0.woolworths.media/content/wowproductimages/medium/069756.jpg,2020-09-21 17:27:05,,0,,True
83da45c5-0833-4e29-98d7-4ec3fb24967a,Woolworths Supermarket,"Dairy, Eggs & Fridge",Woolworths Drought Relief Full Cream Milk 2l,807383,$2.39,$1.20 / 1L,https://www.woolworths.com.au/shop/productdetails/807383/woolworths-drought-relief-full-cream-milk,https://cdn0.woolworths.media/content/wowproductimages/medium/807383.jpg,2020-09-21 17:27:05,Average product rating out of 5: 4.7. Product score is based on 385 ratings,385,,True
2f02b1eb-9aa0-4de8-ba2e-4369a3d81fcb,Woolworths Supermarket,"Dairy, Eggs & Fridge",Woolworths Drought Relief Lite Milk 3l,807386,$3.59,$1.20 / 1L,https://www.woolworths.com.au/shop/productdetails/807386/woolworths-drought-relief-lite-milk,https://cdn0.woolworths.media/content/wowproductimages/medium/807386.jpg,2020-09-21 17:27:05,,0,,True
053738da-91b7-4904-bda0-b43a8f4af668,Woolworths Supermarket,"Dairy, Eggs & Fridge",Woolworths Baby Leaf Spinach 120g,524322,$3.00,$25.00 / 1KG,https://www.woolworths.com.au/shop/productdetails/524322/woolworths-baby-leaf-spinach,https://cdn0.woolworths.media/content/wowproductimages/medium/524322.jpg,2020-09-21 17:27:05,Average product rating out of 5: 4.7. Product score is based on 2842 ratings,2842,,True
452c281a-550f-444d-a9ae-d64f4f3386bf,Woolworths Supermarket,"Dairy, Eggs & Fridge",Woolworths Uht Full Cream Milk 1l,748595,$1.25,$1.25 / 1L,https://www.woolworths.com.au/shop/productdetails/748595/woolworths-uht-full-cream-milk,https://cdn0.woolworths.media/content/wowproductimages/medium/748595.jpg,2020-09-21 17:27:05,Average product rating out of 5: 4.9. Product score is based on 36 ratings,36,,True
19a762b9-08ed-4aaf-996e-2e44ac6cca36,Woolworths Supermarket,"Dairy, Eggs & Fridge",Almond Breeze Unsweetened Almond Milk 1l,761604,$2.50,$2.50 / 1L,https://www.woolworths.com.au/shop/productdetails/761604/almond-breeze-unsweetened-almond-milk,https://cdn0.woolworths.media/content/wowproductimages/medium/761604.jpg,2020-09-21 17:27:05,,0,Was $3.25 13/03/2017,True
1fb496f1-406d-43eb-932e-9723da9f32dc,Woolworths Supermarket,"Dairy, Eggs & Fridge",Woolworths Single Leaf Baby Spinach 280g,524336,$5.00,$17.86 / 1KG,https://www.woolworths.com.au/shop/productdetails/524336/woolworths-single-leaf-baby-spinach,https://cdn0.woolworths.media/content/wowproductimages/medium/524336.jpg,2020-09-21 17:27:05,Average product rating out of 5: 4.8. Product score is based on 532 ratings,532,,True
ae8c9d98-8047-4f80-94a3-fcc660b15e12,Woolworths Supermarket,"Dairy, Eggs & Fridge",Woolworths Thickened Cream 600ml,048720,$3.00,$0.50 / 100ML,https://www.woolworths.com.au/shop/productdetails/48720/woolworths-thickened-cream,https://cdn0.woolworths.media/content/wowproductimages/medium/048720.jpg,2020-09-21 17:27:05,Average product rating out of 5: 4.8. Product score is based on 740 ratings,740,,True
ddccf55b-8755-4868-89ad-59f0efacd444,Woolworths Supermarket,"Dairy, Eggs & Fridge",Just 4 You 12 Extra Large Caged Eggs 700g,893974,$3.50,$0.50 / 100G,https://www.woolworths.com.au/shop/productdetails/893974/just-4-you-12-extra-large-caged-eggs,https://cdn0.woolworths.media/content/wowproductimages/medium/893974.jpg,2020-09-21 17:27:05,,0,,True
fb74e3ff-ff25-49bb-9249-ce469341a4cd,Woolworths Supermarket,"Dairy, Eggs & Fridge",Hillview Tasty Shredded Cheese 700g,491820,$6.60,$9.43 / 1KG,https://www.woolworths.com.au/shop/productdetails/491820/hillview-tasty-shredded-cheese,https://cdn0.woolworths.media/content/wowproductimages/medium/491820.jpg,2020-09-21 17:27:05,Average product rating out of 5: 4.5. Product score is based on 48 ratings,48,,True
07949123-2e0c-4441-b288-a88dac907467,Woolworths Supermarket,"Dairy, Eggs & Fridge",Hillview Cheese Block 1kg,500187,$8.00,$8.00 / 1KG,https://www.woolworths.com.au/shop/productdetails/500187/hillview-cheese-block,https://cdn0.woolworths.media/content/wowproductimages/medium/500187.jpg,2020-09-21 17:27:05,Average product rating out of 5: 4.5. Product score is based on 66 ratings,66,,True
e0a859f9-40e5-494a-a0cd-d62ffe06949c,Woolworths Supermarket,"Dairy, Eggs & Fridge",Woolworths Drought Relief Full Cream Milk 3l,807384,$3.59,$1.20 / 1L,https://www.woolworths.com.au/shop/productdetails/807384/woolworths-drought-relief-full-cream-milk,https://cdn0.woolworths.media/content/wowproductimages/medium/807384.jpg,2020-09-21 17:27:05,,0,,True
45450c6c-de91-4f8e-841e-e5722614eb03,Woolworths Supermarket,"Dairy, Eggs & Fridge",Flora Proactiv Margarine Buttery 750g,763453,$10.00,$1.33 / 100G,https://www.woolworths.com.au/shop/productdetails/763453/flora-proactiv-margarine-buttery,https://cdn0.woolworths.media/content/wowproductimages/medium/763453.jpg,2020-09-21 17:27:05,,0,,True
c9e6749b-7cd3-45a2-8690-873c91387225,Woolworths Supermarket,"Dairy, Eggs & Fridge",Woolworths Baby Spinach Salad Bag 60g,379515,$2.00,$33.33 / 1KG,https://www.woolworths.com.au/shop/productdetails/379515/woolworths-baby-spinach-salad-bag,https://cdn0.woolworths.media/content/wowproductimages/medium/379515.jpg,2020-09-21 17:27:05,Average product rating out of 5: 4.7. Product score is based on 725 ratings,725,,True
a31768e4-cbfd-4577-8672-60b42283ac6a,Woolworths Supermarket,"Dairy, Eggs & Fridge",Rana Porcini Mushroom Ravioli Fresh Pasta 325g,810868,$7.00,$2.15 / 100G,https://www.woolworths.com.au/shop/productdetails/810868/rana-porcini-mushroom-ravioli-fresh-pasta,https://cdn0.woolworths.media/content/wowproductimages/medium/810868.jpg,2020-09-21 17:27:05,,0,,True
9e35357f-6a9a-442d-b9ae-1a310231c123,Woolworths Supermarket,"Dairy, Eggs & Fridge",Woolworths Sweet & Sour Pork 350g,811169,$7.50,$2.14 / 100G,https://www.woolworths.com.au/shop/productdetails/811169/woolworths-sweet-sour-pork,https://cdn0.woolworths.media/content/wowproductimages/medium/811169.jpg,2020-09-21 17:27:05,Average product rating out of 5: 2.2. Product score is based on 210 ratings,210,2 for $12.00 $1.71/100G,True
ce503835-a220-4b7d-adda-69945aa7f2a9,Woolworths Supermarket,"Dairy, Eggs & Fridge",Dairyworks Tasty Cheese Slices 500g,811324,$6.50,$13.00 / 1KG,https://www.woolworths.com.au/shop/productdetails/811324/dairyworks-tasty-cheese-slices,https://cdn0.woolworths.media/content/wowproductimages/medium/811324.jpg,2020-09-21 17:27:05,,0,,True
ddf78419-6a15-41df-9f1a-e7ff73f734d1,Woolworths Supermarket,"Dairy, Eggs & Fridge",Dairyworks Edam Cheese Slices 500g,811334,$6.50,$13.00 / 1KG,https://www.woolworths.com.au/shop/productdetails/811334/dairyworks-edam-cheese-slices,https://cdn0.woolworths.media/content/wowproductimages/medium/811334.jpg,2020-09-21 17:27:05,,0,,True
181faf7d-0f5b-496c-8342-5ab70ba76da4,Woolworths Supermarket,"Dairy, Eggs & Fridge",Della Rosa Garlic & Cheese Pizza Base 350g,812566,$3.00,$0.86 / 100G,https://www.woolworths.com.au/shop/productdetails/812566/della-rosa-garlic-cheese-pizza-base,https://cdn0.woolworths.media/content/wowproductimages/medium/812566.jpg,2020-09-21 17:27:05,,0,,True
c0334389-b318-4cad-b62c-3f3f3e77f6a2,Woolworths Supermarket,"Dairy, Eggs & Fridge",Della Rosa Tomato Sauce Pizza Base 280g,812574,$2.50,$0.89 / 100G,https://www.woolworths.com.au/shop/productdetails/812574/della-rosa-tomato-sauce-pizza-base,https://cdn0.woolworths.media/content/wowproductimages/medium/812574.jpg,2020-09-21 17:27:05,,0,,True
d2618c57-4b61-40dc-81b8-a2d8f14245bd,Woolworths Supermarket,"Dairy, Eggs & Fridge",Chris' Heritage Smoked Gouda & Jalapeno Dip 170g,815421,$6.00,$3.53 / 100G,https://www.woolworths.com.au/shop/productdetails/815421/chris-heritage-smoked-gouda-jalapeno-dip,https://cdn0.woolworths.media/content/wowproductimages/medium/815421.jpg,2020-09-21 17:27:05,,0,,True
9a43026d-a10e-484f-aa74-d7ec5f33ed2b,Woolworths Supermarket,"Dairy, Eggs & Fridge",Woolworths Hearty Lamb & Barley Soup 500g,820118,$5.00,$1.00 / 100G,https://www.woolworths.com.au/shop/productdetails/820118/woolworths-hearty-lamb-barley-soup,https://cdn0.woolworths.media/content/wowproductimages/medium/820118.jpg,2020-09-21 17:27:05,Average product rating out of 5: 3.7. Product score is based on 509 ratings,509,,True
ba34ef92-d4a3-482b-bb4f-43a5901686c0,Woolworths Supermarket,"Dairy, Eggs & Fridge",Woolworths Hearty Beef & Vegetable Soup 500g,820119,$5.00,$1.00 / 100G,https://www.woolworths.com.au/shop/productdetails/820119/woolworths-hearty-beef-vegetable-soup,https://cdn0.woolworths.media/content/wowproductimages/medium/820119.jpg,2020-09-21 17:27:05,Average product rating out of 5: 3.8. Product score is based on 694 ratings,694,,True
972871d8-a749-4e0e-b1a5-ce253496805e,Woolworths Supermarket,"Dairy, Eggs & Fridge",Woolworths Vanilla Custard Powder 300g,820977,$2.00,$0.67 / 100G,https://www.woolworths.com.au/shop/productdetails/820977/woolworths-vanilla-custard-powder,https://cdn0.woolworths.media/content/wowproductimages/medium/820977.jpg,2020-09-21 17:27:05,,0,,True
aa250de9-9269-43b1-8acb-9a6fb555761b,Woolworths Supermarket,"Dairy, Eggs & Fridge",Macro Vegie-lish Moroccan Inspired Burger 250g,822555,$3.25,$13.00 / 1KG,https://www.woolworths.com.au/shop/productdetails/822555/macro-vegie-lish-moroccan-inspired-burger,https://cdn0.woolworths.media/content/wowproductimages/medium/822555.jpg,2020-09-21 17:27:05,Average product rating out of 5: 4.1. Product score is based on 35 ratings,35,,True
a7382d69-60eb-43e5-a2db-a00937333a63,Woolworths Supermarket,"Dairy, Eggs & Fridge","Chris' Heritage Dips Blue Cheese, Fig & Pistachio 170g",823695,$6.00,$3.53 / 100G,https://www.woolworths.com.au/shop/productdetails/823695/chris-heritage-dips-blue-cheese-fig-pistachio,https://cdn0.woolworths.media/content/wowproductimages/medium/823695.jpg,2020-09-21 17:27:05,,0,,True
a1acf35f-bcc7-4c51-a904-c13f3f23b3d6,Woolworths Supermarket,"Dairy, Eggs & Fridge",Chris' Heritage Dips Vintage Cheddar & Caramelised Onion Cheese 170g,823696,$6.00,$3.53 / 100G,https://www.woolworths.com.au/shop/productdetails/823696/chris-heritage-dips-vintage-cheddar-caramelised-onion-cheese,https://cdn0.woolworths.media/content/wowproductimages/medium/823696.jpg,2020-09-21 17:27:05,,0,,True
07ec88c0-3244-45dd-aa73-c2b59368f720,Woolworths Supermarket,"Dairy, Eggs & Fridge",Woolworths Loaded Mac & Cheese 700g,824529,$9.00,$1.29 / 100G,https://www.woolworths.com.au/shop/productdetails/824529/woolworths-loaded-mac-cheese,https://cdn0.woolworths.media/content/wowproductimages/medium/824529.jpg,2020-09-21 17:27:05,Average product rating out of 5: 3.6. Product score is based on 610 ratings,610,,True
9459a404-1930-4002-8aff-886cf213cad8,Woolworths Supermarket,"Dairy, Eggs & Fridge",Woolworths Chargrilled Chicken Dinner 350g,824662,$8.50,$2.43 / 100G,https://www.woolworths.com.au/shop/productdetails/824662/woolworths-chargrilled-chicken-dinner,https://cdn0.woolworths.media/content/wowproductimages/medium/824662.jpg,2020-09-21 17:27:05,Average product rating out of 5: 3.6. Product score is based on 793 ratings,793,,True
82dbf7b7-22a4-4e22-a813-aa9a66bf499f,Woolworths Supermarket,"Dairy, Eggs & Fridge",Woolworths Slow Cooked Beef Dinner 350g,824695,$8.50,$2.43 / 100G,https://www.woolworths.com.au/shop/productdetails/824695/woolworths-slow-cooked-beef-dinner,https://cdn0.woolworths.media/content/wowproductimages/medium/824695.jpg,2020-09-21 17:27:05,Average product rating out of 5: 3.7. Product score is based on 735 ratings,735,,True
3f788193-879e-4204-8b54-eda193500c5d,Woolworths Supermarket,"Dairy, Eggs & Fridge",Woolworths Beef Casserole 800g,824696,$16.00,$2.00 / 100G,https://www.woolworths.com.au/shop/productdetails/824696/woolworths-beef-casserole,https://cdn0.woolworths.media/content/wowproductimages/medium/824696.jpg,2020-09-21 17:27:05,Average product rating out of 5: 5.0. Product score is based on 2 ratings,2,,True
ce05cde4-7436-4dd9-aef9-e95610bada01,Woolworths Supermarket,"Dairy, Eggs & Fridge",Woolworths Beef Tortellini With Creamy Mushroom Sauce 350g,827205,$7.50,$2.14 / 100G,https://www.woolworths.com.au/shop/productdetails/827205/woolworths-beef-tortellini-with-creamy-mushroom-sauce,https://cdn0.woolworths.media/content/wowproductimages/medium/827205.jpg,2020-09-21 17:27:05,Average product rating out of 5: 3.3. Product score is based on 316 ratings,316,2 for $12.00 $1.71/100G,True
eb65af9f-9cd1-430c-b2eb-551a847560ee,Woolworths Supermarket,"Dairy, Eggs & Fridge",Woolworths Macaroni & Cheese 350g,827222,$7.50,$2.14 / 100G,https://www.woolworths.com.au/shop/productdetails/827222/woolworths-macaroni-cheese,https://cdn0.woolworths.media/content/wowproductimages/medium/827222.jpg,2020-09-21 17:27:05,Average product rating out of 5: 3.1. Product score is based on 297 ratings,297,2 for $12.00 $1.71/100G,True
d10a3d86-b548-4b89-92e2-41a4e46f51f6,Woolworths Supermarket,"Dairy, Eggs & Fridge",Woolworths Angus Beef Lasagne 700g,827225,$9.00,$1.29 / 100G,https://www.woolworths.com.au/shop/productdetails/827225/woolworths-angus-beef-lasagne,https://cdn0.woolworths.media/content/wowproductimages/medium/827225.jpg,2020-09-21 17:27:05,Average product rating out of 5: 3.6. Product score is based on 175 ratings,175,,True
5495c9f8-9288-4dc5-925d-abd234496efe,Woolworths Supermarket,"Dairy, Eggs & Fridge",Woolworths Ricotta & Spinach Cannelloni 700g,827226,$10.00,$1.43 / 100G,https://www.woolworths.com.au/shop/productdetails/827226/woolworths-ricotta-spinach-cannelloni,https://cdn0.woolworths.media/content/wowproductimages/medium/827226.jpg,2020-09-21 17:27:05,Average product rating out of 5: 4.0. Product score is based on 75 ratings,75,,True
9e1ff963-f351-406f-868d-09d54818cfd6,Woolworths Supermarket,"Dairy, Eggs & Fridge",Woolworths Rosemary Lamb Shanks 800g,827474,$16.00,$2.00 / 100G,https://www.woolworths.com.au/shop/productdetails/827474/woolworths-rosemary-lamb-shanks,https://cdn0.woolworths.media/content/wowproductimages/medium/827474.jpg,2020-09-21 17:27:05,Average product rating out of 5: 4.3. Product score is based on 173 ratings,173,,True
40edc4eb-af8b-49e4-8b39-e17a3b659c3a,Woolworths Supermarket,"Dairy, Eggs & Fridge",Woolworths Prosciutto Wrapped Chicken 400g,827476,$11.00,$2.75 / 100G,https://www.woolworths.com.au/shop/productdetails/827476/woolworths-prosciutto-wrapped-chicken,https://cdn0.woolworths.media/content/wowproductimages/medium/827476.jpg,2020-09-21 17:27:05,Average product rating out of 5: 3.7. Product score is based on 569 ratings,569,,True
0dbb37d1-6fc0-4169-8f9c-afdff4606d53,Woolworths Supermarket,"Dairy, Eggs & Fridge",Woolworths Leafy Mix 120g,827628,$2.00,$16.67 / 1KG,https://www.woolworths.com.au/shop/productdetails/827628/woolworths-leafy-mix,https://cdn0.woolworths.media/content/wowproductimages/medium/827628.jpg,2020-09-21 17:27:05,Average product rating out of 5: 4.4. Product score is based on 405 ratings,405,,True
6d303aea-6103-4cc7-b37d-5d6b5923d308,Woolworths Supermarket,"Dairy, Eggs & Fridge",Coon Cheese Slices Tasty 750g,187899,$10.00,$13.33 / 1KG,https://www.woolworths.com.au/shop/productdetails/187899/coon-cheese-slices-tasty,https://cdn0.woolworths.media/content/wowproductimages/medium/187899.jpg,2020-09-21 17:27:05,,0,Was $12.00 07/07/2020,True
9881cc83-4dbd-46d8-90a4-72aa8215af7b,Woolworths Supermarket,"Dairy, Eggs & Fridge",Woolworths Drought Relief Full Cream Milk 2l,807383,$2.39,$1.20 / 1L,https://www.woolworths.com.au/shop/productdetails/807383/woolworths-drought-relief-full-cream-milk,https://cdn0.woolworths.media/content/wowproductimages/medium/807383.jpg,2020-09-21 17:27:05,Average product rating out of 5: 4.7. Product score is based on 385 ratings,385,,True
89af55bf-2350-4403-a53c-71a713658cc4,Woolworths Supermarket,"Dairy, Eggs & Fridge",Flora Proactiv Margarine Buttery 750g,763453,$10.00,$1.33 / 100G,https://www.woolworths.com.au/shop/productdetails/763453/flora-proactiv-margarine-buttery,https://cdn0.woolworths.media/content/wowproductimages/medium/763453.jpg,2020-09-21 17:27:05,,0,,True
d4bf7608-037d-40e8-8a89-8b7d9e95264c,Woolworths Supermarket,"Dairy, Eggs & Fridge",A2 Full Cream Milk 2l,208064,$5.30,$2.65 / 1L,https://www.woolworths.com.au/shop/productdetails/208064/a2-full-cream-milk,https://cdn0.woolworths.media/content/wowproductimages/medium/208064.jpg,2020-09-21 17:27:05,,0,,True
a393f6b3-49da-46d7-b479-d33103d31f27,Woolworths Supermarket,"Dairy, Eggs & Fridge",Woolworths Mozzarella Shredded Cheese 500g,728983,$6.00,$12.00 / 1KG,https://www.woolworths.com.au/shop/productdetails/728983/woolworths-mozzarella-shredded-cheese,https://cdn0.woolworths.media/content/wowproductimages/medium/728983.jpg,2020-09-21 17:27:05,Average product rating out of 5: 4.5. Product score is based on 469 ratings,469,,True
9f344c71-4190-4688-8edf-53a38f5d7034,Woolworths Supermarket,"Dairy, Eggs & Fridge",Woolworths Baby Leaf Spinach 120g,524322,$3.00,$25.00 / 1KG,https://www.woolworths.com.au/shop/productdetails/524322/woolworths-baby-leaf-spinach,https://cdn0.woolworths.media/content/wowproductimages/medium/524322.jpg,2020-09-21 17:27:05,Average product rating out of 5: 4.7. Product score is based on 2842 ratings,2842,,True
7d85e62c-8d0c-4524-85c7-aac1c56031c1,Woolworths Supermarket,"Dairy, Eggs & Fridge",Woolworths Single Leaf Baby Spinach 280g,524336,$5.00,$17.86 / 1KG,https://www.woolworths.com.au/shop/productdetails/524336/woolworths-single-leaf-baby-spinach,https://cdn0.woolworths.media/content/wowproductimages/medium/524336.jpg,2020-09-21 17:27:05,Average product rating out of 5: 4.8. Product score is based on 532 ratings,532,,True
bfe26c55-1d6b-44b9-8649-1a01b429dce0,Woolworths Supermarket,"Dairy, Eggs & Fridge",Woolworths Uht Full Cream Milk 1l,748595,$1.25,$1.25 / 1L,https://www.woolworths.com.au/shop/productdetails/748595/woolworths-uht-full-cream-milk,https://cdn0.woolworths.media/content/wowproductimages/medium/748595.jpg,2020-09-21 17:27:05,Average product rating out of 5: 4.9. Product score is based on 36 ratings,36,,True
70c66dae-ea9a-40e4-a636-6f36ec73eca7,Woolworths Supermarket,"Dairy, Eggs & Fridge",Woolworths Drought Relief Full Cream Milk 3l,807384,$3.59,$1.20 / 1L,https://www.woolworths.com.au/shop/productdetails/807384/woolworths-drought-relief-full-cream-milk,https://cdn0.woolworths.media/content/wowproductimages/medium/807384.jpg,2020-09-21 17:27:05,,0,,True
135a58a3-7a8a-4309-b634-227cd7437a35,Woolworths Supermarket,"Dairy, Eggs & Fridge",Woolworths Drought Relief Lite Milk 2l,807385,$2.39,$1.20 / 1L,https://www.woolworths.com.au/shop/productdetails/807385/woolworths-drought-relief-lite-milk,https://cdn0.woolworths.media/content/wowproductimages/medium/807385.jpg,2020-09-21 17:27:05,,0,,True
ed260904-c1ff-40bb-8ad5-6d54c2698af7,Woolworths Supermarket,"Dairy, Eggs & Fridge",Woolworths Drought Relief Lite Milk 3l,807386,$3.59,$1.20 / 1L,https://www.woolworths.com.au/shop/productdetails/807386/woolworths-drought-relief-lite-milk,https://cdn0.woolworths.media/content/wowproductimages/medium/807386.jpg,2020-09-21 17:27:05,,0,,True
fd5ac677-6fcd-42d6-bf11-9f3e62ee66a1,Woolworths Supermarket,"Dairy, Eggs & Fridge",Hillview Tasty Shredded Cheese 700g,491820,$6.60,$9.43 / 1KG,https://www.woolworths.com.au/shop/productdetails/491820/hillview-tasty-shredded-cheese,https://cdn0.woolworths.media/content/wowproductimages/medium/491820.jpg,2020-09-21 17:27:05,Average product rating out of 5: 4.5. Product score is based on 48 ratings,48,,True
19dc1c73-92f5-42ca-ac98-6a5a65a2c599,Woolworths Supermarket,"Dairy, Eggs & Fridge",A2 Light Milk 2l,208066,$5.30,$2.65 / 1L,https://www.woolworths.com.au/shop/productdetails/208066/a2-light-milk,https://cdn0.woolworths.media/content/wowproductimages/medium/208066.jpg,2020-09-21 17:27:05,,0,,True
2ca63b3e-c52c-4188-8be3-b397869a55cc,Woolworths Supermarket,"Dairy, Eggs & Fridge",Hillview Cheese Block 1kg,500187,$8.00,$8.00 / 1KG,https://www.woolworths.com.au/shop/productdetails/500187/hillview-cheese-block,https://cdn0.woolworths.media/content/wowproductimages/medium/500187.jpg,2020-09-21 17:27:05,Average product rating out of 5: 4.5. Product score is based on 66 ratings,66,,True
b00f50fc-b46f-414b-a764-880fc65efe57,Woolworths Supermarket,"Dairy, Eggs & Fridge",Woolworths Thickened Cream 600ml,048720,$3.00,$0.50 / 100ML,https://www.woolworths.com.au/shop/productdetails/48720/woolworths-thickened-cream,https://cdn0.woolworths.media/content/wowproductimages/medium/048720.jpg,2020-09-21 17:27:05,Average product rating out of 5: 4.8. Product score is based on 740 ratings,740,,True
8291046a-5c7d-4d61-a301-e97ff7ea2251,Woolworths Supermarket,"Dairy, Eggs & Fridge",Almond Breeze Unsweetened Almond Milk 1l,761604,$2.50,$2.50 / 1L,https://www.woolworths.com.au/shop/productdetails/761604/almond-breeze-unsweetened-almond-milk,https://cdn0.woolworths.media/content/wowproductimages/medium/761604.jpg,2020-09-21 17:27:05,,0,Was $3.25 13/03/2017,True
5106df7e-d274-474f-9c07-e934c19cd3dd,Woolworths Supermarket,"Dairy, Eggs & Fridge",Woolworths Tasty Shredded Cheese 500g,729026,$6.00,$12.00 / 1KG,https://www.woolworths.com.au/shop/productdetails/729026/woolworths-tasty-shredded-cheese,https://cdn0.woolworths.media/content/wowproductimages/medium/729026.jpg,2020-09-21 17:27:05,Average product rating out of 5: 4.6. Product score is based on 500 ratings,500,,True
d93d2ef3-1174-45e1-9732-758a6144ffa5,Woolworths Supermarket,"Dairy, Eggs & Fridge",Woolworths Baby Spinach Salad Bag 60g,379515,$2.00,$33.33 / 1KG,https://www.woolworths.com.au/shop/productdetails/379515/woolworths-baby-spinach-salad-bag,https://cdn0.woolworths.media/content/wowproductimages/medium/379515.jpg,2020-09-21 17:27:05,Average product rating out of 5: 4.7. Product score is based on 725 ratings,725,,True
ca320f2b-e205-469d-a42d-ee0c65c60c0b,Woolworths Supermarket,"Dairy, Eggs & Fridge",Western Star Original Spreadable 500g,069756,$6.00,$1.20 / 100G,https://www.woolworths.com.au/shop/productdetails/69756/western-star-original-spreadable,https://cdn0.woolworths.media/content/wowproductimages/medium/069756.jpg,2020-09-21 17:27:05,,0,,True
6d30f597-3631-4141-8b47-ecafd4b5c87f,Woolworths Supermarket,"Dairy, Eggs & Fridge",Just 4 You 12 Extra Large Caged Eggs 700g,893974,$3.50,$0.50 / 100G,https://www.woolworths.com.au/shop/productdetails/893974/just-4-you-12-extra-large-caged-eggs,https://cdn0.woolworths.media/content/wowproductimages/medium/893974.jpg,2020-09-21 17:27:05,,0,,True
057aef54-3de7-422b-a782-b33c401f9403,Woolworths Supermarket,"Dairy, Eggs & Fridge",Woolworths Haloumi 180g,829814,$3.50,$19.44 / 1KG,https://www.woolworths.com.au/shop/productdetails/829814/woolworths-haloumi,https://cdn0.woolworths.media/content/wowproductimages/medium/829814.jpg,2020-09-21 17:27:05,Average product rating out of 5: 4.5. Product score is based on 73 ratings,73,,True
dd28e580-05f3-444d-9103-0a4b43d23e3a,Woolworths Supermarket,"Dairy, Eggs & Fridge",Woolworths Butter Chicken With Rice 350g,830497,$7.50,$2.14 / 100G,https://www.woolworths.com.au/shop/productdetails/830497/woolworths-butter-chicken-with-rice,https://cdn0.woolworths.media/content/wowproductimages/medium/830497.jpg,2020-09-21 17:27:05,Average product rating out of 5: 3.9. Product score is based on 319 ratings,319,2 for $12.00 $1.71/100G,True
94945e0b-5c68-4574-a918-eebb6a9dd39c,Woolworths Supermarket,"Dairy, Eggs & Fridge",Woolworths Chicken Tikka Masala With Rice 350g,830498,$7.50,$2.14 / 100G,https://www.woolworths.com.au/shop/productdetails/830498/woolworths-chicken-tikka-masala-with-rice,https://cdn0.woolworths.media/content/wowproductimages/medium/830498.jpg,2020-09-21 17:27:05,Average product rating out of 5: 3.7. Product score is based on 233 ratings,233,2 for $12.00 $1.71/100G,True
8d95eb63-51fd-46dc-92ea-542cf50ff729,Woolworths Supermarket,"Dairy, Eggs & Fridge",Woolworths Chicken Korma With Rice 350g,830499,$7.50,$2.14 / 100G,https://www.woolworths.com.au/shop/productdetails/830499/woolworths-chicken-korma-with-rice,https://cdn0.woolworths.media/content/wowproductimages/medium/830499.jpg,2020-09-21 17:27:05,Average product rating out of 5: 3.5. Product score is based on 272 ratings,272,2 for $12.00 $1.71/100G,True
10705eb2-9fcd-424c-9360-c688ef72cfdc,Woolworths Supermarket,"Dairy, Eggs & Fridge",Woolworths Lamb Rogan Josh With Basmati Rice 350g,830500,$7.50,$2.14 / 100G,https://www.woolworths.com.au/shop/productdetails/830500/woolworths-lamb-rogan-josh-with-basmati-rice,https://cdn0.woolworths.media/content/wowproductimages/medium/830500.jpg,2020-09-21 17:27:05,Average product rating out of 5: 3.4. Product score is based on 220 ratings,220,2 for $12.00 $1.71/100G,True
721d4c3e-9c8f-4f8c-8cdc-a2950b663255,Woolworths Supermarket,"Dairy, Eggs & Fridge",Woolworths Light Thickened Cream 300ml,838737,$1.90,$0.63 / 100ML,https://www.woolworths.com.au/shop/productdetails/838737/woolworths-light-thickened-cream,https://cdn0.woolworths.media/content/wowproductimages/medium/838737.jpg,2020-09-21 17:27:05,Average product rating out of 5: 4.4. Product score is based on 513 ratings,513,,True
b4613aac-bebc-48e0-ab7c-d9919d782803,Woolworths Supermarket,"Dairy, Eggs & Fridge",Woolworths Light Thickened Cream 600ml,838738,$3.00,$0.50 / 100ML,https://www.woolworths.com.au/shop/productdetails/838738/woolworths-light-thickened-cream,https://cdn0.woolworths.media/content/wowproductimages/medium/838738.jpg,2020-09-21 17:27:05,Average product rating out of 5: 4.3. Product score is based on 520 ratings,520,,True
f9a7acd5-1df3-42b3-b638-6c910a804845,Woolworths Supermarket,"Dairy, Eggs & Fridge",Leggos Agnolotti With Spinach & Ricotta 630g,844412,$4.00,$0.63 / 100G,https://www.woolworths.com.au/shop/productdetails/844412/leggos-agnolotti-with-spinach-ricotta,https://cdn0.woolworths.media/content/wowproductimages/medium/844412.jpg,2020-09-21 17:27:05,,0,,True
d4882f90-401a-4c8a-912c-56607cc5af28,Woolworths Supermarket,"Dairy, Eggs & Fridge",Latina Fresh Ricotta & Spinach Ravioli Gluten Free 280g,845773,$7.50,$2.68 / 100G,https://www.woolworths.com.au/shop/productdetails/845773/latina-fresh-ricotta-spinach-ravioli-gluten-free,https://cdn0.woolworths.media/content/wowproductimages/medium/845773.jpg,2020-09-21 17:27:05,,0,,True
289d8b07-a3e9-4935-8bf1-4c79fd956a47,Woolworths Supermarket,"Dairy, Eggs & Fridge",Della Rosa Whole Meal Pizza Base 280g,846444,$2.50,$0.89 / 100G,https://www.woolworths.com.au/shop/productdetails/846444/della-rosa-whole-meal-pizza-base,https://cdn0.woolworths.media/content/wowproductimages/medium/846444.jpg,2020-09-21 17:27:05,,0,,True
9c274ff3-9052-4c7d-9674-5b0917769de7,Woolworths Supermarket,"Dairy, Eggs & Fridge",Woolworths Butter Lettuce 170g,847873,$4.00,$23.53 / 1KG,https://www.woolworths.com.au/shop/productdetails/847873/woolworths-butter-lettuce,https://cdn0.woolworths.media/content/wowproductimages/medium/847873.jpg,2020-09-21 17:27:05,Average product rating out of 5: 4.3. Product score is based on 233 ratings,233,,True
578d2e5c-e8a8-4617-bdf5-fa3a6e7b5b35,Woolworths Supermarket,"Dairy, Eggs & Fridge",Oat-ly Oat Milk Barista Edition 1l,847886,$4.90,$4.90 / 1L,https://www.woolworths.com.au/shop/productdetails/847886/oat-ly-oat-milk-barista-edition,https://cdn0.woolworths.media/content/wowproductimages/medium/847886.jpg,2020-09-21 17:27:05,,0,3 for $13.50 $4.50/1L,True
a7bd30bf-3853-4c3e-8e28-8169ec9f7ea5,Woolworths Supermarket,"Dairy, Eggs & Fridge",Obela Classic Guacamole 220g,856823,$5.00,$2.27 / 100G,https://www.woolworths.com.au/shop/productdetails/856823/obela-classic-guacamole,https://cdn0.woolworths.media/content/wowproductimages/medium/856823.jpg,2020-09-21 17:27:05,,0,,True
ac798a05-c80b-4d07-818d-f40bef61fbda,Woolworths Supermarket,"Dairy, Eggs & Fridge",Pureharvest Almond Milk Unsweetened 1l,858008,$3.10,$3.10 / 1L,https://www.woolworths.com.au/shop/productdetails/858008/pureharvest-almond-milk-unsweetened,https://cdn0.woolworths.media/content/wowproductimages/medium/858008.jpg,2020-09-21 17:27:05,,0,,True
313980e5-2105-4c17-8b2e-a721c19a16f0,Woolworths Supermarket,"Dairy, Eggs & Fridge",Danone Activia Shot Banana Yoghurt 80ml,861016,$1.75,$2.19 / 100ML,https://www.woolworths.com.au/shop/productdetails/861016/danone-activia-shot-banana-yoghurt,https://cdn0.woolworths.media/content/wowproductimages/medium/861016.jpg,2020-09-21 17:27:05,,0,,True
8edf0efb-8f25-4465-84bf-e4a4e9509544,Woolworths Supermarket,"Dairy, Eggs & Fridge",Danone Yopro Vanilla Drink Yoghurt 350ml,861186,$4.60,$1.31 / 100ML,https://www.woolworths.com.au/shop/productdetails/861186/danone-yopro-vanilla-drink-yoghurt,https://cdn0.woolworths.media/content/wowproductimages/medium/861186.jpg,2020-09-21 17:27:05,,0,,True
8e8e518e-00f9-4213-8275-9aea8cec059d,Woolworths Supermarket,"Dairy, Eggs & Fridge",Danone Yopro Strawberry Drink Yoghurt 350ml,861202,$4.60,$1.31 / 100ML,https://www.woolworths.com.au/shop/productdetails/861202/danone-yopro-strawberry-drink-yoghurt,https://cdn0.woolworths.media/content/wowproductimages/medium/861202.jpg,2020-09-21 17:27:05,,0,,True
0078408a-ae10-4c67-9a9a-ad625167b3f6,Woolworths Supermarket,"Dairy, Eggs & Fridge",Danone Activia Shot Vanilla Yoghurt 80ml,861233,$1.75,$2.19 / 100ML,https://www.woolworths.com.au/shop/productdetails/861233/danone-activia-shot-vanilla-yoghurt,https://cdn0.woolworths.media/content/wowproductimages/medium/861233.jpg,2020-09-21 17:27:05,,0,,True
e84019c0-a801-4f26-a98e-a2a9a3b2eb32,Woolworths Supermarket,"Dairy, Eggs & Fridge",Danone Activia Shot Strawberry Yoghurt 80ml,861240,$1.75,$2.19 / 100ML,https://www.woolworths.com.au/shop/productdetails/861240/danone-activia-shot-strawberry-yoghurt,https://cdn0.woolworths.media/content/wowproductimages/medium/861240.jpg,2020-09-21 17:27:05,,0,,True
43fad879-4cb9-4901-ba76-b64318dba720,Woolworths Supermarket,"Dairy, Eggs & Fridge",The Collective Pro Kefir Yoghurt Pouch Strawberry 100g,861823,$1.20,$1.20 / 100G,https://www.woolworths.com.au/shop/productdetails/861823/the-collective-pro-kefir-yoghurt-pouch-strawberry,https://cdn0.woolworths.media/content/wowproductimages/medium/861823.jpg,2020-09-21 17:27:05,,0,,True
a4f9ecc4-34c4-499e-9ea0-79c9e4df90c6,Woolworths Supermarket,"Dairy, Eggs & Fridge",The Collective Pro Kefir Yoghurt Pouch Blueberry 100g,861824,$1.20,$1.20 / 100G,https://www.woolworths.com.au/shop/productdetails/861824/the-collective-pro-kefir-yoghurt-pouch-blueberry,https://cdn0.woolworths.media/content/wowproductimages/medium/861824.jpg,2020-09-21 17:27:05,,0,,True
00e1f973-dc5a-4428-b398-ce9f023c0338,Woolworths Supermarket,"Dairy, Eggs & Fridge",Tamar Valley Yoghurt No Added Sugar Strawberry 170g,862172,$2.25,$1.32 / 100G,https://www.woolworths.com.au/shop/productdetails/862172/tamar-valley-yoghurt-no-added-sugar-strawberry,https://cdn0.woolworths.media/content/wowproductimages/medium/862172.jpg,2020-09-21 17:27:05,,0,,True
9ab16a51-5e9d-442e-b953-2f542c2bfe1b,Woolworths Supermarket,"Dairy, Eggs & Fridge",The Collective Kefir Yoghurt Pouch Mango 100g,862223,$1.20,$1.20 / 100G,https://www.woolworths.com.au/shop/productdetails/862223/the-collective-kefir-yoghurt-pouch-mango,https://cdn0.woolworths.media/content/wowproductimages/medium/862223.jpg,2020-09-21 17:27:05,,0,,True
ee972028-d974-4dc4-ac42-bc85995d06c1,Woolworths Supermarket,"Dairy, Eggs & Fridge",Tamar Valley Yoghurt No Added Sugar Mango 170g,862412,$2.25,$1.32 / 100G,https://www.woolworths.com.au/shop/productdetails/862412/tamar-valley-yoghurt-no-added-sugar-mango,https://cdn0.woolworths.media/content/wowproductimages/medium/862412.jpg,2020-09-21 17:27:05,,0,,True
ab193463-3eb1-4d39-9230-f41918974790,Woolworths Supermarket,"Dairy, Eggs & Fridge",Coon Cheese Slices Tasty 750g,187899,$10.00,$13.33 / 1KG,https://www.woolworths.com.au/shop/productdetails/187899/coon-cheese-slices-tasty,https://cdn0.woolworths.media/content/wowproductimages/medium/187899.jpg,2020-09-21 17:27:05,,0,Was $12.00 07/07/2020,True
d416d993-9900-4812-bbfb-a83b92dede39,Woolworths Supermarket,"Dairy, Eggs & Fridge",A2 Light Milk 2l,208066,$5.30,$2.65 / 1L,https://www.woolworths.com.au/shop/productdetails/208066/a2-light-milk,https://cdn0.woolworths.media/content/wowproductimages/medium/208066.jpg,2020-09-21 17:27:05,,0,,True
c1f5959d-3336-419a-b273-587bf0aad698,Woolworths Supermarket,"Dairy, Eggs & Fridge",Woolworths Baby Leaf Spinach 120g,524322,$3.00,$25.00 / 1KG,https://www.woolworths.com.au/shop/productdetails/524322/woolworths-baby-leaf-spinach,https://cdn0.woolworths.media/content/wowproductimages/medium/524322.jpg,2020-09-21 17:27:05,Average product rating out of 5: 4.7. Product score is based on 2842 ratings,2842,,True
969d1a3c-c83f-4559-8ad4-2c735aae8239,Woolworths Supermarket,"Dairy, Eggs & Fridge",Woolworths Tasty Shredded Cheese 500g,729026,$6.00,$12.00 / 1KG,https://www.woolworths.com.au/shop/productdetails/729026/woolworths-tasty-shredded-cheese,https://cdn0.woolworths.media/content/wowproductimages/medium/729026.jpg,2020-09-21 17:27:05,Average product rating out of 5: 4.6. Product score is based on 500 ratings,500,,True
f21082ea-fd0d-42ad-8ff2-8883601e8020,Woolworths Supermarket,"Dairy, Eggs & Fridge",Hillview Tasty Shredded Cheese 700g,491820,$6.60,$9.43 / 1KG,https://www.woolworths.com.au/shop/productdetails/491820/hillview-tasty-shredded-cheese,https://cdn0.woolworths.media/content/wowproductimages/medium/491820.jpg,2020-09-21 17:27:05,Average product rating out of 5: 4.5. Product score is based on 48 ratings,48,,True
b06b2b10-e379-4dcc-8c6a-dadaf6db6429,Woolworths Supermarket,"Dairy, Eggs & Fridge",Woolworths Mozzarella Shredded Cheese 500g,728983,$6.00,$12.00 / 1KG,https://www.woolworths.com.au/shop/productdetails/728983/woolworths-mozzarella-shredded-cheese,https://cdn0.woolworths.media/content/wowproductimages/medium/728983.jpg,2020-09-21 17:27:05,Average product rating out of 5: 4.5. Product score is based on 469 ratings,469,,True
af533cf8-fba3-4b4c-9dfd-ef4378e81d85,Woolworths Supermarket,"Dairy, Eggs & Fridge",Almond Breeze Unsweetened Almond Milk 1l,761604,$2.50,$2.50 / 1L,https://www.woolworths.com.au/shop/productdetails/761604/almond-breeze-unsweetened-almond-milk,https://cdn0.woolworths.media/content/wowproductimages/medium/761604.jpg,2020-09-21 17:27:05,,0,Was $3.25 13/03/2017,True
78213ef6-e29b-4bfe-8665-9d940208869c,Woolworths Supermarket,"Dairy, Eggs & Fridge",Western Star Original Spreadable 500g,069756,$6.00,$1.20 / 100G,https://www.woolworths.com.au/shop/productdetails/69756/western-star-original-spreadable,https://cdn0.woolworths.media/content/wowproductimages/medium/069756.jpg,2020-09-21 17:27:05,,0,,True
c1513097-a42b-4645-acbc-02958bd3f9b3,Woolworths Supermarket,"Dairy, Eggs & Fridge",Woolworths Uht Full Cream Milk 1l,748595,$1.25,$1.25 / 1L,https://www.woolworths.com.au/shop/productdetails/748595/woolworths-uht-full-cream-milk,https://cdn0.woolworths.media/content/wowproductimages/medium/748595.jpg,2020-09-21 17:27:05,Average product rating out of 5: 4.9. Product score is based on 36 ratings,36,,True
f419d365-424b-44fc-a535-173f82e978ef,Woolworths Supermarket,"Dairy, Eggs & Fridge",Woolworths Drought Relief Lite Milk 2l,807385,$2.39,$1.20 / 1L,https://www.woolworths.com.au/shop/productdetails/807385/woolworths-drought-relief-lite-milk,https://cdn0.woolworths.media/content/wowproductimages/medium/807385.jpg,2020-09-21 17:27:05,,0,,True
cfdbf22f-3dd8-481c-a100-06dee97d3e40,Woolworths Supermarket,"Dairy, Eggs & Fridge",Woolworths Drought Relief Lite Milk 3l,807386,$3.59,$1.20 / 1L,https://www.woolworths.com.au/shop/productdetails/807386/woolworths-drought-relief-lite-milk,https://cdn0.woolworths.media/content/wowproductimages/medium/807386.jpg,2020-09-21 17:27:05,,0,,True
7cba13e4-2189-4d79-9056-5154e23c85f6,Woolworths Supermarket,"Dairy, Eggs & Fridge",Woolworths Single Leaf Baby Spinach 280g,524336,$5.00,$17.86 / 1KG,https://www.woolworths.com.au/shop/productdetails/524336/woolworths-single-leaf-baby-spinach,https://cdn0.woolworths.media/content/wowproductimages/medium/524336.jpg,2020-09-21 17:27:05,Average product rating out of 5: 4.8. Product score is based on 532 ratings,532,,True
40633600-f2c9-4055-9167-87b0cd4ef09b,Woolworths Supermarket,"Dairy, Eggs & Fridge",Woolworths Thickened Cream 600ml,048720,$3.00,$0.50 / 100ML,https://www.woolworths.com.au/shop/productdetails/48720/woolworths-thickened-cream,https://cdn0.woolworths.media/content/wowproductimages/medium/048720.jpg,2020-09-21 17:27:05,Average product rating out of 5: 4.8. Product score is based on 740 ratings,740,,True
bb5c5993-f850-4fe8-bb59-45ef85f098ab,Woolworths Supermarket,"Dairy, Eggs & Fridge",Woolworths Drought Relief Full Cream Milk 2l,807383,$2.39,$1.20 / 1L,https://www.woolworths.com.au/shop/productdetails/807383/woolworths-drought-relief-full-cream-milk,https://cdn0.woolworths.media/content/wowproductimages/medium/807383.jpg,2020-09-21 17:27:05,Average product rating out of 5: 4.7. Product score is based on 385 ratings,385,,True
149dd322-15b9-4517-ad2c-ca47c77849c0,Woolworths Supermarket,"Dairy, Eggs & Fridge",Flora Proactiv Margarine Buttery 750g,763453,$10.00,$1.33 / 100G,https://www.woolworths.com.au/shop/productdetails/763453/flora-proactiv-margarine-buttery,https://cdn0.woolworths.media/content/wowproductimages/medium/763453.jpg,2020-09-21 17:27:05,,0,,True
943acc75-1ef4-48ea-b4ed-543684e8aae4,Woolworths Supermarket,"Dairy, Eggs & Fridge",Just 4 You 12 Extra Large Caged Eggs 700g,893974,$3.50,$0.50 / 100G,https://www.woolworths.com.au/shop/productdetails/893974/just-4-you-12-extra-large-caged-eggs,https://cdn0.woolworths.media/content/wowproductimages/medium/893974.jpg,2020-09-21 17:27:05,,0,,True
5b12a74c-e31f-4cbc-a72a-72374a47ad7b,Woolworths Supermarket,"Dairy, Eggs & Fridge",Hillview Cheese Block 1kg,500187,$8.00,$8.00 / 1KG,https://www.woolworths.com.au/shop/productdetails/500187/hillview-cheese-block,https://cdn0.woolworths.media/content/wowproductimages/medium/500187.jpg,2020-09-21 17:27:05,Average product rating out of 5: 4.5. Product score is based on 66 ratings,66,,True
9bf0fae4-1726-4b4b-9b16-6e04b5351532,Woolworths Supermarket,"Dairy, Eggs & Fridge",A2 Full Cream Milk 2l,208064,$5.30,$2.65 / 1L,https://www.woolworths.com.au/shop/productdetails/208064/a2-full-cream-milk,https://cdn0.woolworths.media/content/wowproductimages/medium/208064.jpg,2020-09-21 17:27:05,,0,,True
cf9f9fd6-aef1-4964-9704-faeac602d98e,Woolworths Supermarket,"Dairy, Eggs & Fridge",Woolworths Drought Relief Full Cream Milk 3l,807384,$3.59,$1.20 / 1L,https://www.woolworths.com.au/shop/productdetails/807384/woolworths-drought-relief-full-cream-milk,https://cdn0.woolworths.media/content/wowproductimages/medium/807384.jpg,2020-09-21 17:27:05,,0,,True
d35f31bf-5200-4711-81e1-3821f2071e78,Woolworths Supermarket,"Dairy, Eggs & Fridge",Woolworths Baby Spinach Salad Bag 60g,379515,$2.00,$33.33 / 1KG,https://www.woolworths.com.au/shop/productdetails/379515/woolworths-baby-spinach-salad-bag,https://cdn0.woolworths.media/content/wowproductimages/medium/379515.jpg,2020-09-21 17:27:05,Average product rating out of 5: 4.7. Product score is based on 725 ratings,725,,True
bcd26ff7-858b-43fd-ab15-2a3507ce7cae,Woolworths Supermarket,"Dairy, Eggs & Fridge",Tamar Valley Yoghurt Pouch Raspberry 110g,862414,$1.80,$1.64 / 100G,https://www.woolworths.com.au/shop/productdetails/862414/tamar-valley-yoghurt-pouch-raspberry,https://cdn0.woolworths.media/content/wowproductimages/medium/862414.jpg,2020-09-21 17:27:05,,0,,True
b3923a38-fd6f-4b3a-82ef-0d3b239d5e36,Woolworths Supermarket,"Dairy, Eggs & Fridge",Nestle Milo Dessert Energy Snack 6 pack,862415,$5.50,$0.61 / 100G,https://www.woolworths.com.au/shop/productdetails/862415/nestle-milo-dessert-energy-snack,https://cdn0.woolworths.media/content/wowproductimages/medium/862415.jpg,2020-09-21 17:27:05,,0,,True
7990d5d0-5aef-4f61-814a-7c326c3db1cf,Woolworths Supermarket,"Dairy, Eggs & Fridge",Siggi's 4% Fat Yoghurt Vanilla 125g,862488,$1.25,$1.00 / 100G,https://www.woolworths.com.au/shop/productdetails/862488/siggi-s-4-fat-yoghurt-vanilla,https://cdn0.woolworths.media/content/wowproductimages/medium/862488.jpg,2020-09-21 17:27:05,,0,,True
77c0be14-cf16-4a7a-bae7-68138ea586b6,Woolworths Supermarket,"Dairy, Eggs & Fridge",Siggi's 4% Fat Yoghurt Mango 125g,862489,$1.25,$1.00 / 100G,https://www.woolworths.com.au/shop/productdetails/862489/siggi-s-4-fat-yoghurt-mango,https://cdn0.woolworths.media/content/wowproductimages/medium/862489.jpg,2020-09-21 17:27:05,,0,,True
b8d328b4-34db-4823-bb04-eb86d4cce9da,Woolworths Supermarket,"Dairy, Eggs & Fridge",Pauls Kids Yoghurt Pouch Vanilla 70g,862492,$1.40,$2.00 / 100G,https://www.woolworths.com.au/shop/productdetails/862492/pauls-kids-yoghurt-pouch-vanilla,https://cdn0.woolworths.media/content/wowproductimages/medium/862492.jpg,2020-09-21 17:27:05,,0,,True
5910e333-844d-4ef2-b8d3-5a9a7be92096,Woolworths Supermarket,"Dairy, Eggs & Fridge",Pauls Kids Yoghurt Pouch Strawberry 70g,862494,$1.40,$2.00 / 100G,https://www.woolworths.com.au/shop/productdetails/862494/pauls-kids-yoghurt-pouch-strawberry,https://cdn0.woolworths.media/content/wowproductimages/medium/862494.jpg,2020-09-21 17:27:05,,0,,True
54ab412a-5707-4a07-9389-442c617f601a,Woolworths Supermarket,"Dairy, Eggs & Fridge",Siggi's 4% Fat Yoghurt Raspberry 125g,862495,$1.25,$1.00 / 100G,https://www.woolworths.com.au/shop/productdetails/862495/siggi-s-4-fat-yoghurt-raspberry,https://cdn0.woolworths.media/content/wowproductimages/medium/862495.jpg,2020-09-21 17:27:05,,0,,True
e98cb059-9eb8-48e5-9f26-a7f688527ba1,Woolworths Supermarket,"Dairy, Eggs & Fridge",Siggi's 4% Fat Yoghurt Mixed Berry 125g,862516,$1.25,$1.00 / 100G,https://www.woolworths.com.au/shop/productdetails/862516/siggi-s-4-fat-yoghurt-mixed-berry,https://cdn0.woolworths.media/content/wowproductimages/medium/862516.jpg,2020-09-21 17:27:05,,0,,True
dc2a7da3-4184-4dbd-b230-9515489368d0,Woolworths Supermarket,"Dairy, Eggs & Fridge",Siggi's 4% Yoghurt Limited Edition Flavour 125g,862520,$1.25,$1.00 / 100G,https://www.woolworths.com.au/shop/productdetails/862520/siggi-s-4-yoghurt-limited-edition-flavour,https://cdn0.woolworths.media/content/wowproductimages/medium/862520.jpg,2020-09-21 17:27:05,,0,,True
27ff0461-fc6c-4d8f-ac73-d5accd787eee,Woolworths Supermarket,"Dairy, Eggs & Fridge",Pauls Kids Yoghurt Pouch Strawberry 70g,862575,$1.40,$2.00 / 100G,https://www.woolworths.com.au/shop/productdetails/862575/pauls-kids-yoghurt-pouch-strawberry,https://cdn0.woolworths.media/content/wowproductimages/medium/862575.jpg,2020-09-21 17:27:05,,0,,True
fa387df9-bce9-44ab-a480-135ce7d139d3,Woolworths Supermarket,"Dairy, Eggs & Fridge",Pauls Kids Yoghurt Pouch Banana 70g,862577,$1.40,$2.00 / 100G,https://www.woolworths.com.au/shop/productdetails/862577/pauls-kids-yoghurt-pouch-banana,https://cdn0.woolworths.media/content/wowproductimages/medium/862577.jpg,2020-09-21 17:27:05,,0,,True
d791a8c6-f93d-4dfa-83d2-7d6a2b3a7952,Woolworths Supermarket,"Dairy, Eggs & Fridge",Macro Organic Unsalted Butter 250g,862996,$3.70,$1.48 / 100G,https://www.woolworths.com.au/shop/productdetails/862996/macro-organic-unsalted-butter,https://cdn0.woolworths.media/content/wowproductimages/medium/862996.jpg,2020-09-21 17:27:05,,0,,True
746a0cdc-35bd-434a-a9c5-40ccba45b60c,Woolworths Supermarket,"Dairy, Eggs & Fridge",Pauls Milky Max Chocolate Flavoured Milk 250ml,865319,$1.90,$7.60 / 1L,https://www.woolworths.com.au/shop/productdetails/865319/pauls-milky-max-chocolate-flavoured-milk,https://cdn0.woolworths.media/content/wowproductimages/medium/865319.jpg,2020-09-21 17:27:05,,0,,True
3c2a7cae-f69e-4c4f-b4af-a7700729605b,Woolworths Supermarket,"Dairy, Eggs & Fridge",Pauls Milky Max Strawberry Flavoured Milk 250ml,865321,$1.90,$7.60 / 1L,https://www.woolworths.com.au/shop/productdetails/865321/pauls-milky-max-strawberry-flavoured-milk,https://cdn0.woolworths.media/content/wowproductimages/medium/865321.jpg,2020-09-21 17:27:05,,0,,True
45fe9878-de1a-405d-95ca-8e8432b27e68,Woolworths Supermarket,"Dairy, Eggs & Fridge",Danone Yopro Vanilla Yoghurt 700g,867015,$6.00,$0.86 / 100G,https://www.woolworths.com.au/shop/productdetails/867015/danone-yopro-vanilla-yoghurt,https://cdn0.woolworths.media/content/wowproductimages/medium/867015.jpg,2020-09-21 17:27:05,,0,Was $7.00 02/10/2018,True
2075ea64-91ff-4c0a-afde-db1cb140947f,Woolworths Supermarket,"Dairy, Eggs & Fridge",Ritz Dipz French Onion 185g,867682,$2.75,$1.49 / 100G,https://www.woolworths.com.au/shop/productdetails/867682/ritz-dipz-french-onion,https://cdn0.woolworths.media/content/wowproductimages/medium/867682.jpg,2020-09-21 17:27:05,,0,,True
37b96ec7-0238-4ab1-94a6-9d7190d7aab5,Woolworths Supermarket,"Dairy, Eggs & Fridge",Ritz Dipz Smoked Salmon & Dill 185g,867718,$2.75,$1.49 / 100G,https://www.woolworths.com.au/shop/productdetails/867718/ritz-dipz-smoked-salmon-dill,https://cdn0.woolworths.media/content/wowproductimages/medium/867718.jpg,2020-09-21 17:27:05,,0,,True
98a55615-e1f9-4199-96d0-792a3079f035,Woolworths Supermarket,"Dairy, Eggs & Fridge",Ritz Dipz Sour Cream & Chives 185g,867981,$2.75,$1.49 / 100G,https://www.woolworths.com.au/shop/productdetails/867981/ritz-dipz-sour-cream-chives,https://cdn0.woolworths.media/content/wowproductimages/medium/867981.jpg,2020-09-21 17:27:05,,0,,True
fd7e99b4-8818-46a3-81f4-047935637412,Woolworths Supermarket,"Dairy, Eggs & Fridge",Wicked Sister Vanilla Creme Brulee 100g x2 pack,872204,$3.20,$1.60 / 100G,https://www.woolworths.com.au/shop/productdetails/872204/wicked-sister-vanilla-creme-brulee,https://cdn0.woolworths.media/content/wowproductimages/medium/872204.jpg,2020-09-21 17:27:05,,0,,True
ce5df8ca-09cb-4bce-9e84-e8bb45940bb7,Woolworths Supermarket,"Dairy, Eggs & Fridge",Nakula Organic Yoghurt Natural Unsweetened 1kg,872611,$10.00,$1.00 / 100G,https://www.woolworths.com.au/shop/productdetails/872611/nakula-organic-yoghurt-natural-unsweetened,https://cdn0.woolworths.media/content/wowproductimages/medium/872611.jpg,2020-09-21 17:27:05,,0,,True
3bcc9072-626e-415a-bc97-57f9f3302bcd,Woolworths Supermarket,"Dairy, Eggs & Fridge",Bean Supreme Black Bean & Beetroot Burger 340g,876524,$8.00,$2.35 / 100G,https://www.woolworths.com.au/shop/productdetails/876524/bean-supreme-black-bean-beetroot-burger,https://cdn0.woolworths.media/content/wowproductimages/medium/876524.jpg,2020-09-21 17:27:05,,0,,True
6c0c6eab-25cd-4e36-ad9e-d230cfbf6659,Woolworths Supermarket,"Dairy, Eggs & Fridge",Dare Mocha Flavoured Milk 750ml,876991,$4.10,$5.47 / 1L,https://www.woolworths.com.au/shop/productdetails/876991/dare-mocha-flavoured-milk,https://cdn0.woolworths.media/content/wowproductimages/medium/876991.jpg,2020-09-21 17:27:05,,0,3 for $10.50 $4.67/1L,True
6a2a3109-2fc2-4148-8316-18a61cce8786,Woolworths Supermarket,"Dairy, Eggs & Fridge",Jalna Natural Greek Yoghurt 170g,877065,$1.95,$1.15 / 100G,https://www.woolworths.com.au/shop/productdetails/877065/jalna-natural-greek-yoghurt,https://cdn0.woolworths.media/content/wowproductimages/medium/877065.jpg,2020-09-21 17:27:05,,0,,True
4c878f7a-f878-49da-84e6-77e0929dc184,Woolworths Supermarket,"Dairy, Eggs & Fridge",Oak Chocolate Flavoured Milk 3x250ml,878734,$2.90,$3.87 / 1L,https://www.woolworths.com.au/shop/productdetails/878734/oak-chocolate-flavoured-milk,https://cdn0.woolworths.media/content/wowproductimages/medium/878734.jpg,2020-09-21 17:27:05,,0,,True
802f14b8-77f1-40e7-890f-97c382d1087f,Woolworths Supermarket,"Dairy, Eggs & Fridge",Woolworths Baby Spinach Salad Bag 60g,379515,$2.00,$33.33 / 1KG,https://www.woolworths.com.au/shop/productdetails/379515/woolworths-baby-spinach-salad-bag,https://cdn0.woolworths.media/content/wowproductimages/medium/379515.jpg,2020-09-21 17:27:05,Average product rating out of 5: 4.7. Product score is based on 725 ratings,725,,True
1a5a8f31-e770-4d5f-81dd-53691ee25861,Woolworths Supermarket,"Dairy, Eggs & Fridge",A2 Light Milk 2l,208066,$5.30,$2.65 / 1L,https://www.woolworths.com.au/shop/productdetails/208066/a2-light-milk,https://cdn0.woolworths.media/content/wowproductimages/medium/208066.jpg,2020-09-21 17:27:05,,0,,True
63ab9f16-10ee-406e-9662-bd6909b82455,Woolworths Supermarket,"Dairy, Eggs & Fridge",Dairy Farmers Thick & Creamy Classic Vanilla Yoghurt 150g,777320,$1.00,$0.67 / 100G,https://www.woolworths.com.au/shop/productdetails/777320/dairy-farmers-thick-creamy-classic-vanilla-yoghurt,https://cdn0.woolworths.media/content/wowproductimages/medium/777320.jpg,2020-09-21 17:27:05,,0,,True
1a579bc7-e5ab-4446-976a-9fa60dceb667,Woolworths Supermarket,"Dairy, Eggs & Fridge",Woolworths Mozzarella Shredded Cheese 500g,728983,$6.00,$12.00 / 1KG,https://www.woolworths.com.au/shop/productdetails/728983/woolworths-mozzarella-shredded-cheese,https://cdn0.woolworths.media/content/wowproductimages/medium/728983.jpg,2020-09-21 17:27:05,Average product rating out of 5: 4.5. Product score is based on 469 ratings,469,,True
94264fa2-3b4f-4d20-8dae-e34f8e678f8e,Woolworths Supermarket,"Dairy, Eggs & Fridge",Macro Firm Tofu 450g,023038,$3.50,$7.78 / 1KG,https://www.woolworths.com.au/shop/productdetails/23038/macro-firm-tofu,https://cdn0.woolworths.media/content/wowproductimages/medium/023038.jpg,2020-09-21 17:27:05,Average product rating out of 5: 4.1. Product score is based on 270 ratings,270,,True
aaac6b7c-9af4-4203-aa38-2074fa2ead7d,Woolworths Supermarket,"Dairy, Eggs & Fridge",Dairy Farmers Thick & Creamy Yellow Box Honey Yoghurt 150g,768112,$1.00,$0.67 / 100G,https://www.woolworths.com.au/shop/productdetails/768112/dairy-farmers-thick-creamy-yellow-box-honey-yoghurt,https://cdn0.woolworths.media/content/wowproductimages/medium/768112.jpg,2020-09-21 17:27:05,,0,,True
de37fc54-3b3c-4e02-86ac-93409985fdda,Woolworths Supermarket,"Dairy, Eggs & Fridge",Western Star Original Spreadable 500g,069756,$6.00,$1.20 / 100G,https://www.woolworths.com.au/shop/productdetails/69756/western-star-original-spreadable,https://cdn0.woolworths.media/content/wowproductimages/medium/069756.jpg,2020-09-21 17:27:05,,0,,True
a61feec3-3425-46a1-a319-479c9e16c5bf,Woolworths Supermarket,"Dairy, Eggs & Fridge",Tamar Valley Kids Yoghurt Pouch Vanilla 110g,508826,$1.80,$1.64 / 100G,https://www.woolworths.com.au/shop/productdetails/508826/tamar-valley-kids-yoghurt-pouch-vanilla,https://cdn0.woolworths.media/content/wowproductimages/medium/508826.jpg,2020-09-21 17:27:05,,0,,True
2c8459ba-b424-4694-bb2f-a6013adaee14,Woolworths Supermarket,"Dairy, Eggs & Fridge",Pauls Yoghurt Pouch Vanilla Kids Yoghurt 70g,705258,$1.40,$2.00 / 100G,https://www.woolworths.com.au/shop/productdetails/705258/pauls-yoghurt-pouch-vanilla-kids-yoghurt,https://cdn0.woolworths.media/content/wowproductimages/medium/705258.jpg,2020-09-21 17:27:05,,0,,True
200c0be6-bcac-44a7-b15e-c35b89b5e1ef,Woolworths Supermarket,"Dairy, Eggs & Fridge",Devondale Salted Butter 250g,075645,$3.20,$1.28 / 100G,https://www.woolworths.com.au/shop/productdetails/75645/devondale-salted-butter,https://cdn0.woolworths.media/content/wowproductimages/medium/075645.jpg,2020-09-21 17:27:05,,0,,True
d3cdae16-2173-4317-9418-3167709f425e,Woolworths Supermarket,"Dairy, Eggs & Fridge",Tasmanian Heritage Double Brie Cheese 250g,077182,$11.80,$47.20 / 1KG,https://www.woolworths.com.au/shop/productdetails/77182/tasmanian-heritage-double-brie-cheese,https://cdn0.woolworths.media/content/wowproductimages/medium/077182.jpg,2020-09-21 17:27:05,,0,,True
c1b85223-134e-4514-a602-a70cfbee4b02,Woolworths Supermarket,"Dairy, Eggs & Fridge",Pace Farm 12 Extra Large Free Range Eggs 700g,092953,$5.95,$0.85 / 100G,https://www.woolworths.com.au/shop/productdetails/92953/pace-farm-12-extra-large-free-range-eggs,https://cdn0.woolworths.media/content/wowproductimages/medium/092953.jpg,2020-09-21 17:27:05,,0,,True
ecc3e8ea-2852-4bd4-96a6-26d8ac8b1739,Woolworths Supermarket,"Dairy, Eggs & Fridge",Woolworths Classic Coleslaw 200g,531041,$2.00,$10.00 / 1KG,https://www.woolworths.com.au/shop/productdetails/531041/woolworths-classic-coleslaw,https://cdn0.woolworths.media/content/wowproductimages/medium/531041.jpg,2020-09-21 17:27:05,Average product rating out of 5: 4.2. Product score is based on 371 ratings,371,,True
780fcb8d-4b1e-4760-b526-29a14a498299,Woolworths Supermarket,"Dairy, Eggs & Fridge",Chobani No Fat Raspberry Yoghurt 170g,752079,$1.80,$1.06 / 100G,https://www.woolworths.com.au/shop/productdetails/752079/chobani-no-fat-raspberry-yoghurt,https://cdn0.woolworths.media/content/wowproductimages/medium/752079.jpg,2020-09-21 17:27:05,,0,Was $2.00 26/04/2020,True
36ea2c3a-bcf5-424e-a75d-4734821b177a,Woolworths Supermarket,"Dairy, Eggs & Fridge",Meadowlea Original Spread 500g,048016,$3.30,$0.66 / 100G,https://www.woolworths.com.au/shop/productdetails/48016/meadowlea-original-spread,https://cdn0.woolworths.media/content/wowproductimages/medium/048016.jpg,2020-09-21 17:27:05,,0,,True
8c499f9a-8dc4-47c1-a0ef-d50c105d2488,Woolworths Supermarket,"Dairy, Eggs & Fridge",Dairy Farmers Thick & Creamy Mango & Passionfruit Yoghurt 150g,768054,$1.00,$0.67 / 100G,https://www.woolworths.com.au/shop/productdetails/768054/dairy-farmers-thick-creamy-mango-passionfruit-yoghurt,https://cdn0.woolworths.media/content/wowproductimages/medium/768054.jpg,2020-09-21 17:27:05,,0,,True
3fda7e40-1bc0-4442-9291-eaeaeaec7668,Woolworths Supermarket,"Dairy, Eggs & Fridge",Pauls Zymil Light Lactose Free Milk 1l,144000,$3.10,$3.10 / 1L,https://www.woolworths.com.au/shop/productdetails/144000/pauls-zymil-light-lactose-free-milk,https://cdn0.woolworths.media/content/wowproductimages/medium/144000.jpg,2020-09-21 17:27:05,,0,,True
2c7df921-7f1f-42df-9083-824cce0b52f5,Woolworths Supermarket,"Dairy, Eggs & Fridge",Woolworths Beef Lasagne 2kg,194648,$12.50,$6.25 / 1KG,https://www.woolworths.com.au/shop/productdetails/194648/woolworths-beef-lasagne,https://cdn0.woolworths.media/content/wowproductimages/medium/194648.jpg,2020-09-21 17:27:05,Average product rating out of 5: 3.5. Product score is based on 598 ratings,598,Was $15.5 24/09/2018,True
b7f26ce3-e28d-4d4b-9f17-e58486872c4c,Woolworths Supermarket,"Dairy, Eggs & Fridge",Woolworths Vanilla Yoghurt Pouch 70g,891954,$0.75,$1.07 / 100G,https://www.woolworths.com.au/shop/productdetails/891954/woolworths-vanilla-yoghurt-pouch,https://cdn0.woolworths.media/content/wowproductimages/medium/891954.jpg,2020-09-21 17:27:05,Average product rating out of 5: 4.2. Product score is based on 476 ratings,476,,True
2cd43a26-0fc8-4ce2-97a6-65214d05cf81,Woolworths Supermarket,"Dairy, Eggs & Fridge",Devondale 3 Cheese Blend Shredded Cheese 600g,807863,$7.50,$12.50 / 1KG,https://www.woolworths.com.au/shop/productdetails/807863/devondale-3-cheese-blend-shredded-cheese,https://cdn0.woolworths.media/content/wowproductimages/medium/807863.jpg,2020-09-21 17:27:05,,0,,True
a85301d7-590a-4031-a214-3a8afc2bed76,Woolworths Supermarket,"Dairy, Eggs & Fridge",Oak Strawberry Flavoured Milk (3x250ml) 750ml,878752,$2.90,$3.87 / 1L,https://www.woolworths.com.au/shop/productdetails/878752/oak-strawberry-flavoured-milk-3x250ml-,https://cdn0.woolworths.media/content/wowproductimages/medium/878752.jpg,2020-09-21 17:27:05,,0,,True
e2a1b232-bf60-4443-be99-11f69ff30657,Woolworths Supermarket,"Dairy, Eggs & Fridge",Weight Watchers Mustard Steak 400g,880261,$10.00,$2.50 / 100G,https://www.woolworths.com.au/shop/productdetails/880261/weight-watchers-mustard-steak,https://cdn0.woolworths.media/content/wowproductimages/medium/880261.jpg,2020-09-21 17:27:05,,0,,True
64d1d124-40dc-4d59-b7b8-643f9ef0e708,Woolworths Supermarket,"Dairy, Eggs & Fridge",Weight Watchers Peri Peri Chicken 400g,880524,$10.00,$2.50 / 100G,https://www.woolworths.com.au/shop/productdetails/880524/weight-watchers-peri-peri-chicken,https://cdn0.woolworths.media/content/wowproductimages/medium/880524.jpg,2020-09-21 17:27:05,,0,,True
c5ec6793-4278-4776-8632-a719e429806b,Woolworths Supermarket,"Dairy, Eggs & Fridge",Woolworths Tasty Cheese Block 1kg,891325,$8.80,$8.80 / 1KG,https://www.woolworths.com.au/shop/productdetails/891325/woolworths-tasty-cheese-block,https://cdn0.woolworths.media/content/wowproductimages/medium/891325.jpg,2020-09-21 17:27:05,Average product rating out of 5: 4.7. Product score is based on 410 ratings,410,,True
f74ff0b3-5735-42f9-b25c-0e1accaaaabc,Woolworths Supermarket,"Dairy, Eggs & Fridge",Woolworths Vanilla Yoghurt Pouch 70g,891954,$0.75,$1.07 / 100G,https://www.woolworths.com.au/shop/productdetails/891954/woolworths-vanilla-yoghurt-pouch,https://cdn0.woolworths.media/content/wowproductimages/medium/891954.jpg,2020-09-21 17:27:05,Average product rating out of 5: 4.2. Product score is based on 476 ratings,476,,True
c9714e9b-2109-40b1-bc98-3facd463f808,Woolworths Supermarket,"Dairy, Eggs & Fridge",Woolworths Strawberry Yoghurt Pouch 70g,891955,$0.75,$1.07 / 100G,https://www.woolworths.com.au/shop/productdetails/891955/woolworths-strawberry-yoghurt-pouch,https://cdn0.woolworths.media/content/wowproductimages/medium/891955.jpg,2020-09-21 17:27:05,Average product rating out of 5: 4.1. Product score is based on 789 ratings,789,,True
ad7c5d0e-c02a-4c0d-bfe7-3eb84168ccd6,Woolworths Supermarket,"Dairy, Eggs & Fridge",Just 4 You 12 Extra Large Caged Eggs 700g,893974,$3.50,$0.50 / 100G,https://www.woolworths.com.au/shop/productdetails/893974/just-4-you-12-extra-large-caged-eggs,https://cdn0.woolworths.media/content/wowproductimages/medium/893974.jpg,2020-09-21 17:27:05,,0,,True
8f3ece53-1729-490a-aab0-f67a26b76bf7,Woolworths Supermarket,"Dairy, Eggs & Fridge",Nuttelex Buttery Table Spread 500g,899765,$3.50,$0.70 / 100G,https://www.woolworths.com.au/shop/productdetails/899765/nuttelex-buttery-table-spread,https://cdn0.woolworths.media/content/wowproductimages/medium/899765.jpg,2020-09-21 17:27:05,,0,,True
c62a7782-0a43-4a62-ae20-eee06be0931a,Woolworths Supermarket,"Dairy, Eggs & Fridge",Mainland Organic Spreadable Butter 250g,899791,$5.50,$2.20 / 100G,https://www.woolworths.com.au/shop/productdetails/899791/mainland-organic-spreadable-butter,https://cdn0.woolworths.media/content/wowproductimages/medium/899791.jpg,2020-09-21 17:27:05,,0,Was $5.95 10/08/2020,True
50f7119f-4944-4d86-b57a-1a028f6e2fb7,Woolworths Supermarket,"Dairy, Eggs & Fridge",Just Veg. Carrot Sticks 300g bag,921080,$3.00,$10.00 / 1KG,https://www.woolworths.com.au/shop/productdetails/921080/just-veg-carrot-sticks,https://cdn0.woolworths.media/content/wowproductimages/medium/921080.jpg,2020-09-21 17:27:05,,0,,True
eb37cf14-fa81-422e-bd9a-359ac5df0188,Woolworths Supermarket,"Dairy, Eggs & Fridge",Just Veg. Carrot Shred 300g bag,921142,$3.00,$10.00 / 1KG,https://www.woolworths.com.au/shop/productdetails/921142/just-veg-carrot-shred,https://cdn0.woolworths.media/content/wowproductimages/medium/921142.jpg,2020-09-21 17:27:05,,0,,True
4eb2d71a-f887-4726-b648-cf2ec770a188,Woolworths Supermarket,"Dairy, Eggs & Fridge",Tamar Valley Greek Style Yoghurt 500g,922679,$3.50,$0.70 / 100G,https://www.woolworths.com.au/shop/productdetails/922679/tamar-valley-greek-style-yoghurt,https://cdn0.woolworths.media/content/wowproductimages/medium/922679.jpg,2020-09-21 17:27:05,,0,Was $4.00 22/05/2018,True
e7e8907c-ae1e-4d89-9cc6-f384da4862df,Woolworths Supermarket,"Dairy, Eggs & Fridge",Red Rock Deli Roast Pumpkin Caramelised Onion & Cashew Dip 150g,923918,$4.50,$3.00 / 100G,https://www.woolworths.com.au/shop/productdetails/923918/red-rock-deli-roast-pumpkin-caramelised-onion-cashew-dip,https://cdn0.woolworths.media/content/wowproductimages/medium/923918.jpg,2020-09-21 17:27:05,,0,2 for $7.00,True
c0cce4b3-0e03-47c7-baf2-421f4caa3a4e,Woolworths Supermarket,"Dairy, Eggs & Fridge",Australia's Own Unsweetened Almond Milk 1l,924245,$2.80,$2.80 / 1L,https://www.woolworths.com.au/shop/productdetails/924245/australia-s-own-unsweetened-almond-milk,https://cdn0.woolworths.media/content/wowproductimages/medium/924245.jpg,2020-09-21 17:27:05,,0,Was $3.80 30/10/2017,True
0bc0e2f7-b8b3-4ec8-998f-584c7ab6badb,Woolworths Supermarket,"Dairy, Eggs & Fridge",Obela Smooth Classic Hommus Singles 3x60g,925093,$3.00,$1.67 / 100G,https://www.woolworths.com.au/shop/productdetails/925093/obela-smooth-classic-hommus-singles,https://cdn0.woolworths.media/content/wowproductimages/medium/925093.jpg,2020-09-21 17:27:05,,0,,True
f16ceecc-f2dc-47b8-aff9-dc38ab0f82cd,Woolworths Supermarket,"Dairy, Eggs & Fridge",Chobani Vanilla Yoghurt Pouch 140g,926531,$1.12,$0.80 / 100G,https://www.woolworths.com.au/shop/productdetails/926531/chobani-vanilla-yoghurt-pouch,https://cdn0.woolworths.media/content/wowproductimages/medium/926531.jpg,2020-09-21 17:27:05,,0,,True
bbd3f951-2d03-4801-a1d4-c4ef9cca3022,Woolworths Supermarket,"Dairy, Eggs & Fridge",Vitasoy Almond Milk Unsweetened 1l,926885,$2.00,$2.00 / 1L,https://www.woolworths.com.au/shop/productdetails/926885/vitasoy-almond-milk-unsweetened,https://cdn0.woolworths.media/content/wowproductimages/medium/926885.jpg,2020-09-21 17:27:05,,0,,True
2e83dc1a-8972-40b2-b382-6076f5b86ffc,Woolworths Supermarket,"Dairy, Eggs & Fridge",Woolworths Potato Egg & Bacon Salad 400g,928628,$5.00,$1.25 / 100G,https://www.woolworths.com.au/shop/productdetails/928628/woolworths-potato-egg-bacon-salad,https://cdn0.woolworths.media/content/wowproductimages/medium/928628.jpg,2020-09-21 17:27:05,Average product rating out of 5: 3.6. Product score is based on 316 ratings,316,,True
bf33eeec-333f-487d-a072-fe6848ba94b1,Woolworths Supermarket,"Dairy, Eggs & Fridge",Jarlsberg Original Cheese Block 250g,930992,$7.70,$30.80 / 1KG,https://www.woolworths.com.au/shop/productdetails/930992/jarlsberg-original-cheese-block,https://cdn0.woolworths.media/content/wowproductimages/medium/930992.jpg,2020-09-21 17:27:05,,0,,True
b8927795-0303-4816-9a2d-26cc9ea75cf5,Woolworths Supermarket,"Dairy, Eggs & Fridge",Jarlsberg Original Cheese Slices Sliced Cheese 150g,930997,$6.70,$44.67 / 1KG,https://www.woolworths.com.au/shop/productdetails/930997/jarlsberg-original-cheese-slices-sliced-cheese,https://cdn0.woolworths.media/content/wowproductimages/medium/930997.jpg,2020-09-21 17:27:05,,0,,True
1513bde8-eb10-4c32-af8f-8d7d5e6a4220,Woolworths Supermarket,"Dairy, Eggs & Fridge",Chris' Dips Hommus 3 x60g,932579,$3.00,$1.67 / 100G,https://www.woolworths.com.au/shop/productdetails/932579/chris-dips-hommus,https://cdn0.woolworths.media/content/wowproductimages/medium/932579.jpg,2020-09-21 17:27:05,,0,,True
7797ecd1-2f76-4256-81c4-72a609df273a,Woolworths Supermarket,"Dairy, Eggs & Fridge",Barista Bros Double Expresso 500ml,953816,$3.00,$6.00 / 1L,https://www.woolworths.com.au/shop/productdetails/953816/barista-bros-double-expresso,https://cdn0.woolworths.media/content/wowproductimages/medium/953816.jpg,2020-09-21 17:27:05,,0,,True
64ad5a5b-c2ca-4302-9a7e-f3cf0f7017cd,Woolworths Supermarket,"Dairy, Eggs & Fridge",Julian's Pizza Base 11 Inch Gluten Free 260g,954449,$4.99,$1.92 / 100G,https://www.woolworths.com.au/shop/productdetails/954449/julian-s-pizza-base-11-inch-gluten-free,https://cdn0.woolworths.media/content/wowproductimages/medium/954449.jpg,2020-09-21 17:27:05,,0,,True
b0f4abec-e821-4434-a844-6e44db80e36b,Woolworths Supermarket,"Dairy, Eggs & Fridge",Bio Cheese Cheddar Slices 200g,954528,$6.75,$33.75 / 1KG,https://www.woolworths.com.au/shop/productdetails/954528/bio-cheese-cheddar-slices,https://cdn0.woolworths.media/content/wowproductimages/medium/954528.jpg,2020-09-21 17:27:05,,0,,True
0a1d90b2-ca0d-4a83-a59b-c6661bef2ee1,Woolworths Supermarket,"Dairy, Eggs & Fridge",Perfect Italiano Shaved Parmesan 125g,360904,$3.25,$26.00 / 1KG,https://www.woolworths.com.au/shop/productdetails/360904/perfect-italiano-shaved-parmesan,https://cdn0.woolworths.media/content/wowproductimages/medium/360904.jpg,2020-09-21 17:27:05,,0,,True
0bb7cc50-bb3a-4b1a-938a-d5ba8f8660d8,Woolworths Supermarket,"Dairy, Eggs & Fridge",Woolworths Sour Cream 300ml,105609,$2.10,$0.70 / 100ML,https://www.woolworths.com.au/shop/productdetails/105609/woolworths-sour-cream,https://cdn0.woolworths.media/content/wowproductimages/medium/105609.jpg,2020-09-21 17:27:05,Average product rating out of 5: 4.5. Product score is based on 1353 ratings,1353,,True
23c389f9-5c0c-446c-8bf5-81fd8b8989ec,Woolworths Supermarket,"Dairy, Eggs & Fridge",Just 4 You 12 Extra Large Caged Eggs 700g,893974,$3.50,$0.50 / 100G,https://www.woolworths.com.au/shop/productdetails/893974/just-4-you-12-extra-large-caged-eggs,https://cdn0.woolworths.media/content/wowproductimages/medium/893974.jpg,2020-09-21 17:27:05,,0,,True
98045cb7-bf64-4bd2-bd27-4148e04c77b5,Woolworths Supermarket,"Dairy, Eggs & Fridge",Woolworths Drought Relief Lite Milk 3l,807386,$3.59,$1.20 / 1L,https://www.woolworths.com.au/shop/productdetails/807386/woolworths-drought-relief-lite-milk,https://cdn0.woolworths.media/content/wowproductimages/medium/807386.jpg,2020-09-21 17:27:05,,0,,True
78e3ca07-3f04-42b4-bd98-0a976934f76f,Woolworths Supermarket,"Dairy, Eggs & Fridge",Woolworths Thickened Cream 300ml,044317,$1.90,$0.63 / 100ML,https://www.woolworths.com.au/shop/productdetails/44317/woolworths-thickened-cream,https://cdn0.woolworths.media/content/wowproductimages/medium/044317.jpg,2020-09-21 17:27:05,Average product rating out of 5: 4.9. Product score is based on 629 ratings,629,,True
5765a63a-47e7-48f3-9de2-b987c958b67e,Woolworths Supermarket,"Dairy, Eggs & Fridge",Hillview Tasty Shredded Cheese 700g,491820,$6.60,$9.43 / 1KG,https://www.woolworths.com.au/shop/productdetails/491820/hillview-tasty-shredded-cheese,https://cdn0.woolworths.media/content/wowproductimages/medium/491820.jpg,2020-09-21 17:27:05,Average product rating out of 5: 4.5. Product score is based on 48 ratings,48,,True
49eeaa1a-ce3c-4a09-bbc4-606dbe15f505,Woolworths Supermarket,"Dairy, Eggs & Fridge",Woolworths Single Leaf Baby Spinach 280g,524336,$5.00,$17.86 / 1KG,https://www.woolworths.com.au/shop/productdetails/524336/woolworths-single-leaf-baby-spinach,https://cdn0.woolworths.media/content/wowproductimages/medium/524336.jpg,2020-09-21 17:27:05,Average product rating out of 5: 4.8. Product score is based on 532 ratings,532,,True
d5166764-7966-4a4b-a566-981aa0f9b332,Woolworths Supermarket,"Dairy, Eggs & Fridge",Hillview Cheese Block 1kg,500187,$8.00,$8.00 / 1KG,https://www.woolworths.com.au/shop/productdetails/500187/hillview-cheese-block,https://cdn0.woolworths.media/content/wowproductimages/medium/500187.jpg,2020-09-21 17:27:05,Average product rating out of 5: 4.5. Product score is based on 66 ratings,66,,True
c49c188c-e4f5-4efc-bf85-5e65bf71174d,Woolworths Supermarket,"Dairy, Eggs & Fridge",Woolworths Drought Relief Full Cream Milk 3l,807384,$3.59,$1.20 / 1L,https://www.woolworths.com.au/shop/productdetails/807384/woolworths-drought-relief-full-cream-milk,https://cdn0.woolworths.media/content/wowproductimages/medium/807384.jpg,2020-09-21 17:27:05,,0,,True
5888a984-178b-46e2-84e7-697cd569bf42,Woolworths Supermarket,"Dairy, Eggs & Fridge",Woolworths Uht Full Cream Milk 1l,748595,$1.25,$1.25 / 1L,https://www.woolworths.com.au/shop/productdetails/748595/woolworths-uht-full-cream-milk,https://cdn0.woolworths.media/content/wowproductimages/medium/748595.jpg,2020-09-21 17:27:05,Average product rating out of 5: 4.9. Product score is based on 36 ratings,36,,True
0fd57e0b-dc87-478f-a31b-d5b604979688,Woolworths Supermarket,"Dairy, Eggs & Fridge",Woolworths Baby Spinach Salad Bag 60g,379515,$2.00,$33.33 / 1KG,https://www.woolworths.com.au/shop/productdetails/379515/woolworths-baby-spinach-salad-bag,https://cdn0.woolworths.media/content/wowproductimages/medium/379515.jpg,2020-09-21 17:27:05,Average product rating out of 5: 4.7. Product score is based on 725 ratings,725,,True
7d87a3b4-7fb7-4451-8c73-6c49a68f6cfa,Woolworths Supermarket,"Dairy, Eggs & Fridge",Western Star Original Spreadable 500g,069756,$6.00,$1.20 / 100G,https://www.woolworths.com.au/shop/productdetails/69756/western-star-original-spreadable,https://cdn0.woolworths.media/content/wowproductimages/medium/069756.jpg,2020-09-21 17:27:05,,0,,True
11d05526-acf8-4140-a6d5-8f15e1c5a471,Woolworths Supermarket,"Dairy, Eggs & Fridge",Woolworths Drought Relief Full Cream Milk 2l,807383,$2.39,$1.20 / 1L,https://www.woolworths.com.au/shop/productdetails/807383/woolworths-drought-relief-full-cream-milk,https://cdn0.woolworths.media/content/wowproductimages/medium/807383.jpg,2020-09-21 17:27:05,Average product rating out of 5: 4.7. Product score is based on 385 ratings,385,,True
d2b4d404-06c0-4842-ac1a-f8621d24aec4,Woolworths Supermarket,"Dairy, Eggs & Fridge",Woolworths Baby Leaf Spinach 120g,524322,$3.00,$25.00 / 1KG,https://www.woolworths.com.au/shop/productdetails/524322/woolworths-baby-leaf-spinach,https://cdn0.woolworths.media/content/wowproductimages/medium/524322.jpg,2020-09-21 17:27:05,Average product rating out of 5: 4.7. Product score is based on 2842 ratings,2842,,True
521201c9-b06e-45ab-86b2-1b007e3e624b,Woolworths Supermarket,"Dairy, Eggs & Fridge",Woolworths Tasty Shredded Cheese 500g,729026,$6.00,$12.00 / 1KG,https://www.woolworths.com.au/shop/productdetails/729026/woolworths-tasty-shredded-cheese,https://cdn0.woolworths.media/content/wowproductimages/medium/729026.jpg,2020-09-21 17:27:05,Average product rating out of 5: 4.6. Product score is based on 500 ratings,500,,True
ab868e89-646c-402b-8eaf-80a49d72dab0,Woolworths Supermarket,"Dairy, Eggs & Fridge",Woolworths Drought Relief Lite Milk 2l,807385,$2.39,$1.20 / 1L,https://www.woolworths.com.au/shop/productdetails/807385/woolworths-drought-relief-lite-milk,https://cdn0.woolworths.media/content/wowproductimages/medium/807385.jpg,2020-09-21 17:27:05,,0,,True
56e7ba0b-81a4-4b5b-8de0-1a7ec1f852d9,Woolworths Supermarket,"Dairy, Eggs & Fridge",Woolworths Thickened Cream 600ml,048720,$3.00,$0.50 / 100ML,https://www.woolworths.com.au/shop/productdetails/48720/woolworths-thickened-cream,https://cdn0.woolworths.media/content/wowproductimages/medium/048720.jpg,2020-09-21 17:27:05,Average product rating out of 5: 4.8. Product score is based on 740 ratings,740,,True
67199ab0-a180-4697-9e5b-46ed164caa74,Woolworths Supermarket,"Dairy, Eggs & Fridge",Almond Breeze Unsweetened Almond Milk 1l,761604,$2.50,$2.50 / 1L,https://www.woolworths.com.au/shop/productdetails/761604/almond-breeze-unsweetened-almond-milk,https://cdn0.woolworths.media/content/wowproductimages/medium/761604.jpg,2020-09-21 17:27:05,,0,Was $3.25 13/03/2017,True
487b32b3-c2ad-45a5-851a-738dc3b98716,Woolworths Supermarket,"Dairy, Eggs & Fridge",Woolworths Mozzarella Shredded Cheese 500g,728983,$6.00,$12.00 / 1KG,https://www.woolworths.com.au/shop/productdetails/728983/woolworths-mozzarella-shredded-cheese,https://cdn0.woolworths.media/content/wowproductimages/medium/728983.jpg,2020-09-21 17:27:05,Average product rating out of 5: 4.5. Product score is based on 469 ratings,469,,True
9e89d116-92e5-41be-ba7c-0723ced14e4c,Woolworths Supermarket,"Dairy, Eggs & Fridge",Perfect Italiano Extra Sharp Grated Parmesan 125g,302306,$3.25,$26.00 / 1KG,https://www.woolworths.com.au/shop/productdetails/302306/perfect-italiano-extra-sharp-grated-parmesan,https://cdn0.woolworths.media/content/wowproductimages/medium/302306.jpg,2020-09-21 17:27:05,,0,,True
fcc80eb9-6397-478e-a577-6ccd24c8b5ae,Woolworths Supermarket,"Dairy, Eggs & Fridge",Bio Cheese Cheddar Block 200g,954610,$6.00,$30.00 / 1KG,https://www.woolworths.com.au/shop/productdetails/954610/bio-cheese-cheddar-block,https://cdn0.woolworths.media/content/wowproductimages/medium/954610.jpg,2020-09-21 17:27:05,,0,Was $7.50 08/10/2018,True
c8718ebd-be5c-4a1a-8877-b89397481ba6,Woolworths Supermarket,"Dairy, Eggs & Fridge",Yoplait Petit Miam Vanilla 70g,955270,$1.00,$1.43 / 100G,https://www.woolworths.com.au/shop/productdetails/955270/yoplait-petit-miam-vanilla,https://cdn0.woolworths.media/content/wowproductimages/medium/955270.jpg,2020-09-21 17:27:05,,0,Was $1.35 22/08/2016,True
3d4cada2-37b5-43c1-b4ad-57d22c0e7de5,Woolworths Supermarket,"Dairy, Eggs & Fridge",Leggos Agnolotti With Spinach Ricotta & Parmesan 360g,958720,$4.50,$1.25 / 100G,https://www.woolworths.com.au/shop/productdetails/958720/leggos-agnolotti-with-spinach-ricotta-parmesan,https://cdn0.woolworths.media/content/wowproductimages/medium/958720.jpg,2020-09-21 17:27:05,,0,,True
300c4968-21b3-4e3f-a627-fce7d3a6946d,Woolworths Supermarket,"Dairy, Eggs & Fridge",Castello Black Mellow Black 150g,964777,$6.00,$40.00 / 1KG,https://www.woolworths.com.au/shop/productdetails/964777/castello-black-mellow-black,https://cdn0.woolworths.media/content/wowproductimages/medium/964777.jpg,2020-09-21 17:27:05,,0,,True
1349b80c-0b93-4d84-9682-6a2bdf8fcc7c,Woolworths Supermarket,"Dairy, Eggs & Fridge",Picasso Pizza Dough Ball 250g,965942,$2.00,$0.80 / 100G,https://www.woolworths.com.au/shop/productdetails/965942/picasso-pizza-dough-ball,https://cdn0.woolworths.media/content/wowproductimages/medium/965942.jpg,2020-09-21 17:27:05,,0,,True
fb773be8-90b5-4ebb-ab87-544e0338edb8,Woolworths Supermarket,"Dairy, Eggs & Fridge",Moondarra Cream Cheese Honey & Pistachio 120g,970291,$2.50,$20.83 / 1KG,https://www.woolworths.com.au/shop/productdetails/970291/moondarra-cream-cheese-honey-pistachio,https://cdn0.woolworths.media/content/wowproductimages/medium/970291.jpg,2020-09-21 17:27:05,,0,,True
f098a9f5-bc59-4f0b-938b-546584c4d4a0,Woolworths Supermarket,"Dairy, Eggs & Fridge",Picasso Kitchen Tear N Share Garlic Bread 300g,971514,$4.00,$1.33 / 100G,https://www.woolworths.com.au/shop/productdetails/971514/picasso-kitchen-tear-n-share-garlic-bread,https://cdn0.woolworths.media/content/wowproductimages/medium/971514.jpg,2020-09-21 17:27:05,,0,,True
a23f6124-5a67-429b-9f80-a184b24adff4,Woolworths Supermarket,"Dairy, Eggs & Fridge",Dairyworks Edam Cheese Grated 500g,017244,$6.00,$12.00 / 1KG,https://www.woolworths.com.au/shop/productdetails/17244/dairyworks-edam-cheese-grated,https://cdn0.woolworths.media/content/wowproductimages/medium/017244.jpg,2020-09-21 17:27:05,,0,,True
51c68b6c-bc1d-4291-b44b-57ae351c5832,Woolworths Supermarket,"Dairy, Eggs & Fridge",Dairyworks Tasty Block 210g,017279,$4.00,$19.05 / 1KG,https://www.woolworths.com.au/shop/productdetails/17279/dairyworks-tasty-block,https://cdn0.woolworths.media/content/wowproductimages/medium/017279.jpg,2020-09-21 17:27:05,,0,,True
b6d86cf8-336d-4d93-a4c0-bb0c6b728f23,Woolworths Supermarket,"Dairy, Eggs & Fridge",F Mayer Danish Fetta Cheese per kg,019080,$15.00,$15.00 / 1KG,https://www.woolworths.com.au/shop/productdetails/19080/f-mayer-danish-fetta-cheese,https://cdn0.woolworths.media/content/wowproductimages/medium/019080.jpg,2020-09-21 17:27:05,,0,,True
4243b131-85d4-401f-8ece-f3bd4aee53bb,Woolworths Supermarket,"Dairy, Eggs & Fridge",Mainland On The Go Cheese Crackers Balsamic Beetroot Relish 110g,023757,$5.00,$45.45 / 1KG,https://www.woolworths.com.au/shop/productdetails/23757/mainland-on-the-go-cheese-crackers-balsamic-beetroot-relish,https://cdn0.woolworths.media/content/wowproductimages/medium/023757.jpg,2020-09-21 17:27:05,,0,,True
b5682fd1-9a20-4108-97dc-6473475fc113,Woolworths Supermarket,"Dairy, Eggs & Fridge",Woolworths Basil Pesto Pasta Salad Kit 500g,025919,$9.00,$1.80 / 100G,https://www.woolworths.com.au/shop/productdetails/25919/woolworths-basil-pesto-pasta-salad-kit,https://cdn0.woolworths.media/content/wowproductimages/medium/025919.jpg,2020-09-21 17:27:05,Average product rating out of 5: 3.8. Product score is based on 387 ratings,387,,True
54d26e7c-c721-48fb-b612-2d79017c1fb9,Woolworths Supermarket,"Dairy, Eggs & Fridge",Chan's Yum Cha Prawn Hargow Dumpling 300g,028071,$5.00,$1.67 / 100G,https://www.woolworths.com.au/shop/productdetails/28071/chan-s-yum-cha-prawn-hargow-dumpling,https://cdn0.woolworths.media/content/wowproductimages/medium/028071.jpg,2020-09-21 17:27:05,,0,,True
32ab0b1a-41e2-4e69-8fe2-0220cc42be64,Woolworths Supermarket,"Dairy, Eggs & Fridge",Chan's Yum Cha Shiitake Vegan Dumpling 300g,028217,$6.30,$2.10 / 100G,https://www.woolworths.com.au/shop/productdetails/28217/chan-s-yum-cha-shiitake-vegan-dumpling,https://cdn0.woolworths.media/content/wowproductimages/medium/028217.jpg,2020-09-21 17:27:05,,0,,True
0363eb62-4d1e-471a-956d-1532d1d65933,Woolworths Supermarket,"Dairy, Eggs & Fridge",Bulla Cottage Cheese Original 200g,041402,$2.00,$10.00 / 1KG,https://www.woolworths.com.au/shop/productdetails/41402/bulla-cottage-cheese-original,https://cdn0.woolworths.media/content/wowproductimages/medium/041402.jpg,2020-09-21 17:27:05,,0,,True
b2e6d771-8a93-4fed-bda6-fdfd2692a21d,Woolworths Supermarket,"Dairy, Eggs & Fridge",Kraft Cheddar Sandwich Slices 12pk 250g,048115,$4.10,$16.40 / 1KG,https://www.woolworths.com.au/shop/productdetails/48115/kraft-cheddar-sandwich-slices-12pk,https://cdn0.woolworths.media/content/wowproductimages/medium/048115.jpg,2020-09-21 17:27:05,,0,,True
b3be9924-1927-4f6c-bc64-ec9621ca205d,Woolworths Supermarket,"Dairy, Eggs & Fridge",Woolworths Green Goodness Salad Bowl 240g,056534,$6.00,$25.00 / 1KG,https://www.woolworths.com.au/shop/productdetails/56534/woolworths-green-goodness-salad-bowl,https://cdn0.woolworths.media/content/wowproductimages/medium/056534.jpg,2020-09-21 17:27:05,,0,,True
4b66fd10-50bb-4ff2-9917-bc0b4246879c,Woolworths Supermarket,"Dairy, Eggs & Fridge",Woolworths Long Life Custard 1l,057785,$1.90,$0.19 / 100ML,https://www.woolworths.com.au/shop/productdetails/57785/woolworths-long-life-custard,https://cdn0.woolworths.media/content/wowproductimages/medium/057785.jpg,2020-09-21 17:27:05,Average product rating out of 5: 4.3. Product score is based on 385 ratings,385,,True
fcfec95a-fa40-4837-a249-da644c599bbe,Woolworths Supermarket,"Dairy, Eggs & Fridge",Danone Yopro Dairy Free Salted Caramel 150g,060593,$3.50,$2.33 / 100G,https://www.woolworths.com.au/shop/productdetails/60593/danone-yopro-dairy-free-salted-caramel,https://cdn0.woolworths.media/content/wowproductimages/medium/060593.jpg,2020-09-21 17:27:05,,0,,True
7e0e69e1-e095-4b99-b3da-e45c8db61138,Woolworths Supermarket,"Dairy, Eggs & Fridge",The Collective Kefir Blueberry Hemp 150g,060596,$2.00,$1.33 / 100G,https://www.woolworths.com.au/shop/productdetails/60596/the-collective-kefir-blueberry-hemp,https://cdn0.woolworths.media/content/wowproductimages/medium/060596.jpg,2020-09-21 17:27:05,,0,,True
e46a3127-b7d0-4e79-b495-3fed62a1b221,Woolworths Supermarket,"Dairy, Eggs & Fridge",Laughing Cow Cheese And Crackers 40g,060955,$2.50,$62.50 / 1KG,https://www.woolworths.com.au/shop/productdetails/60955/laughing-cow-cheese-and-crackers,https://cdn0.woolworths.media/content/wowproductimages/medium/060955.jpg,2020-09-21 17:27:05,,0,,True
83245167-5b76-47c4-931e-c3bbca25cb7f,Woolworths Supermarket,"Dairy, Eggs & Fridge",Perfect Italiano 4 Cheese Melt 150g,063581,$3.25,$21.67 / 1KG,https://www.woolworths.com.au/shop/productdetails/63581/perfect-italiano-4-cheese-melt,https://cdn0.woolworths.media/content/wowproductimages/medium/063581.jpg,2020-09-21 17:27:05,,0,,True
855812c4-c675-4d16-ab1c-ba2ea412e792,Woolworths Supermarket,"Dairy, Eggs & Fridge",Perfect Italiano Perfect Pizza Cheese 150g,063865,$3.25,$21.67 / 1KG,https://www.woolworths.com.au/shop/productdetails/63865/perfect-italiano-perfect-pizza-cheese,https://cdn0.woolworths.media/content/wowproductimages/medium/063865.jpg,2020-09-21 17:27:05,,0,,True
6acf6163-59f2-434d-b866-e7f32a1a846c,Woolworths Supermarket,"Dairy, Eggs & Fridge",Angas Park Good To Go Cheese And Olive 40g,064377,$3.00,$75.00 / 1KG,https://www.woolworths.com.au/shop/productdetails/64377/angas-park-good-to-go-cheese-and-olive,https://cdn0.woolworths.media/content/wowproductimages/medium/064377.jpg,2020-09-21 17:27:05,,0,,True
7bd674e4-9fa8-4f5d-a378-7ac70ac6bcd5,Woolworths Supermarket,"Dairy, Eggs & Fridge",Coon Cheese Slices Tasty 750g,187899,$10.00,$13.33 / 1KG,https://www.woolworths.com.au/shop/productdetails/187899/coon-cheese-slices-tasty,https://cdn0.woolworths.media/content/wowproductimages/medium/187899.jpg,2020-09-21 17:27:05,,0,Was $12.00 07/07/2020,True
d9bf660d-819c-40f6-94d6-077b3c1cc29d,Woolworths Supermarket,"Dairy, Eggs & Fridge",Flora Proactiv Margarine Buttery 750g,763453,$10.00,$1.33 / 100G,https://www.woolworths.com.au/shop/productdetails/763453/flora-proactiv-margarine-buttery,https://cdn0.woolworths.media/content/wowproductimages/medium/763453.jpg,2020-09-21 17:27:05,,0,,True
3346adca-6be4-48dd-9e7d-69c023565eaa,Woolworths Supermarket,"Dairy, Eggs & Fridge",Woolworths Baby Spinach Salad Bag 60g,379515,$2.00,$33.33 / 1KG,https://www.woolworths.com.au/shop/productdetails/379515/woolworths-baby-spinach-salad-bag,https://cdn0.woolworths.media/content/wowproductimages/medium/379515.jpg,2020-09-21 17:27:05,Average product rating out of 5: 4.7. Product score is based on 725 ratings,725,,True
dace74a3-0e98-4ff7-9748-609d05e33ac4,Woolworths Supermarket,"Dairy, Eggs & Fridge",Woolworths Drought Relief Lite Milk 2l,807385,$2.39,$1.20 / 1L,https://www.woolworths.com.au/shop/productdetails/807385/woolworths-drought-relief-lite-milk,https://cdn0.woolworths.media/content/wowproductimages/medium/807385.jpg,2020-09-21 17:27:05,,0,,True
ca097030-d025-4905-847a-95931f1cd93b,Woolworths Supermarket,"Dairy, Eggs & Fridge",A2 Full Cream Milk 2l,208064,$5.30,$2.65 / 1L,https://www.woolworths.com.au/shop/productdetails/208064/a2-full-cream-milk,https://cdn0.woolworths.media/content/wowproductimages/medium/208064.jpg,2020-09-21 17:27:05,,0,,True
cfca6382-da22-4ee7-8916-204a36dc5b72,Woolworths Supermarket,"Dairy, Eggs & Fridge",Western Star Original Spreadable 500g,069756,$6.00,$1.20 / 100G,https://www.woolworths.com.au/shop/productdetails/69756/western-star-original-spreadable,https://cdn0.woolworths.media/content/wowproductimages/medium/069756.jpg,2020-09-21 17:27:05,,0,,True
d92383da-3cfc-4232-8ec6-cea9630aba37,Woolworths Supermarket,"Dairy, Eggs & Fridge",Woolworths Tasty Shredded Cheese 500g,729026,$6.00,$12.00 / 1KG,https://www.woolworths.com.au/shop/productdetails/729026/woolworths-tasty-shredded-cheese,https://cdn0.woolworths.media/content/wowproductimages/medium/729026.jpg,2020-09-21 17:27:05,Average product rating out of 5: 4.6. Product score is based on 500 ratings,500,,True
647ce0c9-69ee-46bc-9b97-39138720f6e9,Woolworths Supermarket,"Dairy, Eggs & Fridge",Woolworths Drought Relief Full Cream Milk 2l,807383,$2.39,$1.20 / 1L,https://www.woolworths.com.au/shop/productdetails/807383/woolworths-drought-relief-full-cream-milk,https://cdn0.woolworths.media/content/wowproductimages/medium/807383.jpg,2020-09-21 17:27:05,Average product rating out of 5: 4.7. Product score is based on 385 ratings,385,,True
8edaca5e-be64-487a-af5f-baa67ff42883,Woolworths Supermarket,"Dairy, Eggs & Fridge",Hillview Cheese Block 1kg,500187,$8.00,$8.00 / 1KG,https://www.woolworths.com.au/shop/productdetails/500187/hillview-cheese-block,https://cdn0.woolworths.media/content/wowproductimages/medium/500187.jpg,2020-09-21 17:27:05,Average product rating out of 5: 4.5. Product score is based on 66 ratings,66,,True
c43a214a-119d-49f0-8ecd-0ddec240484b,Woolworths Supermarket,"Dairy, Eggs & Fridge",Hillview Tasty Shredded Cheese 700g,491820,$6.60,$9.43 / 1KG,https://www.woolworths.com.au/shop/productdetails/491820/hillview-tasty-shredded-cheese,https://cdn0.woolworths.media/content/wowproductimages/medium/491820.jpg,2020-09-21 17:27:05,Average product rating out of 5: 4.5. Product score is based on 48 ratings,48,,True
892ac2b4-7e4b-48c5-9b1a-60ded8911c77,Woolworths Supermarket,"Dairy, Eggs & Fridge",Woolworths Thickened Cream 600ml,048720,$3.00,$0.50 / 100ML,https://www.woolworths.com.au/shop/productdetails/48720/woolworths-thickened-cream,https://cdn0.woolworths.media/content/wowproductimages/medium/048720.jpg,2020-09-21 17:27:05,Average product rating out of 5: 4.8. Product score is based on 740 ratings,740,,True
ea8281e2-626f-4b44-9e6e-5322f6c9fb82,Woolworths Supermarket,"Dairy, Eggs & Fridge",Woolworths Baby Leaf Spinach 120g,524322,$3.00,$25.00 / 1KG,https://www.woolworths.com.au/shop/productdetails/524322/woolworths-baby-leaf-spinach,https://cdn0.woolworths.media/content/wowproductimages/medium/524322.jpg,2020-09-21 17:27:05,Average product rating out of 5: 4.7. Product score is based on 2842 ratings,2842,,True
327ee7f5-f035-4659-a402-c81a0971d29b,Woolworths Supermarket,"Dairy, Eggs & Fridge",Woolworths Mozzarella Shredded Cheese 500g,728983,$6.00,$12.00 / 1KG,https://www.woolworths.com.au/shop/productdetails/728983/woolworths-mozzarella-shredded-cheese,https://cdn0.woolworths.media/content/wowproductimages/medium/728983.jpg,2020-09-21 17:27:05,Average product rating out of 5: 4.5. Product score is based on 469 ratings,469,,True
aa4ce7f6-1baa-4bac-a765-42ca1e3275f1,Woolworths Supermarket,"Dairy, Eggs & Fridge",Woolworths Single Leaf Baby Spinach 280g,524336,$5.00,$17.86 / 1KG,https://www.woolworths.com.au/shop/productdetails/524336/woolworths-single-leaf-baby-spinach,https://cdn0.woolworths.media/content/wowproductimages/medium/524336.jpg,2020-09-21 17:27:05,Average product rating out of 5: 4.8. Product score is based on 532 ratings,532,,True
bcf786b1-75cf-473b-990e-6d6bda35b617,Woolworths Supermarket,"Dairy, Eggs & Fridge",Woolworths Uht Full Cream Milk 1l,748595,$1.25,$1.25 / 1L,https://www.woolworths.com.au/shop/productdetails/748595/woolworths-uht-full-cream-milk,https://cdn0.woolworths.media/content/wowproductimages/medium/748595.jpg,2020-09-21 17:27:05,Average product rating out of 5: 4.9. Product score is based on 36 ratings,36,,True
4aa1fb30-d0de-4861-80b5-6b114957dff3,Woolworths Supermarket,"Dairy, Eggs & Fridge",Almond Breeze Unsweetened Almond Milk 1l,761604,$2.50,$2.50 / 1L,https://www.woolworths.com.au/shop/productdetails/761604/almond-breeze-unsweetened-almond-milk,https://cdn0.woolworths.media/content/wowproductimages/medium/761604.jpg,2020-09-21 17:27:05,,0,Was $3.25 13/03/2017,True
ebb6f06b-fc50-4a74-bae0-a8e91e736b4a,Woolworths Supermarket,"Dairy, Eggs & Fridge",Just 4 You 12 Extra Large Caged Eggs 700g,893974,$3.50,$0.50 / 100G,https://www.woolworths.com.au/shop/productdetails/893974/just-4-you-12-extra-large-caged-eggs,https://cdn0.woolworths.media/content/wowproductimages/medium/893974.jpg,2020-09-21 17:27:05,,0,,True
d0324bbe-8698-4d5f-ae37-c447ddf8b752,Woolworths Supermarket,"Dairy, Eggs & Fridge",Woolworths Drought Relief Lite Milk 3l,807386,$3.59,$1.20 / 1L,https://www.woolworths.com.au/shop/productdetails/807386/woolworths-drought-relief-lite-milk,https://cdn0.woolworths.media/content/wowproductimages/medium/807386.jpg,2020-09-21 17:27:05,,0,,True
4ec8473d-61f5-42fd-a0b3-ac8a95dc0479,Woolworths Supermarket,"Dairy, Eggs & Fridge",Woolworths Drought Relief Full Cream Milk 3l,807384,$3.59,$1.20 / 1L,https://www.woolworths.com.au/shop/productdetails/807384/woolworths-drought-relief-full-cream-milk,https://cdn0.woolworths.media/content/wowproductimages/medium/807384.jpg,2020-09-21 17:27:05,,0,,True
d629560c-b927-418c-9f91-02ca9d3252af,Woolworths Supermarket,"Dairy, Eggs & Fridge",A2 Light Milk 2l,208066,$5.30,$2.65 / 1L,https://www.woolworths.com.au/shop/productdetails/208066/a2-light-milk,https://cdn0.woolworths.media/content/wowproductimages/medium/208066.jpg,2020-09-21 17:27:05,,0,,True
dacf200b-f7b2-4c7d-82ed-6584861d38b6,Woolworths Supermarket,"Dairy, Eggs & Fridge",Philadelphia Classic Icing 230g,065854,$4.30,$18.70 / 1KG,https://www.woolworths.com.au/shop/productdetails/65854/philadelphia-classic-icing,https://cdn0.woolworths.media/content/wowproductimages/medium/065854.jpg,2020-09-21 17:27:05,,0,,True
266e2a87-738c-4c56-abe0-ecda80e1266e,Woolworths Supermarket,"Dairy, Eggs & Fridge",Mainland Extra Tasty Cheddar 250g,066072,$5.50,$22.00 / 1KG,https://www.woolworths.com.au/shop/productdetails/66072/mainland-extra-tasty-cheddar,https://cdn0.woolworths.media/content/wowproductimages/medium/066072.jpg,2020-09-21 17:27:05,,0,,True
b3bad214-e4f9-4c98-a15b-69fd54a32881,Woolworths Supermarket,"Dairy, Eggs & Fridge",Perfect Italiano Grated Mozzarella 150g,066922,$3.25,$21.67 / 1KG,https://www.woolworths.com.au/shop/productdetails/66922/perfect-italiano-grated-mozzarella,https://cdn0.woolworths.media/content/wowproductimages/medium/066922.jpg,2020-09-21 17:27:05,,0,,True
ca257848-b4c2-4642-a899-4b2758c8368c,Woolworths Supermarket,"Dairy, Eggs & Fridge",Ki Bulgarian Sheep Cheese 400g,071183,$8.00,$20.00 / 1KG,https://www.woolworths.com.au/shop/productdetails/71183/ki-bulgarian-sheep-cheese,https://cdn0.woolworths.media/content/wowproductimages/medium/071183.jpg,2020-09-21 17:27:05,,0,,True
65d9fbe0-87c4-4728-bb17-13b1c5931bc0,Woolworths Supermarket,"Dairy, Eggs & Fridge",Ki Bulgarian Goats Cheese 400g,071288,$8.90,$22.25 / 1KG,https://www.woolworths.com.au/shop/productdetails/71288/ki-bulgarian-goats-cheese,https://cdn0.woolworths.media/content/wowproductimages/medium/071288.jpg,2020-09-21 17:27:05,,0,,True
dec38c22-266b-49cf-9b7d-3877a87a165a,Woolworths Supermarket,"Dairy, Eggs & Fridge",Angas Park Good To Go Tasty Cheese & Cabanossi 40g,078134,$3.00,$75.00 / 1KG,https://www.woolworths.com.au/shop/productdetails/78134/angas-park-good-to-go-tasty-cheese-cabanossi,https://cdn0.woolworths.media/content/wowproductimages/medium/078134.jpg,2020-09-21 17:27:05,,0,,True
d1c21e6d-3ade-4fc4-9111-5605f2a0c1a5,Woolworths Supermarket,"Dairy, Eggs & Fridge",Danone Yopro Protein 20g Mixed Berries Nut Protein Bar 68g,084268,$4.00,$5.88 / 100G,https://www.woolworths.com.au/shop/productdetails/84268/danone-yopro-protein-20g-mixed-berries-nut-protein-bar,https://cdn0.woolworths.media/content/wowproductimages/medium/084268.jpg,2020-09-21 17:27:05,,0,,True
41b42505-c6aa-4eb5-87b0-594915325589,Woolworths Supermarket,"Dairy, Eggs & Fridge",Chobani Greek Yoghurt Tropical 140g,084585,$1.12,$0.80 / 100G,https://www.woolworths.com.au/shop/productdetails/84585/chobani-greek-yoghurt-tropical,https://cdn0.woolworths.media/content/wowproductimages/medium/084585.jpg,2020-09-21 17:27:05,,0,,True
8baceb96-02b9-4b81-b879-b02fe75e5f3e,Woolworths Supermarket,"Dairy, Eggs & Fridge",Nakula Plant Based Probiotic Coconut Milk Yoghurt Strawberry 500g,085173,$6.00,$1.20 / 100G,https://www.woolworths.com.au/shop/productdetails/85173/nakula-plant-based-probiotic-coconut-milk-yoghurt-strawberry,https://cdn0.woolworths.media/content/wowproductimages/medium/085173.jpg,2020-09-21 17:27:05,,0,,True
70478e52-7766-4599-84da-ffff4e1ad166,Woolworths Supermarket,"Dairy, Eggs & Fridge",Cocobella Dairy Free Coconut Yoghurt Natural 900g,085904,$8.50,$0.94 / 100G,https://www.woolworths.com.au/shop/productdetails/85904/cocobella-dairy-free-coconut-yoghurt-natural,https://cdn0.woolworths.media/content/wowproductimages/medium/085904.jpg,2020-09-21 17:27:05,,0,,True
16552501-9125-4fd0-9d5c-5e538f99c37d,Woolworths Supermarket,"Dairy, Eggs & Fridge",Cocobella Dairy Free Coconut Yoghurt Pouch Vanilla 110g,086086,$2.00,$1.82 / 100G,https://www.woolworths.com.au/shop/productdetails/86086/cocobella-dairy-free-coconut-yoghurt-pouch-vanilla,https://cdn0.woolworths.media/content/wowproductimages/medium/086086.jpg,2020-09-21 17:27:05,,0,,True
2b4d7cf7-0ced-4c42-b014-532e98388b84,Woolworths Supermarket,"Dairy, Eggs & Fridge",Cocobella Dairy Free Coconut Yoghurt Vanilla 900g,086332,$8.50,$0.94 / 100G,https://www.woolworths.com.au/shop/productdetails/86332/cocobella-dairy-free-coconut-yoghurt-vanilla,https://cdn0.woolworths.media/content/wowproductimages/medium/086332.jpg,2020-09-21 17:27:05,,0,,True
780f24b9-58b9-4de3-af9b-578d32f3660b,Woolworths Supermarket,"Dairy, Eggs & Fridge",Cocobella Dairy Free Coconut Yoghurt Pouch Strawberry 110g,086386,$2.00,$1.82 / 100G,https://www.woolworths.com.au/shop/productdetails/86386/cocobella-dairy-free-coconut-yoghurt-pouch-strawberry,https://cdn0.woolworths.media/content/wowproductimages/medium/086386.jpg,2020-09-21 17:27:05,,0,,True
600ab96e-257d-4693-939b-65ee793c41a0,Woolworths Supermarket,"Dairy, Eggs & Fridge",Cocobella Dairy Free Coconut Yoghurt Pouch Mango 110g,086593,$2.00,$1.82 / 100G,https://www.woolworths.com.au/shop/productdetails/86593/cocobella-dairy-free-coconut-yoghurt-pouch-mango,https://cdn0.woolworths.media/content/wowproductimages/medium/086593.jpg,2020-09-21 17:27:05,,0,,True
44b42ce7-a6a0-4251-a08f-c1fbd36b2895,Woolworths Supermarket,"Dairy, Eggs & Fridge",The Real Natural Tasty Cheese Slices 500g,092536,$8.00,$16.00 / 1KG,https://www.woolworths.com.au/shop/productdetails/92536/the-real-natural-tasty-cheese-slices,https://cdn0.woolworths.media/content/wowproductimages/medium/092536.jpg,2020-09-21 17:27:05,,0,,True
bf974a02-9454-4a8a-b435-bd5bd2becc91,Woolworths Supermarket,"Dairy, Eggs & Fridge",Good To Go Tasty Cheese & Mild Twiggy Sticks 40g,094455,$3.00,$75.00 / 1KG,https://www.woolworths.com.au/shop/productdetails/94455/good-to-go-tasty-cheese-mild-twiggy-sticks,https://cdn0.woolworths.media/content/wowproductimages/medium/094455.jpg,2020-09-21 17:27:05,,0,,True
e20f1566-b303-4225-834a-7e3fd706ef36,Woolworths Supermarket,"Dairy, Eggs & Fridge",Mainland Grazing Collection Cheddar With Chutney & Crackers 90g,095088,$5.00,$55.56 / 1KG,https://www.woolworths.com.au/shop/productdetails/95088/mainland-grazing-collection-cheddar-with-chutney-crackers,https://cdn0.woolworths.media/content/wowproductimages/medium/095088.jpg,2020-09-21 17:27:05,,0,,True
208c3aa6-59dc-40b7-9493-6a18efd08e22,Woolworths Supermarket,"Dairy, Eggs & Fridge",Mainland Grazing Collection Cheddar With Crackers & Jam 90g,095204,$5.00,$55.56 / 1KG,https://www.woolworths.com.au/shop/productdetails/95204/mainland-grazing-collection-cheddar-with-crackers-jam,https://cdn0.woolworths.media/content/wowproductimages/medium/095204.jpg,2020-09-21 17:27:05,,0,,True
ef19e0a4-7be6-4121-a922-43c2c4ae4d1a,Woolworths Supermarket,"Dairy, Eggs & Fridge",Mainland Grazing Collection Cheddar With Dark Choc Crisps & Fruit 75g,096923,$5.00,$66.67 / 1KG,https://www.woolworths.com.au/shop/productdetails/96923/mainland-grazing-collection-cheddar-with-dark-choc-crisps-fruit,https://cdn0.woolworths.media/content/wowproductimages/medium/096923.jpg,2020-09-21 17:27:05,,0,,True
e520c68e-3821-42b7-a456-789430102f22,Woolworths Supermarket,"Dairy, Eggs & Fridge",Primo Stackers Danish Salami With Cheddar Cheese & Crackers 45g,097275,$4.00,$88.89 / 1KG,https://www.woolworths.com.au/shop/productdetails/97275/primo-stackers-danish-salami-with-cheddar-cheese-crackers,https://cdn0.woolworths.media/content/wowproductimages/medium/097275.jpg,2020-09-21 17:27:05,,0,,True
24110773-c146-4e92-9ff4-9b6236a65ec3,Woolworths Supermarket,"Dairy, Eggs & Fridge",Chris' Hommus & Roasted Garlic Dip & Spread 200g,099423,$3.50,$1.75 / 100G,https://www.woolworths.com.au/shop/productdetails/99423/chris-hommus-roasted-garlic-dip-spread,https://cdn0.woolworths.media/content/wowproductimages/medium/099423.jpg,2020-09-21 17:27:05,,0,2 for $6.00 $1.50/100G,True
6af3747c-8473-4363-b187-9170aedaa7c6,Woolworths Supermarket,"Dairy, Eggs & Fridge",Primo Duos Cabanossi Bites & Cheddar Cheese 50g,104400,$4.00,$80.00 / 1KG,https://www.woolworths.com.au/shop/productdetails/104400/primo-duos-cabanossi-bites-cheddar-cheese,https://cdn0.woolworths.media/content/wowproductimages/medium/104400.jpg,2020-09-21 17:27:05,,0,,True
7066a1e2-d094-4a83-ba0c-54ff18702a14,Woolworths Supermarket,"Dairy, Eggs & Fridge",Primo Duos Mild Twiggy Bites & Cheddar Cheese 50g,104409,$4.00,$80.00 / 1KG,https://www.woolworths.com.au/shop/productdetails/104409/primo-duos-mild-twiggy-bites-cheddar-cheese,https://cdn0.woolworths.media/content/wowproductimages/medium/104409.jpg,2020-09-21 17:27:05,,0,,True
a8500b74-a9c9-4ae5-bb38-f1a6e2bda738,Woolworths Supermarket,"Dairy, Eggs & Fridge",Primo Duos Hot Twiggy Bites & Cheddar Cheese 50g,105355,$4.00,$80.00 / 1KG,https://www.woolworths.com.au/shop/productdetails/105355/primo-duos-hot-twiggy-bites-cheddar-cheese,https://cdn0.woolworths.media/content/wowproductimages/medium/105355.jpg,2020-09-21 17:27:05,,0,,True
6c090464-3018-4b7d-9737-c2167a7cfe6a,Woolworths Supermarket,"Dairy, Eggs & Fridge",Coon Cheese Slices Tasty 750g,187899,$10.00,$13.33 / 1KG,https://www.woolworths.com.au/shop/productdetails/187899/coon-cheese-slices-tasty,https://cdn0.woolworths.media/content/wowproductimages/medium/187899.jpg,2020-09-21 17:27:05,,0,Was $12.00 07/07/2020,True
98296ce9-6d95-4db9-b0bb-c9e6c6b7c46e,Woolworths Supermarket,"Dairy, Eggs & Fridge",Woolworths Drought Relief Full Cream Milk 2l,807383,$2.39,$1.20 / 1L,https://www.woolworths.com.au/shop/productdetails/807383/woolworths-drought-relief-full-cream-milk,https://cdn0.woolworths.media/content/wowproductimages/medium/807383.jpg,2020-09-21 17:27:05,Average product rating out of 5: 4.7. Product score is based on 385 ratings,385,,True
d479cf5a-4c79-47ae-8066-db78e7d67374,Woolworths Supermarket,"Dairy, Eggs & Fridge",Flora Proactiv Margarine Buttery 750g,763453,$10.00,$1.33 / 100G,https://www.woolworths.com.au/shop/productdetails/763453/flora-proactiv-margarine-buttery,https://cdn0.woolworths.media/content/wowproductimages/medium/763453.jpg,2020-09-21 17:27:05,,0,,True
c6f6fa9d-532c-4f91-8742-8a75c0a5eddd,Woolworths Supermarket,"Dairy, Eggs & Fridge",Woolworths Baby Spinach Salad Bag 60g,379515,$2.00,$33.33 / 1KG,https://www.woolworths.com.au/shop/productdetails/379515/woolworths-baby-spinach-salad-bag,https://cdn0.woolworths.media/content/wowproductimages/medium/379515.jpg,2020-09-21 17:27:05,Average product rating out of 5: 4.7. Product score is based on 725 ratings,725,,True
fc86506c-deed-4525-a369-54246b5c87a8,Woolworths Supermarket,"Dairy, Eggs & Fridge",Hillview Tasty Shredded Cheese 700g,491820,$6.60,$9.43 / 1KG,https://www.woolworths.com.au/shop/productdetails/491820/hillview-tasty-shredded-cheese,https://cdn0.woolworths.media/content/wowproductimages/medium/491820.jpg,2020-09-21 17:27:05,Average product rating out of 5: 4.5. Product score is based on 48 ratings,48,,True
9bd546dc-a8c5-4581-a99c-d99e15ca79f2,Woolworths Supermarket,"Dairy, Eggs & Fridge",Woolworths Mozzarella Shredded Cheese 500g,728983,$6.00,$12.00 / 1KG,https://www.woolworths.com.au/shop/productdetails/728983/woolworths-mozzarella-shredded-cheese,https://cdn0.woolworths.media/content/wowproductimages/medium/728983.jpg,2020-09-21 17:27:05,Average product rating out of 5: 4.5. Product score is based on 469 ratings,469,,True
7959bb91-245d-41ea-b25c-1018ee4ba382,Woolworths Supermarket,"Dairy, Eggs & Fridge",Hillview Cheese Block 1kg,500187,$8.00,$8.00 / 1KG,https://www.woolworths.com.au/shop/productdetails/500187/hillview-cheese-block,https://cdn0.woolworths.media/content/wowproductimages/medium/500187.jpg,2020-09-21 17:27:05,Average product rating out of 5: 4.5. Product score is based on 66 ratings,66,,True
c1f30a44-f569-4183-93cb-84172757e7f5,Woolworths Supermarket,"Dairy, Eggs & Fridge",Woolworths Tasty Shredded Cheese 500g,729026,$6.00,$12.00 / 1KG,https://www.woolworths.com.au/shop/productdetails/729026/woolworths-tasty-shredded-cheese,https://cdn0.woolworths.media/content/wowproductimages/medium/729026.jpg,2020-09-21 17:27:05,Average product rating out of 5: 4.6. Product score is based on 500 ratings,500,,True
ad190532-94d3-41a4-a92a-b38d915ccb76,Woolworths Supermarket,"Dairy, Eggs & Fridge",Woolworths Drought Relief Full Cream Milk 3l,807384,$3.59,$1.20 / 1L,https://www.woolworths.com.au/shop/productdetails/807384/woolworths-drought-relief-full-cream-milk,https://cdn0.woolworths.media/content/wowproductimages/medium/807384.jpg,2020-09-21 17:27:05,,0,,True
df2b84fa-c62a-43d6-9dd9-0e80ef0e866e,Woolworths Supermarket,"Dairy, Eggs & Fridge",Woolworths Single Leaf Baby Spinach 280g,524336,$5.00,$17.86 / 1KG,https://www.woolworths.com.au/shop/productdetails/524336/woolworths-single-leaf-baby-spinach,https://cdn0.woolworths.media/content/wowproductimages/medium/524336.jpg,2020-09-21 17:27:05,Average product rating out of 5: 4.8. Product score is based on 532 ratings,532,,True
6912af96-60f6-4cb5-8bf1-700699cb1e24,Woolworths Supermarket,"Dairy, Eggs & Fridge",A2 Full Cream Milk 2l,208064,$5.30,$2.65 / 1L,https://www.woolworths.com.au/shop/productdetails/208064/a2-full-cream-milk,https://cdn0.woolworths.media/content/wowproductimages/medium/208064.jpg,2020-09-21 17:27:05,,0,,True
54a810b2-da6a-4a3d-b5f6-cc9c5f1f03bd,Woolworths Supermarket,"Dairy, Eggs & Fridge",Woolworths Drought Relief Lite Milk 2l,807385,$2.39,$1.20 / 1L,https://www.woolworths.com.au/shop/productdetails/807385/woolworths-drought-relief-lite-milk,https://cdn0.woolworths.media/content/wowproductimages/medium/807385.jpg,2020-09-21 17:27:05,,0,,True
e141fe4b-1a2c-46e7-ac32-7cbc273f0e20,Woolworths Supermarket,"Dairy, Eggs & Fridge",Woolworths Drought Relief Lite Milk 3l,807386,$3.59,$1.20 / 1L,https://www.woolworths.com.au/shop/productdetails/807386/woolworths-drought-relief-lite-milk,https://cdn0.woolworths.media/content/wowproductimages/medium/807386.jpg,2020-09-21 17:27:05,,0,,True
3aecd7fc-1244-4751-9ca0-eb9f41d3a9d5,Woolworths Supermarket,"Dairy, Eggs & Fridge",Western Star Original Spreadable 500g,069756,$6.00,$1.20 / 100G,https://www.woolworths.com.au/shop/productdetails/69756/western-star-original-spreadable,https://cdn0.woolworths.media/content/wowproductimages/medium/069756.jpg,2020-09-21 17:27:05,,0,,True
db62e0d7-2a5e-41f8-b845-6e062519a4c1,Woolworths Supermarket,"Dairy, Eggs & Fridge",Woolworths Thickened Cream 600ml,048720,$3.00,$0.50 / 100ML,https://www.woolworths.com.au/shop/productdetails/48720/woolworths-thickened-cream,https://cdn0.woolworths.media/content/wowproductimages/medium/048720.jpg,2020-09-21 17:27:05,Average product rating out of 5: 4.8. Product score is based on 740 ratings,740,,True
f30cda96-069c-4beb-b034-4884fe1addf8,Woolworths Supermarket,"Dairy, Eggs & Fridge",Woolworths Baby Leaf Spinach 120g,524322,$3.00,$25.00 / 1KG,https://www.woolworths.com.au/shop/productdetails/524322/woolworths-baby-leaf-spinach,https://cdn0.woolworths.media/content/wowproductimages/medium/524322.jpg,2020-09-21 17:27:05,Average product rating out of 5: 4.7. Product score is based on 2842 ratings,2842,,True
77697987-8d35-4468-9e7a-02453c08fdf9,Woolworths Supermarket,"Dairy, Eggs & Fridge",Woolworths Uht Full Cream Milk 1l,748595,$1.25,$1.25 / 1L,https://www.woolworths.com.au/shop/productdetails/748595/woolworths-uht-full-cream-milk,https://cdn0.woolworths.media/content/wowproductimages/medium/748595.jpg,2020-09-21 17:27:05,Average product rating out of 5: 4.9. Product score is based on 36 ratings,36,,True
1a74ab59-9e90-4530-ad3b-1388ece53483,Woolworths Supermarket,"Dairy, Eggs & Fridge",Just 4 You 12 Extra Large Caged Eggs 700g,893974,$3.50,$0.50 / 100G,https://www.woolworths.com.au/shop/productdetails/893974/just-4-you-12-extra-large-caged-eggs,https://cdn0.woolworths.media/content/wowproductimages/medium/893974.jpg,2020-09-21 17:27:05,,0,,True
c7c77446-0fa8-4c94-a0c4-4d084732d454,Woolworths Supermarket,"Dairy, Eggs & Fridge",A2 Light Milk 2l,208066,$5.30,$2.65 / 1L,https://www.woolworths.com.au/shop/productdetails/208066/a2-light-milk,https://cdn0.woolworths.media/content/wowproductimages/medium/208066.jpg,2020-09-21 17:27:05,,0,,True
e11bf70f-6bb3-402a-8fa7-48ec3e9ec710,Woolworths Supermarket,"Dairy, Eggs & Fridge",Almond Breeze Unsweetened Almond Milk 1l,761604,$2.50,$2.50 / 1L,https://www.woolworths.com.au/shop/productdetails/761604/almond-breeze-unsweetened-almond-milk,https://cdn0.woolworths.media/content/wowproductimages/medium/761604.jpg,2020-09-21 17:27:05,,0,Was $3.25 13/03/2017,True
6a9db214-8bef-4108-b5b2-34d74cbd1ed2,Woolworths Supermarket,"Dairy, Eggs & Fridge",Fresh Fodder Mediterranean Tapenade 200g,109860,$5.00,$2.50 / 100G,https://www.woolworths.com.au/shop/productdetails/109860/fresh-fodder-mediterranean-tapenade,https://cdn0.woolworths.media/content/wowproductimages/medium/109860.jpg,2020-09-21 17:27:05,,0,,True
ff7f0967-764f-4c97-a637-4763110b5e9f,Woolworths Supermarket,"Dairy, Eggs & Fridge",Chris' Homestyle Tzatziki 800g,113955,$6.50,$0.81 / 100G,https://www.woolworths.com.au/shop/productdetails/113955/chris-homestyle-tzatziki,https://cdn0.woolworths.media/content/wowproductimages/medium/113955.jpg,2020-09-21 17:27:05,,0,,True
c3724d77-0df0-4a0e-93f0-29bc46423270,Woolworths Supermarket,"Dairy, Eggs & Fridge",Chris' Kalamata Olive Dip 200g,113964,$3.50,$1.75 / 100G,https://www.woolworths.com.au/shop/productdetails/113964/chris-kalamata-olive-dip,https://cdn0.woolworths.media/content/wowproductimages/medium/113964.jpg,2020-09-21 17:27:05,,0,2 for $6.00 $1.50/100G,True
ba069416-835e-4216-9f36-f092e3e82bd9,Woolworths Supermarket,"Dairy, Eggs & Fridge",Chris' Homestyle Tzatziki Dip 100g x3 pack,114584,$6.00,$2.00 / 100G,https://www.woolworths.com.au/shop/productdetails/114584/chris-homestyle-tzatziki-dip,https://cdn0.woolworths.media/content/wowproductimages/medium/114584.jpg,2020-09-21 17:27:05,,0,,True
ace98feb-f681-43a0-87ca-94dbf98e2247,Woolworths Supermarket,"Dairy, Eggs & Fridge",Yumi's Italian Olive Dip 200g,120737,$4.00,$2.00 / 100G,https://www.woolworths.com.au/shop/productdetails/120737/yumi-s-italian-olive-dip,https://cdn0.woolworths.media/content/wowproductimages/medium/120737.jpg,2020-09-21 17:27:05,,0,,True
1b3005c4-a60d-4601-858c-ba101c1deb19,Woolworths Supermarket,"Dairy, Eggs & Fridge",Yumi's Eggplant Mediterranean Dip 200g,139881,$4.00,$2.00 / 100G,https://www.woolworths.com.au/shop/productdetails/139881/yumi-s-eggplant-mediterranean-dip,https://cdn0.woolworths.media/content/wowproductimages/medium/139881.jpg,2020-09-21 17:27:05,,0,,True
5a3ffd7d-96bb-4f57-9c96-887495041ce3,Woolworths Supermarket,"Dairy, Eggs & Fridge",Vaalia Low Fat Luscious Berries Yoghurt 900g,156241,$5.80,$0.64 / 100G,https://www.woolworths.com.au/shop/productdetails/156241/vaalia-low-fat-luscious-berries-yoghurt,https://cdn0.woolworths.media/content/wowproductimages/medium/156241.jpg,2020-09-21 17:27:05,,0,,True
bee6ec85-d19b-4f57-9eaf-121e83353d2e,Woolworths Supermarket,"Dairy, Eggs & Fridge",Lemnos Paneer Cheese 200g,185281,$6.90,$34.50 / 1KG,https://www.woolworths.com.au/shop/productdetails/185281/lemnos-paneer-cheese,https://cdn0.woolworths.media/content/wowproductimages/medium/185281.jpg,2020-09-21 17:27:05,,0,,True
21ef2b3e-b74d-4640-b206-32ff93348902,Woolworths Supermarket,"Dairy, Eggs & Fridge",Cracker Barrel Slice Extra Sharp 250g,226351,$6.50,$26.00 / 1KG,https://www.woolworths.com.au/shop/productdetails/226351/cracker-barrel-slice-extra-sharp,https://cdn0.woolworths.media/content/wowproductimages/medium/226351.jpg,2020-09-21 17:27:05,,0,,True
836e6710-4175-4736-813b-e1fe976d9d5a,Woolworths Supermarket,"Dairy, Eggs & Fridge",Woolworths Four Seasons Coleslaw 400g,233567,$4.00,$10.00 / 1KG,https://www.woolworths.com.au/shop/productdetails/233567/woolworths-four-seasons-coleslaw,https://cdn0.woolworths.media/content/wowproductimages/medium/233567.jpg,2020-09-21 17:27:05,,0,,True
7f3d6dff-9821-461f-9fc8-5903caf11634,Woolworths Supermarket,"Dairy, Eggs & Fridge",Devondale Mozzarella Cheese Block 550g,253674,$7.50,$13.64 / 1KG,https://www.woolworths.com.au/shop/productdetails/253674/devondale-mozzarella-cheese-block,https://cdn0.woolworths.media/content/wowproductimages/medium/253674.jpg,2020-09-21 17:27:05,,0,,True
ac63dd56-d53a-4292-8ae7-03c4c4eb2fef,Woolworths Supermarket,"Dairy, Eggs & Fridge",Lemnos Organic Halloumi Cheese 180g,287053,$7.50,$41.67 / 1KG,https://www.woolworths.com.au/shop/productdetails/287053/lemnos-organic-halloumi-cheese,https://cdn0.woolworths.media/content/wowproductimages/medium/287053.jpg,2020-09-21 17:27:05,,0,,True
4789838a-366a-46b2-9b82-be3b4753093f,Woolworths Supermarket,"Dairy, Eggs & Fridge",Sunny Queen 12 Extra Large Cage Free Eggs 700g,319049,$5.50,$0.79 / 100G,https://www.woolworths.com.au/shop/productdetails/319049/sunny-queen-12-extra-large-cage-free-eggs,https://cdn0.woolworths.media/content/wowproductimages/medium/319049.jpg,2020-09-21 17:27:05,,0,,True
4ad3d82c-b333-4027-894c-6062ea761446,Woolworths Supermarket,"Dairy, Eggs & Fridge",Mainland Cracker Cuts Tasty Cheese 120g,324521,$5.00,$41.67 / 1KG,https://www.woolworths.com.au/shop/productdetails/324521/mainland-cracker-cuts-tasty-cheese,https://cdn0.woolworths.media/content/wowproductimages/medium/324521.jpg,2020-09-21 17:27:05,,0,,True
95579377-6598-4bd5-bd96-bac84935c5c8,Woolworths Supermarket,"Dairy, Eggs & Fridge",Dodoni Greek Feta Cheese 400g,328103,$12.00,$30.00 / 1KG,https://www.woolworths.com.au/shop/productdetails/328103/dodoni-greek-feta-cheese,https://cdn0.woolworths.media/content/wowproductimages/medium/328103.jpg,2020-09-21 17:27:05,,0,,True
785d8e8b-3980-4ae0-b0d3-4b1caf527daa,Woolworths Supermarket,"Dairy, Eggs & Fridge",Dodoni Fetta Goats Cheese 200g,360586,$6.00,$30.00 / 1KG,https://www.woolworths.com.au/shop/productdetails/360586/dodoni-fetta-goats-cheese,https://cdn0.woolworths.media/content/wowproductimages/medium/360586.jpg,2020-09-21 17:27:05,,0,Was $7.00 18/09/2017,True
bfdc5a17-e6b9-4ea8-8994-e69157ba759d,Woolworths Supermarket,"Dairy, Eggs & Fridge",Bulla Cottage Cheese Plain Cheese 500g,360847,$5.30,$10.60 / 1KG,https://www.woolworths.com.au/shop/productdetails/360847/bulla-cottage-cheese-plain-cheese,https://cdn0.woolworths.media/content/wowproductimages/medium/360847.jpg,2020-09-21 17:27:05,,0,,True
23df2889-64f5-46db-a2ae-49482cd2bb0b,Woolworths Supermarket,"Dairy, Eggs & Fridge",Woolworths Fresh Chicken Noodle Soup 300g,421118,$3.00,$1.00 / 100G,https://www.woolworths.com.au/shop/productdetails/421118/woolworths-fresh-chicken-noodle-soup,https://cdn0.woolworths.media/content/wowproductimages/medium/421118.jpg,2020-09-21 17:27:05,Average product rating out of 5: 3.5. Product score is based on 370 ratings,370,4 for $10.00 $0.83/100G,True
d921edbf-e218-4a6f-be82-6ee3eada1fa6,Woolworths Supermarket,"Dairy, Eggs & Fridge",Pauls Custard Vanilla 140g,436518,$2.00,$1.43 / 100G,https://www.woolworths.com.au/shop/productdetails/436518/pauls-custard-vanilla,https://cdn0.woolworths.media/content/wowproductimages/medium/436518.jpg,2020-09-21 17:27:05,,0,,True
23245ec4-775e-4f5c-b292-288ee3e9093f,Woolworths Supermarket,"Dairy, Eggs & Fridge",Coon Cheese Slices Colby 500g,491248,$7.00,$14.00 / 1KG,https://www.woolworths.com.au/shop/productdetails/491248/coon-cheese-slices-colby,https://cdn0.woolworths.media/content/wowproductimages/medium/491248.jpg,2020-09-21 17:27:05,,0,,True
2e6c4504-b025-459b-93d9-54e8830e166b,Woolworths Supermarket,"Dairy, Eggs & Fridge",Tasmanian Heritage Camembert Cheese Snack 80g,527275,$3.50,$43.75 / 1KG,https://www.woolworths.com.au/shop/productdetails/527275/tasmanian-heritage-camembert-cheese-snack,https://cdn0.woolworths.media/content/wowproductimages/medium/527275.jpg,2020-09-21 17:27:05,,0,3 for $9.00 $37.50/1KG,True
62e85bc3-980a-43b0-b2c3-d3ed550a5d6d,Woolworths Supermarket,"Dairy, Eggs & Fridge",Yumi's Beetoort & Hommus Dip 200g,531732,$4.00,$2.00 / 100G,https://www.woolworths.com.au/shop/productdetails/531732/yumi-s-beetoort-hommus-dip,https://cdn0.woolworths.media/content/wowproductimages/medium/531732.jpg,2020-09-21 17:27:05,,0,,True
47ff46cf-7142-428f-b945-4cb91df9f991,Woolworths Supermarket,"Dairy, Eggs & Fridge",Woolworths Cook Roast Mixed Vegetables With Garlic & Rosemary 500g,583615,$5.00,$10.00 / 1KG,https://www.woolworths.com.au/shop/productdetails/583615/woolworths-cook-roast-mixed-vegetables-with-garlic-rosemary,https://cdn0.woolworths.media/content/wowproductimages/medium/583615.jpg,2020-09-21 17:27:05,Average product rating out of 5: 3.6. Product score is based on 295 ratings,295,,True
5d06b4ac-a7ac-4a0b-b615-2189b651241d,Woolworths Supermarket,"Dairy, Eggs & Fridge",Evergreen Silken Tofu 300g,595734,$2.10,$7.00 / 1KG,https://www.woolworths.com.au/shop/productdetails/595734/evergreen-silken-tofu,https://cdn0.woolworths.media/content/wowproductimages/medium/595734.jpg,2020-09-21 17:27:05,,0,,True
9edecd3e-be0e-4b13-9b68-cd07d952c2ab,Woolworths Supermarket,"Dairy, Eggs & Fridge",Coon Cheese Slices Tasty 750g,187899,$10.00,$13.33 / 1KG,https://www.woolworths.com.au/shop/productdetails/187899/coon-cheese-slices-tasty,https://cdn0.woolworths.media/content/wowproductimages/medium/187899.jpg,2020-09-21 17:27:05,,0,Was $12.00 07/07/2020,True
21d21b43-cf9a-4594-8433-9304754e6d45,Woolworths Supermarket,"Dairy, Eggs & Fridge",A2 Light Milk 2l,208066,$5.30,$2.65 / 1L,https://www.woolworths.com.au/shop/productdetails/208066/a2-light-milk,https://cdn0.woolworths.media/content/wowproductimages/medium/208066.jpg,2020-09-21 17:27:05,,0,,True
5d30df47-4e4d-4ede-96d1-c64dd206da5b,Woolworths Supermarket,"Dairy, Eggs & Fridge",A2 Full Cream Milk 2l,208064,$5.30,$2.65 / 1L,https://www.woolworths.com.au/shop/productdetails/208064/a2-full-cream-milk,https://cdn0.woolworths.media/content/wowproductimages/medium/208064.jpg,2020-09-21 17:27:05,,0,,True
01b0a887-2dff-4322-9196-281d4f22c7ca,Woolworths Supermarket,"Dairy, Eggs & Fridge",Woolworths Baby Spinach Salad Bag 60g,379515,$2.00,$33.33 / 1KG,https://www.woolworths.com.au/shop/productdetails/379515/woolworths-baby-spinach-salad-bag,https://cdn0.woolworths.media/content/wowproductimages/medium/379515.jpg,2020-09-21 17:27:05,Average product rating out of 5: 4.7. Product score is based on 725 ratings,725,,True
50365989-2f4b-4f70-8465-f4230c91eb46,Woolworths Supermarket,"Dairy, Eggs & Fridge",Woolworths Drought Relief Full Cream Milk 3l,807384,$3.59,$1.20 / 1L,https://www.woolworths.com.au/shop/productdetails/807384/woolworths-drought-relief-full-cream-milk,https://cdn0.woolworths.media/content/wowproductimages/medium/807384.jpg,2020-09-21 17:27:05,,0,,True
a65865ea-7bef-4d29-8c24-6ff31ce075fa,Woolworths Supermarket,"Dairy, Eggs & Fridge",Woolworths Mozzarella Shredded Cheese 500g,728983,$6.00,$12.00 / 1KG,https://www.woolworths.com.au/shop/productdetails/728983/woolworths-mozzarella-shredded-cheese,https://cdn0.woolworths.media/content/wowproductimages/medium/728983.jpg,2020-09-21 17:27:05,Average product rating out of 5: 4.5. Product score is based on 469 ratings,469,,True
c6bc4030-850e-4b4c-8236-f8ea94aec778,Woolworths Supermarket,"Dairy, Eggs & Fridge",Western Star Original Spreadable 500g,069756,$6.00,$1.20 / 100G,https://www.woolworths.com.au/shop/productdetails/69756/western-star-original-spreadable,https://cdn0.woolworths.media/content/wowproductimages/medium/069756.jpg,2020-09-21 17:27:05,,0,,True
95fb005a-94ed-4b77-ba88-420cb7bb6367,Woolworths Supermarket,"Dairy, Eggs & Fridge",Woolworths Thickened Cream 600ml,048720,$3.00,$0.50 / 100ML,https://www.woolworths.com.au/shop/productdetails/48720/woolworths-thickened-cream,https://cdn0.woolworths.media/content/wowproductimages/medium/048720.jpg,2020-09-21 17:27:05,Average product rating out of 5: 4.8. Product score is based on 740 ratings,740,,True
cab4fb6e-d2e9-449f-b372-e0b788e90728,Woolworths Supermarket,"Dairy, Eggs & Fridge",Hillview Tasty Shredded Cheese 700g,491820,$6.60,$9.43 / 1KG,https://www.woolworths.com.au/shop/productdetails/491820/hillview-tasty-shredded-cheese,https://cdn0.woolworths.media/content/wowproductimages/medium/491820.jpg,2020-09-21 17:27:05,Average product rating out of 5: 4.5. Product score is based on 48 ratings,48,,True
57b21c5e-5c63-4d3c-87c7-ac3ea9dd282f,Woolworths Supermarket,"Dairy, Eggs & Fridge",Woolworths Drought Relief Lite Milk 3l,807386,$3.59,$1.20 / 1L,https://www.woolworths.com.au/shop/productdetails/807386/woolworths-drought-relief-lite-milk,https://cdn0.woolworths.media/content/wowproductimages/medium/807386.jpg,2020-09-21 17:27:05,,0,,True
e036ed2a-e3ac-4dac-b3a3-50d7d2f706b5,Woolworths Supermarket,"Dairy, Eggs & Fridge",Woolworths Drought Relief Lite Milk 2l,807385,$2.39,$1.20 / 1L,https://www.woolworths.com.au/shop/productdetails/807385/woolworths-drought-relief-lite-milk,https://cdn0.woolworths.media/content/wowproductimages/medium/807385.jpg,2020-09-21 17:27:05,,0,,True
4266d907-c7a4-45ea-bf5b-ebafbf640d2d,Woolworths Supermarket,"Dairy, Eggs & Fridge",Woolworths Single Leaf Baby Spinach 280g,524336,$5.00,$17.86 / 1KG,https://www.woolworths.com.au/shop/productdetails/524336/woolworths-single-leaf-baby-spinach,https://cdn0.woolworths.media/content/wowproductimages/medium/524336.jpg,2020-09-21 17:27:05,Average product rating out of 5: 4.8. Product score is based on 532 ratings,532,,True
0c455487-0c8f-4b22-b5f3-7b587e51dbaa,Woolworths Supermarket,"Dairy, Eggs & Fridge",Woolworths Uht Full Cream Milk 1l,748595,$1.25,$1.25 / 1L,https://www.woolworths.com.au/shop/productdetails/748595/woolworths-uht-full-cream-milk,https://cdn0.woolworths.media/content/wowproductimages/medium/748595.jpg,2020-09-21 17:27:05,Average product rating out of 5: 4.9. Product score is based on 36 ratings,36,,True
800e54fc-11ed-461a-b6e6-9a80b774a043,Woolworths Supermarket,"Dairy, Eggs & Fridge",Almond Breeze Unsweetened Almond Milk 1l,761604,$2.50,$2.50 / 1L,https://www.woolworths.com.au/shop/productdetails/761604/almond-breeze-unsweetened-almond-milk,https://cdn0.woolworths.media/content/wowproductimages/medium/761604.jpg,2020-09-21 17:27:05,,0,Was $3.25 13/03/2017,True
1f235e5c-3c93-4847-b6c2-3f55ff933ec9,Woolworths Supermarket,"Dairy, Eggs & Fridge",Woolworths Baby Leaf Spinach 120g,524322,$3.00,$25.00 / 1KG,https://www.woolworths.com.au/shop/productdetails/524322/woolworths-baby-leaf-spinach,https://cdn0.woolworths.media/content/wowproductimages/medium/524322.jpg,2020-09-21 17:27:05,Average product rating out of 5: 4.7. Product score is based on 2842 ratings,2842,,True
9904aad0-258d-49c0-9533-3c5d972a926e,Woolworths Supermarket,"Dairy, Eggs & Fridge",Hillview Cheese Block 1kg,500187,$8.00,$8.00 / 1KG,https://www.woolworths.com.au/shop/productdetails/500187/hillview-cheese-block,https://cdn0.woolworths.media/content/wowproductimages/medium/500187.jpg,2020-09-21 17:27:05,Average product rating out of 5: 4.5. Product score is based on 66 ratings,66,,True
e80391d0-0055-4d7a-bd41-856e19ab0f04,Woolworths Supermarket,"Dairy, Eggs & Fridge",Woolworths Tasty Shredded Cheese 500g,729026,$6.00,$12.00 / 1KG,https://www.woolworths.com.au/shop/productdetails/729026/woolworths-tasty-shredded-cheese,https://cdn0.woolworths.media/content/wowproductimages/medium/729026.jpg,2020-09-21 17:27:05,Average product rating out of 5: 4.6. Product score is based on 500 ratings,500,,True
98343d22-7dda-4fda-a902-3c481f8fbf07,Woolworths Supermarket,"Dairy, Eggs & Fridge",Just 4 You 12 Extra Large Caged Eggs 700g,893974,$3.50,$0.50 / 100G,https://www.woolworths.com.au/shop/productdetails/893974/just-4-you-12-extra-large-caged-eggs,https://cdn0.woolworths.media/content/wowproductimages/medium/893974.jpg,2020-09-21 17:27:05,,0,,True
a521cd0d-b733-4c50-acff-fa2c9b343680,Woolworths Supermarket,"Dairy, Eggs & Fridge",Woolworths Drought Relief Full Cream Milk 2l,807383,$2.39,$1.20 / 1L,https://www.woolworths.com.au/shop/productdetails/807383/woolworths-drought-relief-full-cream-milk,https://cdn0.woolworths.media/content/wowproductimages/medium/807383.jpg,2020-09-21 17:27:05,Average product rating out of 5: 4.7. Product score is based on 385 ratings,385,,True
ff4419b0-0994-46a5-841a-7ed449ec4908,Woolworths Supermarket,"Dairy, Eggs & Fridge",Flora Proactiv Margarine Buttery 750g,763453,$10.00,$1.33 / 100G,https://www.woolworths.com.au/shop/productdetails/763453/flora-proactiv-margarine-buttery,https://cdn0.woolworths.media/content/wowproductimages/medium/763453.jpg,2020-09-21 17:27:05,,0,,True
b87d8a72-27c0-4b07-83a4-d8e5d73e6256,Woolworths Supermarket,"Dairy, Eggs & Fridge",Chobani Flip Greek Yoghurt Almond Coco Loco 140g,611783,$2.00,$1.43 / 100G,https://www.woolworths.com.au/shop/productdetails/611783/chobani-flip-greek-yoghurt-almond-coco-loco,https://cdn0.woolworths.media/content/wowproductimages/medium/611783.jpg,2020-09-21 17:27:05,,0,,True
87641cf8-4376-45b9-b994-7366c8f6caf0,Woolworths Supermarket,"Dairy, Eggs & Fridge",Dodoni Cypriot Halloumi 225g,627367,$7.00,$31.11 / 1KG,https://www.woolworths.com.au/shop/productdetails/627367/dodoni-cypriot-halloumi,https://cdn0.woolworths.media/content/wowproductimages/medium/627367.jpg,2020-09-21 17:27:05,,0,,True
ab9d10ad-dff5-4ea5-b90e-6aba04722c9f,Woolworths Supermarket,"Dairy, Eggs & Fridge",Picasso Kitchen Pizza Base 260g,637441,$2.00,$0.77 / 100G,https://www.woolworths.com.au/shop/productdetails/637441/picasso-kitchen-pizza-base,https://cdn0.woolworths.media/content/wowproductimages/medium/637441.jpg,2020-09-21 17:27:05,,0,,True
789953f4-2a7f-4066-b09b-0bfefc0d9b94,Woolworths Supermarket,"Dairy, Eggs & Fridge",Woolworths Chicken & Caesar Bowl 180g,642106,$6.50,$43.33 / 1KG,https://www.woolworths.com.au/shop/productdetails/642106/woolworths-chicken-caesar-bowl,https://cdn0.woolworths.media/content/wowproductimages/medium/642106.jpg,2020-09-21 17:27:05,Average product rating out of 5: 4.0. Product score is based on 406 ratings,406,,True
cdc6977a-bb96-477a-90b0-72dd5ab33624,Woolworths Supermarket,"Dairy, Eggs & Fridge",Pro Live Original Probiotc Drink 315ml,660994,$2.80,$0.89 / 100ML,https://www.woolworths.com.au/shop/productdetails/660994/pro-live-original-probiotc-drink,https://cdn0.woolworths.media/content/wowproductimages/medium/660994.jpg,2020-09-21 17:27:05,,0,,True
5ad28745-41d3-442f-ac08-c3502b8d68c7,Woolworths Supermarket,"Dairy, Eggs & Fridge",Nutty Bruce Unsweetened Almond Milk 1l,662836,$5.50,$5.50 / 1L,https://www.woolworths.com.au/shop/productdetails/662836/nutty-bruce-unsweetened-almond-milk,https://cdn0.woolworths.media/content/wowproductimages/medium/662836.jpg,2020-09-21 17:27:05,,0,2 for $8.00 $4.00/1L,True
03c53182-ebaf-4c2b-a658-999a861b92fa,Woolworths Supermarket,"Dairy, Eggs & Fridge",Farmers Union Greek Style Yogurt Pouch Natural 130g,663179,$1.50,$1.15 / 100G,https://www.woolworths.com.au/shop/productdetails/663179/farmers-union-greek-style-yogurt-pouch-natural,https://cdn0.woolworths.media/content/wowproductimages/medium/663179.jpg,2020-09-21 17:27:05,,0,Was $2.25 11/08/2019,True
edc28049-4759-4f94-9f77-5c1b5bf3f378,Woolworths Supermarket,"Dairy, Eggs & Fridge",Woolworths Goats Cheese 100g,682265,$4.50,$45.00 / 1KG,https://www.woolworths.com.au/shop/productdetails/682265/woolworths-goats-cheese,https://cdn0.woolworths.media/content/wowproductimages/medium/682265.jpg,2020-09-21 17:27:05,Average product rating out of 5: 3.8. Product score is based on 393 ratings,393,,True
d429b941-5e93-4cad-a1c0-f95cc7c0c394,Woolworths Supermarket,"Dairy, Eggs & Fridge",Danone Yopro Strawberry Yoghurt 700g,686250,$6.00,$0.86 / 100G,https://www.woolworths.com.au/shop/productdetails/686250/danone-yopro-strawberry-yoghurt,https://cdn0.woolworths.media/content/wowproductimages/medium/686250.jpg,2020-09-21 17:27:05,,0,Was $7.00 02/10/2018,True
4afd7616-4e7b-494f-ad33-a8f4bf489c7a,Woolworths Supermarket,"Dairy, Eggs & Fridge",Lemnos Haloumi 2 pack,696277,$7.50,$37.50 / 1KG,https://www.woolworths.com.au/shop/productdetails/696277/lemnos-haloumi,https://cdn0.woolworths.media/content/wowproductimages/medium/696277.jpg,2020-09-21 17:27:05,,0,,True
c101da38-517d-488b-a3a0-059d9d481eb0,Woolworths Supermarket,"Dairy, Eggs & Fridge",Woolworths Homestyle Beef Mince Pies In A Rich Gravy 700g,698616,$13.50,$1.93 / 100G,https://www.woolworths.com.au/shop/productdetails/698616/woolworths-homestyle-beef-mince-pies-in-a-rich-gravy,https://cdn0.woolworths.media/content/wowproductimages/medium/698616.jpg,2020-09-21 17:27:05,Average product rating out of 5: 2.8. Product score is based on 152 ratings,152,,True
45476768-174a-40b0-9437-ac7fccf648e7,Woolworths Supermarket,"Dairy, Eggs & Fridge",Alambra Cypriot Halloumi 225g,702566,$6.50,$28.89 / 1KG,https://www.woolworths.com.au/shop/productdetails/702566/alambra-cypriot-halloumi,https://cdn0.woolworths.media/content/wowproductimages/medium/702566.jpg,2020-09-21 17:27:05,,0,,True
4be445b0-a973-462f-a897-7532b693e4fc,Woolworths Supermarket,"Dairy, Eggs & Fridge",Chris' Taramosalata Homestyle Caviar Dip 200g,703502,$3.50,$1.75 / 100G,https://www.woolworths.com.au/shop/productdetails/703502/chris-taramosalata-homestyle-caviar-dip,https://cdn0.woolworths.media/content/wowproductimages/medium/703502.jpg,2020-09-21 17:27:05,,0,2 for $6.00 $1.50/100G,True
ab02b754-d4c5-4389-9350-b67cd55b630b,Woolworths Supermarket,"Dairy, Eggs & Fridge","Red Rock Deli Dip Beetroot, Feta & Cashew 150g",703683,$4.50,$3.00 / 100G,https://www.woolworths.com.au/shop/productdetails/703683/red-rock-deli-dip-beetroot-feta-cashew,https://cdn0.woolworths.media/content/wowproductimages/medium/703683.jpg,2020-09-21 17:27:05,,0,2 for $7.00,True
30464308-24b0-43c5-b331-b21d310bdb57,Woolworths Supermarket,"Dairy, Eggs & Fridge",Woolworths Tangy & Crunchy Coleslaw Kit 400g,703827,$5.00,$12.50 / 1KG,https://www.woolworths.com.au/shop/productdetails/703827/woolworths-tangy-crunchy-coleslaw-kit,https://cdn0.woolworths.media/content/wowproductimages/medium/703827.jpg,2020-09-21 17:27:05,Average product rating out of 5: 4.3. Product score is based on 834 ratings,834,,True
07cf4ff5-c3b8-482f-a0d3-f0e7ffcfad4e,Woolworths Supermarket,"Dairy, Eggs & Fridge",Fresh Fodder Tzatziki 200g,714664,$5.00,$2.50 / 100G,https://www.woolworths.com.au/shop/productdetails/714664/fresh-fodder-tzatziki,https://cdn0.woolworths.media/content/wowproductimages/medium/714664.jpg,2020-09-21 17:27:05,,0,,True
4da7afb8-6f0c-49fc-a412-101cf56bcdd0,Woolworths Supermarket,"Dairy, Eggs & Fridge",Fresh Fodder Taramosalata 200g,714693,$5.00,$2.50 / 100G,https://www.woolworths.com.au/shop/productdetails/714693/fresh-fodder-taramosalata,https://cdn0.woolworths.media/content/wowproductimages/medium/714693.jpg,2020-09-21 17:27:05,,0,,True
d62ad00c-c2a3-4067-ac60-d914bd8d9002,Woolworths Supermarket,"Dairy, Eggs & Fridge",Yoplait Classics Berry Punnet Yoghurt 12x100g,717682,$7.00,$0.58 / 100G,https://www.woolworths.com.au/shop/productdetails/717682/yoplait-classics-berry-punnet-yoghurt,https://cdn0.woolworths.media/content/wowproductimages/medium/717682.jpg,2020-09-21 17:27:05,,0,Was $8.00 04/08/2019,True
91c69a2e-66a9-4c0e-bfd6-2a8d2de45dd3,Woolworths Supermarket,"Dairy, Eggs & Fridge",Lemnos Haloumi Cheese 600g,730180,$17.00,$28.33 / 1KG,https://www.woolworths.com.au/shop/productdetails/730180/lemnos-haloumi-cheese,https://cdn0.woolworths.media/content/wowproductimages/medium/730180.jpg,2020-09-21 17:27:05,,0,,True
c20d152c-13c3-4e08-b9fb-148a7f1a2ae1,Woolworths Supermarket,"Dairy, Eggs & Fridge",Liddells Lactose Free Shredded Cheese 250g,741042,$6.00,$24.00 / 1KG,https://www.woolworths.com.au/shop/productdetails/741042/liddells-lactose-free-shredded-cheese,https://cdn0.woolworths.media/content/wowproductimages/medium/741042.jpg,2020-09-21 17:27:05,,0,,True
97a46b84-1d2f-4693-877e-a6ea36d8e6ca,Woolworths Supermarket,"Dairy, Eggs & Fridge",Woolworths Sweet Potato & Pumpkin Soup Low Fat 300g,744858,$3.00,$1.00 / 100G,https://www.woolworths.com.au/shop/productdetails/744858/woolworths-sweet-potato-pumpkin-soup-low-fat,https://cdn0.woolworths.media/content/wowproductimages/medium/744858.jpg,2020-09-21 17:27:05,Average product rating out of 5: 3.2. Product score is based on 80 ratings,80,4 for $10.00 $0.83/100G,True
820df337-925a-4857-92c0-79bcf1a087cd,Woolworths Supermarket,"Dairy, Eggs & Fridge",Brancourts Cottage Cheese Classic 500g,757009,$6.00,$12.00 / 1KG,https://www.woolworths.com.au/shop/productdetails/757009/brancourts-cottage-cheese-classic,https://cdn0.woolworths.media/content/wowproductimages/medium/757009.jpg,2020-09-21 17:27:05,,0,,True
9ab394de-a100-475c-b118-fad8dd28659a,Woolworths Supermarket,"Dairy, Eggs & Fridge",Perfect Italiano Perfect Bakes 3 Cheeses 450g,759656,$7.65,$17.00 / 1KG,https://www.woolworths.com.au/shop/productdetails/759656/perfect-italiano-perfect-bakes-3-cheeses,https://cdn0.woolworths.media/content/wowproductimages/medium/759656.jpg,2020-09-21 17:27:05,,0,,True
cbeae079-d244-4072-9ea7-ada78ef769a5,Woolworths Supermarket,"Dairy, Eggs & Fridge",Sss Foods Hommus Natural 225g,773801,$3.00,$1.33 / 100G,https://www.woolworths.com.au/shop/productdetails/773801/sss-foods-hommus-natural,https://cdn0.woolworths.media/content/wowproductimages/medium/773801.jpg,2020-09-21 17:27:05,,0,,True
930e401e-8b40-4eb4-b669-f87fb0dff0e0,Woolworths Supermarket,"Dairy, Eggs & Fridge",Coon Cheese Slices Tasty 750g,187899,$10.00,$13.33 / 1KG,https://www.woolworths.com.au/shop/productdetails/187899/coon-cheese-slices-tasty,https://cdn0.woolworths.media/content/wowproductimages/medium/187899.jpg,2020-09-21 17:27:05,,0,Was $12.00 07/07/2020,True
fd13f676-3fd9-4d0e-a14c-34db4888d5ae,Woolworths Supermarket,"Dairy, Eggs & Fridge",A2 Light Milk 2l,208066,$5.30,$2.65 / 1L,https://www.woolworths.com.au/shop/productdetails/208066/a2-light-milk,https://cdn0.woolworths.media/content/wowproductimages/medium/208066.jpg,2020-09-21 17:27:05,,0,,True
56c59667-37e4-4d0f-910f-42e78c9d9810,Woolworths Supermarket,"Dairy, Eggs & Fridge",Flora Proactiv Margarine Buttery 750g,763453,$10.00,$1.33 / 100G,https://www.woolworths.com.au/shop/productdetails/763453/flora-proactiv-margarine-buttery,https://cdn0.woolworths.media/content/wowproductimages/medium/763453.jpg,2020-09-21 17:27:05,,0,,True
700b3cfb-4211-4865-856e-bae1c395063c,Woolworths Supermarket,"Dairy, Eggs & Fridge",A2 Full Cream Milk 2l,208064,$5.30,$2.65 / 1L,https://www.woolworths.com.au/shop/productdetails/208064/a2-full-cream-milk,https://cdn0.woolworths.media/content/wowproductimages/medium/208064.jpg,2020-09-21 17:27:05,,0,,True
e20aa8ff-9d57-4ea6-9602-432f609b8cb8,Woolworths Supermarket,"Dairy, Eggs & Fridge",Woolworths Baby Leaf Spinach 120g,524322,$3.00,$25.00 / 1KG,https://www.woolworths.com.au/shop/productdetails/524322/woolworths-baby-leaf-spinach,https://cdn0.woolworths.media/content/wowproductimages/medium/524322.jpg,2020-09-21 17:27:05,Average product rating out of 5: 4.7. Product score is based on 2842 ratings,2842,,True
50e29695-718d-4dde-a0af-e2a1d33a572c,Woolworths Supermarket,"Dairy, Eggs & Fridge",Woolworths Single Leaf Baby Spinach 280g,524336,$5.00,$17.86 / 1KG,https://www.woolworths.com.au/shop/productdetails/524336/woolworths-single-leaf-baby-spinach,https://cdn0.woolworths.media/content/wowproductimages/medium/524336.jpg,2020-09-21 17:27:05,Average product rating out of 5: 4.8. Product score is based on 532 ratings,532,,True
496d1956-4102-4ce1-b335-ac0fde223bb8,Woolworths Supermarket,"Dairy, Eggs & Fridge",Woolworths Mozzarella Shredded Cheese 500g,728983,$6.00,$12.00 / 1KG,https://www.woolworths.com.au/shop/productdetails/728983/woolworths-mozzarella-shredded-cheese,https://cdn0.woolworths.media/content/wowproductimages/medium/728983.jpg,2020-09-21 17:27:05,Average product rating out of 5: 4.5. Product score is based on 469 ratings,469,,True
31ded591-32ec-4ef3-a63d-7e6368c7fe36,Woolworths Supermarket,"Dairy, Eggs & Fridge",Woolworths Drought Relief Full Cream Milk 3l,807384,$3.59,$1.20 / 1L,https://www.woolworths.com.au/shop/productdetails/807384/woolworths-drought-relief-full-cream-milk,https://cdn0.woolworths.media/content/wowproductimages/medium/807384.jpg,2020-09-21 17:27:05,,0,,True
3918e89b-fe18-4991-80d9-6f235547818c,Woolworths Supermarket,"Dairy, Eggs & Fridge",Woolworths Tasty Shredded Cheese 500g,729026,$6.00,$12.00 / 1KG,https://www.woolworths.com.au/shop/productdetails/729026/woolworths-tasty-shredded-cheese,https://cdn0.woolworths.media/content/wowproductimages/medium/729026.jpg,2020-09-21 17:27:05,Average product rating out of 5: 4.6. Product score is based on 500 ratings,500,,True
ef403178-58d8-4e00-9e5e-c1a2a6b5a49f,Woolworths Supermarket,"Dairy, Eggs & Fridge",Woolworths Drought Relief Lite Milk 3l,807386,$3.59,$1.20 / 1L,https://www.woolworths.com.au/shop/productdetails/807386/woolworths-drought-relief-lite-milk,https://cdn0.woolworths.media/content/wowproductimages/medium/807386.jpg,2020-09-21 17:27:05,,0,,True
30cf3b71-3a5c-49a7-ae7d-313e83244514,Woolworths Supermarket,"Dairy, Eggs & Fridge",Woolworths Uht Full Cream Milk 1l,748595,$1.25,$1.25 / 1L,https://www.woolworths.com.au/shop/productdetails/748595/woolworths-uht-full-cream-milk,https://cdn0.woolworths.media/content/wowproductimages/medium/748595.jpg,2020-09-21 17:27:05,Average product rating out of 5: 4.9. Product score is based on 36 ratings,36,,True
6c957737-4b4b-47e8-a5c2-21a6f0b47112,Woolworths Supermarket,"Dairy, Eggs & Fridge",Woolworths Thickened Cream 600ml,048720,$3.00,$0.50 / 100ML,https://www.woolworths.com.au/shop/productdetails/48720/woolworths-thickened-cream,https://cdn0.woolworths.media/content/wowproductimages/medium/048720.jpg,2020-09-21 17:27:05,Average product rating out of 5: 4.8. Product score is based on 740 ratings,740,,True
898600f3-614c-4580-80e4-b9c5d78923c7,Woolworths Supermarket,"Dairy, Eggs & Fridge",Woolworths Drought Relief Lite Milk 2l,807385,$2.39,$1.20 / 1L,https://www.woolworths.com.au/shop/productdetails/807385/woolworths-drought-relief-lite-milk,https://cdn0.woolworths.media/content/wowproductimages/medium/807385.jpg,2020-09-21 17:27:05,,0,,True
3a2c05f2-bda9-49e6-8e26-f80bfaac88b6,Woolworths Supermarket,"Dairy, Eggs & Fridge",Woolworths Drought Relief Full Cream Milk 2l,807383,$2.39,$1.20 / 1L,https://www.woolworths.com.au/shop/productdetails/807383/woolworths-drought-relief-full-cream-milk,https://cdn0.woolworths.media/content/wowproductimages/medium/807383.jpg,2020-09-21 17:27:05,Average product rating out of 5: 4.7. Product score is based on 385 ratings,385,,True
a4255eb2-ab09-4ade-938b-1f059164630d,Woolworths Supermarket,"Dairy, Eggs & Fridge",Almond Breeze Unsweetened Almond Milk 1l,761604,$2.50,$2.50 / 1L,https://www.woolworths.com.au/shop/productdetails/761604/almond-breeze-unsweetened-almond-milk,https://cdn0.woolworths.media/content/wowproductimages/medium/761604.jpg,2020-09-21 17:27:05,,0,Was $3.25 13/03/2017,True
056e1056-4ae2-4682-97bc-fdaf8f526abf,Woolworths Supermarket,"Dairy, Eggs & Fridge",Just 4 You 12 Extra Large Caged Eggs 700g,893974,$3.50,$0.50 / 100G,https://www.woolworths.com.au/shop/productdetails/893974/just-4-you-12-extra-large-caged-eggs,https://cdn0.woolworths.media/content/wowproductimages/medium/893974.jpg,2020-09-21 17:27:05,,0,,True
00c47a1b-ef5f-4fa7-8b82-5849c56e3cdf,Woolworths Supermarket,"Dairy, Eggs & Fridge",Western Star Original Spreadable 500g,069756,$6.00,$1.20 / 100G,https://www.woolworths.com.au/shop/productdetails/69756/western-star-original-spreadable,https://cdn0.woolworths.media/content/wowproductimages/medium/069756.jpg,2020-09-21 17:27:05,,0,,True
31741deb-7ba9-4fa8-8eb1-7ebfc693a639,Woolworths Supermarket,"Dairy, Eggs & Fridge",Hillview Tasty Shredded Cheese 700g,491820,$6.60,$9.43 / 1KG,https://www.woolworths.com.au/shop/productdetails/491820/hillview-tasty-shredded-cheese,https://cdn0.woolworths.media/content/wowproductimages/medium/491820.jpg,2020-09-21 17:27:05,Average product rating out of 5: 4.5. Product score is based on 48 ratings,48,,True
162599fa-feb7-4c0d-aff6-5e533f42de4b,Woolworths Supermarket,"Dairy, Eggs & Fridge",Woolworths Baby Spinach Salad Bag 60g,379515,$2.00,$33.33 / 1KG,https://www.woolworths.com.au/shop/productdetails/379515/woolworths-baby-spinach-salad-bag,https://cdn0.woolworths.media/content/wowproductimages/medium/379515.jpg,2020-09-21 17:27:05,Average product rating out of 5: 4.7. Product score is based on 725 ratings,725,,True
a09f6606-b18e-4768-af68-376fea442a94,Woolworths Supermarket,"Dairy, Eggs & Fridge",Hillview Cheese Block 1kg,500187,$8.00,$8.00 / 1KG,https://www.woolworths.com.au/shop/productdetails/500187/hillview-cheese-block,https://cdn0.woolworths.media/content/wowproductimages/medium/500187.jpg,2020-09-21 17:27:05,Average product rating out of 5: 4.5. Product score is based on 66 ratings,66,,True
3b1daf72-c285-4435-8f95-75b282904368,Woolworths Supermarket,"Dairy, Eggs & Fridge",Dairylea Cheese Pods 100g,799080,$4.00,$40.00 / 1KG,https://www.woolworths.com.au/shop/productdetails/799080/dairylea-cheese-pods,https://cdn0.woolworths.media/content/wowproductimages/medium/799080.jpg,2020-09-21 17:27:05,,0,,True
5a258f8e-bc86-4ab4-902f-4e8d4be575b4,Woolworths Supermarket,"Dairy, Eggs & Fridge",Dairylea Fridge Sticks Cheese 160g,799093,$4.55,$28.44 / 1KG,https://www.woolworths.com.au/shop/productdetails/799093/dairylea-fridge-sticks-cheese,https://cdn0.woolworths.media/content/wowproductimages/medium/799093.jpg,2020-09-21 17:27:05,,0,,True
6c498242-e559-4764-905f-72cccf970de2,Woolworths Supermarket,"Dairy, Eggs & Fridge",Obela Baba Ganoush 220g,805918,$4.50,$2.05 / 100G,https://www.woolworths.com.au/shop/productdetails/805918/obela-baba-ganoush,https://cdn0.woolworths.media/content/wowproductimages/medium/805918.jpg,2020-09-21 17:27:05,,0,,True
b1b296db-7489-4535-8949-68cf359bca5d,Woolworths Supermarket,"Dairy, Eggs & Fridge",Wise Bunny Almond Yoghurt Strawberry 600g,807374,$4.50,$0.75 / 100G,https://www.woolworths.com.au/shop/productdetails/807374/wise-bunny-almond-yoghurt-strawberry,https://cdn0.woolworths.media/content/wowproductimages/medium/807374.jpg,2020-09-21 17:27:05,,0,,True
88e836be-2958-4708-9c73-da89cb12f3ca,Woolworths Supermarket,"Dairy, Eggs & Fridge",Pauls Dolce Velvet Creme Milk Chocolate 2 pack,807464,$2.00,$1.18 / 100G,https://www.woolworths.com.au/shop/productdetails/807464/pauls-dolce-velvet-creme-milk-chocolate,https://cdn0.woolworths.media/content/wowproductimages/medium/807464.jpg,2020-09-21 17:27:05,,0,,True
fd61521b-627b-423e-936b-857859cbf421,Woolworths Supermarket,"Dairy, Eggs & Fridge",Babybel Cheese & Mini Crackers 40g,807735,$2.50,$62.50 / 1KG,https://www.woolworths.com.au/shop/productdetails/807735/babybel-cheese-mini-crackers,https://cdn0.woolworths.media/content/wowproductimages/medium/807735.jpg,2020-09-21 17:27:05,,0,,True
4d7bb14f-98da-4ecf-ba7c-7e88f907a397,Woolworths Supermarket,"Dairy, Eggs & Fridge",Laughing Cow Original Spread 150g,807762,$3.75,$25.00 / 1KG,https://www.woolworths.com.au/shop/productdetails/807762/laughing-cow-original-spread,https://cdn0.woolworths.media/content/wowproductimages/medium/807762.jpg,2020-09-21 17:27:05,,0,,True
beffb9fc-209d-4ce7-acbf-b74099a03ac9,Woolworths Supermarket,"Dairy, Eggs & Fridge",Woolworths New York Pepper Steak 400g,827477,$11.00,$2.75 / 100G,https://www.woolworths.com.au/shop/productdetails/827477/woolworths-new-york-pepper-steak,https://cdn0.woolworths.media/content/wowproductimages/medium/827477.jpg,2020-09-21 17:27:05,Average product rating out of 5: 3.1. Product score is based on 92 ratings,92,,True
29c0eb7f-69a1-4691-82e3-b62a39e42f50,Woolworths Supermarket,"Dairy, Eggs & Fridge",Philadelphia Original Spread Tub 140g,858232,$4.00,$28.57 / 1KG,https://www.woolworths.com.au/shop/productdetails/858232/philadelphia-original-spread-tub,https://cdn0.woolworths.media/content/wowproductimages/medium/858232.jpg,2020-09-21 17:27:05,,0,,True
e33a0c47-9dd7-473c-a3ee-1983fe1538da,Woolworths Supermarket,"Dairy, Eggs & Fridge",So Delicious Almond Vanilla Yoghurt 150g,861019,$2.50,$1.67 / 100G,https://www.woolworths.com.au/shop/productdetails/861019/so-delicious-almond-vanilla-yoghurt,https://cdn0.woolworths.media/content/wowproductimages/medium/861019.jpg,2020-09-21 17:27:05,,0,,True
f5ca3505-d7de-4cf9-be66-dba7bc47583d,Woolworths Supermarket,"Dairy, Eggs & Fridge",So Delicious Almond Strawberry Yoghurt 150g,861217,$2.50,$1.67 / 100G,https://www.woolworths.com.au/shop/productdetails/861217/so-delicious-almond-strawberry-yoghurt,https://cdn0.woolworths.media/content/wowproductimages/medium/861217.jpg,2020-09-21 17:27:05,,0,,True
eae33e9a-d0e4-4fd4-9ffd-55b225e070a4,Woolworths Supermarket,"Dairy, Eggs & Fridge",Siggi's 4% Fat Yoghurt Blueberry 125g,862521,$1.25,$1.00 / 100G,https://www.woolworths.com.au/shop/productdetails/862521/siggi-s-4-fat-yoghurt-blueberry,https://cdn0.woolworths.media/content/wowproductimages/medium/862521.jpg,2020-09-21 17:27:05,,0,,True
9d871e0a-627f-4ec4-9777-86f999bfffad,Woolworths Supermarket,"Dairy, Eggs & Fridge",Dairyworks Extra Sharp Block 180g,879690,$4.00,$22.22 / 1KG,https://www.woolworths.com.au/shop/productdetails/879690/dairyworks-extra-sharp-block,https://cdn0.woolworths.media/content/wowproductimages/medium/879690.jpg,2020-09-21 17:27:05,,0,,True
051a91f7-c681-4627-9d6b-8db0e677710a,Woolworths Supermarket,"Dairy, Eggs & Fridge",Yoplait Yoplus Natural Yoghurt 1kg,003537,$4.00,$0.40 / 100G,https://www.woolworths.com.au/shop/productdetails/3537/yoplait-yoplus-natural-yoghurt,https://cdn0.woolworths.media/content/wowproductimages/medium/003537.jpg,2020-09-21 17:27:05,,0,,True
d326f25a-2e49-4022-b140-ad48b811a894,Woolworths Supermarket,"Dairy, Eggs & Fridge",Yumi's Tuna Mousse Dip 200g,019673,$5.00,$2.50 / 100G,https://www.woolworths.com.au/shop/productdetails/19673/yumi-s-tuna-mousse-dip,https://cdn0.woolworths.media/content/wowproductimages/medium/019673.jpg,2020-09-21 17:27:05,,0,,True
afc41def-d44e-44d7-b4cf-b92e437a5b8b,Woolworths Supermarket,"Dairy, Eggs & Fridge",Yumi's Smoked Trout Mousse Dip 200g,020015,$5.50,$2.75 / 100G,https://www.woolworths.com.au/shop/productdetails/20015/yumi-s-smoked-trout-mousse-dip,https://cdn0.woolworths.media/content/wowproductimages/medium/020015.jpg,2020-09-21 17:27:05,,0,,True
f3df91ac-7211-41ad-a4df-fcab8609b1ea,Woolworths Supermarket,"Dairy, Eggs & Fridge",Woolworths Probiotic Drink 10x63ml,030687,$5.50,$0.87 / 100ML,https://www.woolworths.com.au/shop/productdetails/30687/woolworths-probiotic-drink,https://cdn0.woolworths.media/content/wowproductimages/medium/030687.jpg,2020-09-21 17:27:05,,0,,True
b3c9ffa1-040b-4787-baaf-12963f375790,Woolworths Supermarket,"Dairy, Eggs & Fridge",Chobani Fit X Banana Peanut Punch 140g,060300,$3.50,$2.50 / 100G,https://www.woolworths.com.au/shop/productdetails/60300/chobani-fit-x-banana-peanut-punch,https://cdn0.woolworths.media/content/wowproductimages/medium/060300.jpg,2020-09-21 17:27:05,,0,,True
1b8aa2fc-caf1-4b5a-95ad-94d11b3c66a3,Woolworths Supermarket,"Dairy, Eggs & Fridge",Chobani Fit X Raspberry Coco Blast 140g,060432,$3.50,$2.50 / 100G,https://www.woolworths.com.au/shop/productdetails/60432/chobani-fit-x-raspberry-coco-blast,https://cdn0.woolworths.media/content/wowproductimages/medium/060432.jpg,2020-09-21 17:27:05,,0,,True
c09d6eca-c850-4de2-9fdf-db04e053f0f4,Woolworths Supermarket,"Dairy, Eggs & Fridge",Inside Out Calcium Enriched Almond Milk 1l,062250,$4.46,$4.46 / 1L,https://www.woolworths.com.au/shop/productdetails/62250/inside-out-calcium-enriched-almond-milk,https://cdn0.woolworths.media/content/wowproductimages/medium/062250.jpg,2020-09-21 17:27:05,,0,,True
27f1d0ce-b5d2-476e-bcdb-57d5d943a421,Woolworths Supermarket,"Dairy, Eggs & Fridge",Jalna Double Cream Yoghurt Apple Cinnamon 170g,062662,$1.60,$0.94 / 100G,https://www.woolworths.com.au/shop/productdetails/62662/jalna-double-cream-yoghurt-apple-cinnamon,https://cdn0.woolworths.media/content/wowproductimages/medium/062662.jpg,2020-09-21 17:27:05,,0,,True
25cbfe7b-276d-46e8-a296-8c974b3e29d1,Woolworths Supermarket,"Dairy, Eggs & Fridge",Activia Activia Pouch Banana 140g,062823,$2.00,$1.43 / 100G,https://www.woolworths.com.au/shop/productdetails/62823/activia-activia-pouch-banana,https://cdn0.woolworths.media/content/wowproductimages/medium/062823.jpg,2020-09-21 17:27:05,,0,,True
1e03bc9e-6b0d-48a4-82d4-70a2e4c21e8d,Woolworths Supermarket,"Dairy, Eggs & Fridge",So Delicious Dairy Free Almond Yoghurt Natural 550g,062824,$8.00,$1.45 / 100G,https://www.woolworths.com.au/shop/productdetails/62824/so-delicious-dairy-free-almond-yoghurt-natural,https://cdn0.woolworths.media/content/wowproductimages/medium/062824.jpg,2020-09-21 17:27:05,,0,,True
3f40b9f7-e450-414e-8e6f-e7fe0cd5161b,Woolworths Supermarket,"Dairy, Eggs & Fridge",Wise Bunny Cashew Yoghurt Natural 600g,063802,$4.50,$0.75 / 100G,https://www.woolworths.com.au/shop/productdetails/63802/wise-bunny-cashew-yoghurt-natural,https://cdn0.woolworths.media/content/wowproductimages/medium/063802.jpg,2020-09-21 17:27:05,,0,,True
75e70268-5b24-43b3-9be9-612b3a47dbf0,Woolworths Supermarket,"Dairy, Eggs & Fridge",Perfect Italiano Shaved Parmesan 125g,360904,$3.25,$26.00 / 1KG,https://www.woolworths.com.au/shop/productdetails/360904/perfect-italiano-shaved-parmesan,https://cdn0.woolworths.media/content/wowproductimages/medium/360904.jpg,2020-09-21 17:27:05,,0,,True
ddf72ab2-3a48-49f6-8fe3-b7a5e1601d45,Woolworths Supermarket,"Dairy, Eggs & Fridge",Perfect Italiano Extra Sharp Grated Parmesan 125g,302306,$3.25,$26.00 / 1KG,https://www.woolworths.com.au/shop/productdetails/302306/perfect-italiano-extra-sharp-grated-parmesan,https://cdn0.woolworths.media/content/wowproductimages/medium/302306.jpg,2020-09-21 17:27:05,,0,,True
6e490b7b-d584-4c46-b063-6a7ca3dfbf5d,Woolworths Supermarket,"Dairy, Eggs & Fridge",Woolworths Drought Relief Full Cream Milk 2l,807383,$2.39,$1.20 / 1L,https://www.woolworths.com.au/shop/productdetails/807383/woolworths-drought-relief-full-cream-milk,https://cdn0.woolworths.media/content/wowproductimages/medium/807383.jpg,2020-09-21 17:27:05,Average product rating out of 5: 4.7. Product score is based on 385 ratings,385,,True
c4e68bab-2c4a-4167-88d7-17fa5d8227a6,Woolworths Supermarket,"Dairy, Eggs & Fridge",Woolworths Drought Relief Lite Milk 2l,807385,$2.39,$1.20 / 1L,https://www.woolworths.com.au/shop/productdetails/807385/woolworths-drought-relief-lite-milk,https://cdn0.woolworths.media/content/wowproductimages/medium/807385.jpg,2020-09-21 17:27:05,,0,,True
1671ff25-c6b8-4c12-ae67-165365137979,Woolworths Supermarket,"Dairy, Eggs & Fridge",Woolworths Baby Spinach Salad Bag 60g,379515,$2.00,$33.33 / 1KG,https://www.woolworths.com.au/shop/productdetails/379515/woolworths-baby-spinach-salad-bag,https://cdn0.woolworths.media/content/wowproductimages/medium/379515.jpg,2020-09-21 17:27:05,Average product rating out of 5: 4.7. Product score is based on 725 ratings,725,,True
6084d32f-5b9f-4a5f-a719-7a9a1d56c6da,Woolworths Supermarket,"Dairy, Eggs & Fridge",Woolworths Drought Relief Lite Milk 3l,807386,$3.59,$1.20 / 1L,https://www.woolworths.com.au/shop/productdetails/807386/woolworths-drought-relief-lite-milk,https://cdn0.woolworths.media/content/wowproductimages/medium/807386.jpg,2020-09-21 17:27:05,,0,,True
a6f6604a-2316-43bd-912b-2e299ed2db58,Woolworths Supermarket,"Dairy, Eggs & Fridge",Western Star Original Spreadable 500g,069756,$6.00,$1.20 / 100G,https://www.woolworths.com.au/shop/productdetails/69756/western-star-original-spreadable,https://cdn0.woolworths.media/content/wowproductimages/medium/069756.jpg,2020-09-21 17:27:05,,0,,True
47eecfd8-11ce-46da-84f7-0952663532ad,Woolworths Supermarket,"Dairy, Eggs & Fridge",Hillview Cheese Block 1kg,500187,$8.00,$8.00 / 1KG,https://www.woolworths.com.au/shop/productdetails/500187/hillview-cheese-block,https://cdn0.woolworths.media/content/wowproductimages/medium/500187.jpg,2020-09-21 17:27:05,Average product rating out of 5: 4.5. Product score is based on 66 ratings,66,,True
1d75a333-0982-4b93-b6f0-691c66ec4c43,Woolworths Supermarket,"Dairy, Eggs & Fridge",Woolworths Baby Leaf Spinach 120g,524322,$3.00,$25.00 / 1KG,https://www.woolworths.com.au/shop/productdetails/524322/woolworths-baby-leaf-spinach,https://cdn0.woolworths.media/content/wowproductimages/medium/524322.jpg,2020-09-21 17:27:05,Average product rating out of 5: 4.7. Product score is based on 2842 ratings,2842,,True
f12971c6-0943-4f09-8cac-ef5d871eac88,Woolworths Supermarket,"Dairy, Eggs & Fridge",Woolworths Sour Cream 300ml,105609,$2.10,$0.70 / 100ML,https://www.woolworths.com.au/shop/productdetails/105609/woolworths-sour-cream,https://cdn0.woolworths.media/content/wowproductimages/medium/105609.jpg,2020-09-21 17:27:05,Average product rating out of 5: 4.5. Product score is based on 1353 ratings,1353,,True
173f756b-3285-4d1c-9a92-d0a2aebd2645,Woolworths Supermarket,"Dairy, Eggs & Fridge",Woolworths Thickened Cream 600ml,048720,$3.00,$0.50 / 100ML,https://www.woolworths.com.au/shop/productdetails/48720/woolworths-thickened-cream,https://cdn0.woolworths.media/content/wowproductimages/medium/048720.jpg,2020-09-21 17:27:05,Average product rating out of 5: 4.8. Product score is based on 740 ratings,740,,True
0c970fe6-9d6d-4fcf-b357-0f94cec06ae6,Woolworths Supermarket,"Dairy, Eggs & Fridge",Woolworths Uht Full Cream Milk 1l,748595,$1.25,$1.25 / 1L,https://www.woolworths.com.au/shop/productdetails/748595/woolworths-uht-full-cream-milk,https://cdn0.woolworths.media/content/wowproductimages/medium/748595.jpg,2020-09-21 17:27:05,Average product rating out of 5: 4.9. Product score is based on 36 ratings,36,,True
f8ba9d14-47e6-48e0-ac5a-5370dd5758ca,Woolworths Supermarket,"Dairy, Eggs & Fridge",Hillview Tasty Shredded Cheese 700g,491820,$6.60,$9.43 / 1KG,https://www.woolworths.com.au/shop/productdetails/491820/hillview-tasty-shredded-cheese,https://cdn0.woolworths.media/content/wowproductimages/medium/491820.jpg,2020-09-21 17:27:05,Average product rating out of 5: 4.5. Product score is based on 48 ratings,48,,True
bf7f04cb-0c8b-4331-8e19-ee0234957e2f,Woolworths Supermarket,"Dairy, Eggs & Fridge",Just 4 You 12 Extra Large Caged Eggs 700g,893974,$3.50,$0.50 / 100G,https://www.woolworths.com.au/shop/productdetails/893974/just-4-you-12-extra-large-caged-eggs,https://cdn0.woolworths.media/content/wowproductimages/medium/893974.jpg,2020-09-21 17:27:05,,0,,True
4ec178ad-6a9c-497f-a12c-ce45b94902c0,Woolworths Supermarket,"Dairy, Eggs & Fridge",Woolworths Tasty Shredded Cheese 500g,729026,$6.00,$12.00 / 1KG,https://www.woolworths.com.au/shop/productdetails/729026/woolworths-tasty-shredded-cheese,https://cdn0.woolworths.media/content/wowproductimages/medium/729026.jpg,2020-09-21 17:27:05,Average product rating out of 5: 4.6. Product score is based on 500 ratings,500,,True
b33677fd-e002-4a14-93c4-1b0685c59c46,Woolworths Supermarket,"Dairy, Eggs & Fridge",Woolworths Thickened Cream 300ml,044317,$1.90,$0.63 / 100ML,https://www.woolworths.com.au/shop/productdetails/44317/woolworths-thickened-cream,https://cdn0.woolworths.media/content/wowproductimages/medium/044317.jpg,2020-09-21 17:27:05,Average product rating out of 5: 4.9. Product score is based on 629 ratings,629,,True
25c9332f-7b85-489e-a975-59824d96f0f5,Woolworths Supermarket,"Dairy, Eggs & Fridge",Woolworths Mozzarella Shredded Cheese 500g,728983,$6.00,$12.00 / 1KG,https://www.woolworths.com.au/shop/productdetails/728983/woolworths-mozzarella-shredded-cheese,https://cdn0.woolworths.media/content/wowproductimages/medium/728983.jpg,2020-09-21 17:27:05,Average product rating out of 5: 4.5. Product score is based on 469 ratings,469,,True
86d70b37-5314-4b02-881c-a2a15b70432e,Woolworths Supermarket,"Dairy, Eggs & Fridge",Woolworths Single Leaf Baby Spinach 280g,524336,$5.00,$17.86 / 1KG,https://www.woolworths.com.au/shop/productdetails/524336/woolworths-single-leaf-baby-spinach,https://cdn0.woolworths.media/content/wowproductimages/medium/524336.jpg,2020-09-21 17:27:05,Average product rating out of 5: 4.8. Product score is based on 532 ratings,532,,True
b32ec9af-1287-4cde-beef-a1a1570f8df5,Woolworths Supermarket,"Dairy, Eggs & Fridge",Woolworths Drought Relief Full Cream Milk 3l,807384,$3.59,$1.20 / 1L,https://www.woolworths.com.au/shop/productdetails/807384/woolworths-drought-relief-full-cream-milk,https://cdn0.woolworths.media/content/wowproductimages/medium/807384.jpg,2020-09-21 17:27:05,,0,,True
22382a99-6374-4c12-98cb-a9489f59190e,Woolworths Supermarket,"Dairy, Eggs & Fridge",Almond Breeze Unsweetened Almond Milk 1l,761604,$2.50,$2.50 / 1L,https://www.woolworths.com.au/shop/productdetails/761604/almond-breeze-unsweetened-almond-milk,https://cdn0.woolworths.media/content/wowproductimages/medium/761604.jpg,2020-09-21 17:27:05,,0,Was $3.25 13/03/2017,True
53553033-ede9-436b-97e8-b7130e7ac767,Woolworths Supermarket,"Dairy, Eggs & Fridge",Obela Hommus To Go Jalapeno & Doritos 95g,065866,$3.00,$3.16 / 100G,https://www.woolworths.com.au/shop/productdetails/65866/obela-hommus-to-go-jalapeno-doritos,https://cdn0.woolworths.media/content/wowproductimages/medium/065866.jpg,2020-09-21 17:27:05,,0,5 for $10.00,True
090f59ba-34fa-46eb-a583-d8b507934ca8,Woolworths Supermarket,"Dairy, Eggs & Fridge",Obela Deli Style Feta Balsamic Beetroot & Cashews 200g,066088,$5.00,$2.50 / 100G,https://www.woolworths.com.au/shop/productdetails/66088/obela-deli-style-feta-balsamic-beetroot-cashews,https://cdn0.woolworths.media/content/wowproductimages/medium/066088.jpg,2020-09-21 17:27:05,,0,,True
4c1fbcda-9b8a-4e0e-a285-ae2f23181c5a,Woolworths Supermarket,"Dairy, Eggs & Fridge",Chris' Dips Green Olive 200g,066246,$3.50,$1.75 / 100G,https://www.woolworths.com.au/shop/productdetails/66246/chris-dips-green-olive,https://cdn0.woolworths.media/content/wowproductimages/medium/066246.jpg,2020-09-21 17:27:05,,0,2 for $6.00 $1.50/100G,True
75e323ea-6b61-41d7-9769-dfe20ab3a8e5,Woolworths Supermarket,"Dairy, Eggs & Fridge",Obela Hommus To Go Beetroot & Sunbites 100g,067098,$3.00,$3.00 / 100G,https://www.woolworths.com.au/shop/productdetails/67098/obela-hommus-to-go-beetroot-sunbites,https://cdn0.woolworths.media/content/wowproductimages/medium/067098.jpg,2020-09-21 17:27:05,,0,5 for $10.00,True
7ffa56dd-ec63-4daa-bbca-98a73b9d326a,Woolworths Supermarket,"Dairy, Eggs & Fridge",Chris' Plant Based Spicy Capsicum 200g,068240,$4.00,$2.00 / 100G,https://www.woolworths.com.au/shop/productdetails/68240/chris-plant-based-spicy-capsicum,https://cdn0.woolworths.media/content/wowproductimages/medium/068240.jpg,2020-09-21 17:27:05,,0,,True
1915035c-d107-449d-8686-beca24268f19,Woolworths Supermarket,"Dairy, Eggs & Fridge",Obela Moroccan Sweet Potato & Pistachios 220g,071753,$4.50,$2.05 / 100G,https://www.woolworths.com.au/shop/productdetails/71753/obela-moroccan-sweet-potato-pistachios,https://cdn0.woolworths.media/content/wowproductimages/medium/071753.jpg,2020-09-21 17:27:05,,0,,True
d6d57580-612c-400e-b770-b5002a9b13f5,Woolworths Supermarket,"Dairy, Eggs & Fridge",Good To Go Tasty Cheese With Dried Apricots Walnuts & Almonds 85g,079290,$3.50,$4.12 / 100G,https://www.woolworths.com.au/shop/productdetails/79290/good-to-go-tasty-cheese-with-dried-apricots-walnuts-almonds,https://cdn0.woolworths.media/content/wowproductimages/medium/079290.jpg,2020-09-21 17:27:05,,0,,True
7df086f7-297e-4bde-875b-d542720bb8f0,Woolworths Supermarket,"Dairy, Eggs & Fridge",Woolworths Food To Go Carrots With Celery & Hommus 105g,079656,$3.50,$3.33 / 100G,https://www.woolworths.com.au/shop/productdetails/79656/woolworths-food-to-go-carrots-with-celery-hommus,https://cdn0.woolworths.media/content/wowproductimages/medium/079656.jpg,2020-09-21 17:27:05,,0,,True
1bf0f8f4-91ea-4111-bf19-9c26820a3a8f,Woolworths Supermarket,"Dairy, Eggs & Fridge",Woolworths Food To Go Apple Slices With Tasty Cheese & Crackers 80g,079658,$3.50,$4.38 / 100G,https://www.woolworths.com.au/shop/productdetails/79658/woolworths-food-to-go-apple-slices-with-tasty-cheese-crackers,https://cdn0.woolworths.media/content/wowproductimages/medium/079658.jpg,2020-09-21 17:27:05,,0,,True
9a03e6fd-acb1-4192-9bbd-8f9ccbe38b50,Woolworths Supermarket,"Dairy, Eggs & Fridge",Chris' Spicy Jalapeno Dip & Spread 200g,082074,$3.50,$1.75 / 100G,https://www.woolworths.com.au/shop/productdetails/82074/chris-spicy-jalapeno-dip-spread,https://cdn0.woolworths.media/content/wowproductimages/medium/082074.jpg,2020-09-21 17:27:05,,0,2 for $6.00 $1.50/100G,True
398ff55a-0913-4832-b97e-48a1d27a9caf,Woolworths Supermarket,"Dairy, Eggs & Fridge",Yumi's Roasted Beetroot Hommus Dip 3x65g,082397,$3.50,$1.79 / 100G,https://www.woolworths.com.au/shop/productdetails/82397/yumi-s-roasted-beetroot-hommus-dip,https://cdn0.woolworths.media/content/wowproductimages/medium/082397.jpg,2020-09-21 17:27:05,,0,,True
b4a21e9e-280a-400c-8586-fd44b534b4be,Woolworths Supermarket,"Dairy, Eggs & Fridge",Chris' Plant Based Guacamole Dip 200g,082863,$4.00,$2.00 / 100G,https://www.woolworths.com.au/shop/productdetails/82863/chris-plant-based-guacamole-dip,https://cdn0.woolworths.media/content/wowproductimages/medium/082863.jpg,2020-09-21 17:27:05,,0,,True
c4524458-4c0b-48f4-9852-cb28d2e890e1,Woolworths Supermarket,"Dairy, Eggs & Fridge",Nakula Plant Based Probiotic Blueberry Yoghurt 150g,083471,$2.50,$1.67 / 100G,https://www.woolworths.com.au/shop/productdetails/83471/nakula-plant-based-probiotic-blueberry-yoghurt,https://cdn0.woolworths.media/content/wowproductimages/medium/083471.jpg,2020-09-21 17:27:05,,0,,True
3e77dca8-541b-47d5-926c-43855e62de84,Woolworths Supermarket,"Dairy, Eggs & Fridge",Yumi's Red Capsicum & Roasted Cashews Dip 3x65g,083614,$3.50,$1.79 / 100G,https://www.woolworths.com.au/shop/productdetails/83614/yumi-s-red-capsicum-roasted-cashews-dip,https://cdn0.woolworths.media/content/wowproductimages/medium/083614.jpg,2020-09-21 17:27:05,,0,,True
dce8fbac-40a7-464a-8e88-853b699beedc,Woolworths Supermarket,"Dairy, Eggs & Fridge",Yumi's Avocado With Sea Salt Dip 65g x3 pack,083803,$3.50,$1.79 / 100G,https://www.woolworths.com.au/shop/productdetails/83803/yumi-s-avocado-with-sea-salt-dip,https://cdn0.woolworths.media/content/wowproductimages/medium/083803.jpg,2020-09-21 17:27:05,,0,,True
3bd2c080-b3dd-4b6e-9606-d3f7d1723a09,Woolworths Supermarket,"Dairy, Eggs & Fridge",Danone Yopro Protein 20g Apple Cinnamon Nut Protein Bar 68g,084574,$2.50,$3.68 / 100G,https://www.woolworths.com.au/shop/productdetails/84574/danone-yopro-protein-20g-apple-cinnamon-nut-protein-bar,https://cdn0.woolworths.media/content/wowproductimages/medium/084574.jpg,2020-09-21 17:27:05,,0,,True
49d34c7a-1da6-4a8f-812e-beb0c30041b5,Woolworths Supermarket,"Dairy, Eggs & Fridge",Nestle Pauls Chokito Choc-caramel Custard 170g,085057,$1.50,$0.88 / 100G,https://www.woolworths.com.au/shop/productdetails/85057/nestle-pauls-chokito-choc-caramel-custard,https://cdn0.woolworths.media/content/wowproductimages/medium/085057.jpg,2020-09-21 17:27:05,,0,,True
c0737076-b8e9-438c-8e19-4c883a34fba7,Woolworths Supermarket,"Dairy, Eggs & Fridge",Nakula Plant Based Probiotic Blueberry Yoghurt 500g,085061,$6.00,$1.20 / 100G,https://www.woolworths.com.au/shop/productdetails/85061/nakula-plant-based-probiotic-blueberry-yoghurt,https://cdn0.woolworths.media/content/wowproductimages/medium/085061.jpg,2020-09-21 17:27:05,,0,,True
7e45bbe8-803b-4240-b6e9-f544f124c8bf,Woolworths Supermarket,"Dairy, Eggs & Fridge",Farmers Union Greek Style Vitamin D Yoghurt 500g,085172,$3.50,$0.70 / 100G,https://www.woolworths.com.au/shop/productdetails/85172/farmers-union-greek-style-vitamin-d-yoghurt,https://cdn0.woolworths.media/content/wowproductimages/medium/085172.jpg,2020-09-21 17:27:05,,0,,True
7fe109a0-f0e5-40cf-b8b3-e2f279e39b02,Woolworths Supermarket,"Dairy, Eggs & Fridge",The Real Shredded Mozzarella Cheese 2kg,092147,$20.00,$10.00 / 1KG,https://www.woolworths.com.au/shop/productdetails/92147/the-real-shredded-mozzarella-cheese,https://cdn0.woolworths.media/content/wowproductimages/medium/092147.jpg,2020-09-21 17:27:05,,0,,True
a86fa3de-8425-48b8-8414-5332f0db7aa0,Woolworths Supermarket,"Dairy, Eggs & Fridge",Obela Hommus Roasted Capsicum 220g,109916,$4.50,$2.05 / 100G,https://www.woolworths.com.au/shop/productdetails/109916/obela-hommus-roasted-capsicum,https://cdn0.woolworths.media/content/wowproductimages/medium/109916.jpg,2020-09-21 17:27:05,,0,2 for $7.00,True
5ffc8112-35e4-4a11-a246-ff4af85e8f1f,Woolworths Supermarket,"Dairy, Eggs & Fridge",Red Rock Deli Avocado & Feta Green Goddess 150g,111125,$4.50,$3.00 / 100G,https://www.woolworths.com.au/shop/productdetails/111125/red-rock-deli-avocado-feta-green-goddess,https://cdn0.woolworths.media/content/wowproductimages/medium/111125.jpg,2020-09-21 17:27:05,,0,2 for $7.00,True
fd4219e2-1b17-4992-a258-1f950f7e8705,Woolworths Supermarket,"Dairy, Eggs & Fridge",Obela Hommus Pistachio Lemon Dukkah 220g,111127,$4.50,$2.05 / 100G,https://www.woolworths.com.au/shop/productdetails/111127/obela-hommus-pistachio-lemon-dukkah,https://cdn0.woolworths.media/content/wowproductimages/medium/111127.jpg,2020-09-21 17:27:05,,0,2 for $7.00,True
0f6c2994-754c-4bbe-b522-c0dba98302f2,Woolworths Supermarket,"Dairy, Eggs & Fridge",Chris' Homestyle Avocado Dip 100g x3 pack,112879,$6.00,$2.00 / 100G,https://www.woolworths.com.au/shop/productdetails/112879/chris-homestyle-avocado-dip,https://cdn0.woolworths.media/content/wowproductimages/medium/112879.jpg,2020-09-21 17:27:05,,0,,True
2dcb347b-c104-4c61-91cb-04d13b80d6d9,Woolworths Supermarket,"Dairy, Eggs & Fridge",Perfect Italiano Shaved Parmesan 125g,360904,$3.25,$26.00 / 1KG,https://www.woolworths.com.au/shop/productdetails/360904/perfect-italiano-shaved-parmesan,https://cdn0.woolworths.media/content/wowproductimages/medium/360904.jpg,2020-09-21 17:27:05,,0,,True
b88c683e-ae14-430c-bba5-9c9d76d72684,Woolworths Supermarket,"Dairy, Eggs & Fridge",Western Star Original Spreadable 500g,069756,$6.00,$1.20 / 100G,https://www.woolworths.com.au/shop/productdetails/69756/western-star-original-spreadable,https://cdn0.woolworths.media/content/wowproductimages/medium/069756.jpg,2020-09-21 17:27:05,,0,,True
193f288f-0c65-43f1-a140-c84d87ddfacc,Woolworths Supermarket,"Dairy, Eggs & Fridge",Just 4 You 12 Extra Large Caged Eggs 700g,893974,$3.50,$0.50 / 100G,https://www.woolworths.com.au/shop/productdetails/893974/just-4-you-12-extra-large-caged-eggs,https://cdn0.woolworths.media/content/wowproductimages/medium/893974.jpg,2020-09-21 17:27:05,,0,,True
757acd62-c811-4938-8d57-2faf0e31815d,Woolworths Supermarket,"Dairy, Eggs & Fridge",Woolworths Drought Relief Full Cream Milk 3l,807384,$3.59,$1.20 / 1L,https://www.woolworths.com.au/shop/productdetails/807384/woolworths-drought-relief-full-cream-milk,https://cdn0.woolworths.media/content/wowproductimages/medium/807384.jpg,2020-09-21 17:27:05,,0,,True
61dbdab1-029c-4244-a58f-60ecb80e0db6,Woolworths Supermarket,"Dairy, Eggs & Fridge",Woolworths Uht Full Cream Milk 1l,748595,$1.25,$1.25 / 1L,https://www.woolworths.com.au/shop/productdetails/748595/woolworths-uht-full-cream-milk,https://cdn0.woolworths.media/content/wowproductimages/medium/748595.jpg,2020-09-21 17:27:05,Average product rating out of 5: 4.9. Product score is based on 36 ratings,36,,True
8839f0b2-8687-4c60-bab1-4625cd704fca,Woolworths Supermarket,"Dairy, Eggs & Fridge",Woolworths Thickened Cream 600ml,048720,$3.00,$0.50 / 100ML,https://www.woolworths.com.au/shop/productdetails/48720/woolworths-thickened-cream,https://cdn0.woolworths.media/content/wowproductimages/medium/048720.jpg,2020-09-21 17:27:05,Average product rating out of 5: 4.8. Product score is based on 740 ratings,740,,True
cd0b076e-31c8-401c-8590-48d7e023b4de,Woolworths Supermarket,"Dairy, Eggs & Fridge",Woolworths Single Leaf Baby Spinach 280g,524336,$5.00,$17.86 / 1KG,https://www.woolworths.com.au/shop/productdetails/524336/woolworths-single-leaf-baby-spinach,https://cdn0.woolworths.media/content/wowproductimages/medium/524336.jpg,2020-09-21 17:27:05,Average product rating out of 5: 4.8. Product score is based on 532 ratings,532,,True
e1b0f015-cf2a-4e66-aefb-8ffe18852672,Woolworths Supermarket,"Dairy, Eggs & Fridge",Hillview Cheese Block 1kg,500187,$8.00,$8.00 / 1KG,https://www.woolworths.com.au/shop/productdetails/500187/hillview-cheese-block,https://cdn0.woolworths.media/content/wowproductimages/medium/500187.jpg,2020-09-21 17:27:05,Average product rating out of 5: 4.5. Product score is based on 66 ratings,66,,True
8ca36e9f-aa64-42e7-a3c3-60e880ec024a,Woolworths Supermarket,"Dairy, Eggs & Fridge",Woolworths Tasty Shredded Cheese 500g,729026,$6.00,$12.00 / 1KG,https://www.woolworths.com.au/shop/productdetails/729026/woolworths-tasty-shredded-cheese,https://cdn0.woolworths.media/content/wowproductimages/medium/729026.jpg,2020-09-21 17:27:05,Average product rating out of 5: 4.6. Product score is based on 500 ratings,500,,True
ca0e2113-2d61-4074-8383-fffb14cf77ac,Woolworths Supermarket,"Dairy, Eggs & Fridge",Almond Breeze Unsweetened Almond Milk 1l,761604,$2.50,$2.50 / 1L,https://www.woolworths.com.au/shop/productdetails/761604/almond-breeze-unsweetened-almond-milk,https://cdn0.woolworths.media/content/wowproductimages/medium/761604.jpg,2020-09-21 17:27:05,,0,Was $3.25 13/03/2017,True
f526bf99-6939-4496-8377-14bcd763ecc0,Woolworths Supermarket,"Dairy, Eggs & Fridge",Woolworths Baby Spinach Salad Bag 60g,379515,$2.00,$33.33 / 1KG,https://www.woolworths.com.au/shop/productdetails/379515/woolworths-baby-spinach-salad-bag,https://cdn0.woolworths.media/content/wowproductimages/medium/379515.jpg,2020-09-21 17:27:05,Average product rating out of 5: 4.7. Product score is based on 725 ratings,725,,True
4c01448b-f68a-45b3-ba0e-5c03a183d0f8,Woolworths Supermarket,"Dairy, Eggs & Fridge",Woolworths Sour Cream 300ml,105609,$2.10,$0.70 / 100ML,https://www.woolworths.com.au/shop/productdetails/105609/woolworths-sour-cream,https://cdn0.woolworths.media/content/wowproductimages/medium/105609.jpg,2020-09-21 17:27:05,Average product rating out of 5: 4.5. Product score is based on 1353 ratings,1353,,True
b7658835-619d-4c86-b3ee-cf896bce60d4,Woolworths Supermarket,"Dairy, Eggs & Fridge",Woolworths Baby Leaf Spinach 120g,524322,$3.00,$25.00 / 1KG,https://www.woolworths.com.au/shop/productdetails/524322/woolworths-baby-leaf-spinach,https://cdn0.woolworths.media/content/wowproductimages/medium/524322.jpg,2020-09-21 17:27:05,Average product rating out of 5: 4.7. Product score is based on 2842 ratings,2842,,True
3b84b8b1-6d7c-4b94-bbbf-00df43a873ac,Woolworths Supermarket,"Dairy, Eggs & Fridge",Woolworths Drought Relief Lite Milk 3l,807386,$3.59,$1.20 / 1L,https://www.woolworths.com.au/shop/productdetails/807386/woolworths-drought-relief-lite-milk,https://cdn0.woolworths.media/content/wowproductimages/medium/807386.jpg,2020-09-21 17:27:05,,0,,True
03aca30f-52cc-4467-a3b4-df6d91d9ab20,Woolworths Supermarket,"Dairy, Eggs & Fridge",Woolworths Drought Relief Lite Milk 2l,807385,$2.39,$1.20 / 1L,https://www.woolworths.com.au/shop/productdetails/807385/woolworths-drought-relief-lite-milk,https://cdn0.woolworths.media/content/wowproductimages/medium/807385.jpg,2020-09-21 17:27:05,,0,,True
e835a685-35cc-49e0-a5f5-b3d090a85cd6,Woolworths Supermarket,"Dairy, Eggs & Fridge",Hillview Tasty Shredded Cheese 700g,491820,$6.60,$9.43 / 1KG,https://www.woolworths.com.au/shop/productdetails/491820/hillview-tasty-shredded-cheese,https://cdn0.woolworths.media/content/wowproductimages/medium/491820.jpg,2020-09-21 17:27:05,Average product rating out of 5: 4.5. Product score is based on 48 ratings,48,,True
1ba75953-9001-4167-8a24-9a0c04472b95,Woolworths Supermarket,"Dairy, Eggs & Fridge",Woolworths Thickened Cream 300ml,044317,$1.90,$0.63 / 100ML,https://www.woolworths.com.au/shop/productdetails/44317/woolworths-thickened-cream,https://cdn0.woolworths.media/content/wowproductimages/medium/044317.jpg,2020-09-21 17:27:05,Average product rating out of 5: 4.9. Product score is based on 629 ratings,629,,True
4e53b776-9cb9-40d3-8944-7ee48b0280a7,Woolworths Supermarket,"Dairy, Eggs & Fridge",Woolworths Mozzarella Shredded Cheese 500g,728983,$6.00,$12.00 / 1KG,https://www.woolworths.com.au/shop/productdetails/728983/woolworths-mozzarella-shredded-cheese,https://cdn0.woolworths.media/content/wowproductimages/medium/728983.jpg,2020-09-21 17:27:05,Average product rating out of 5: 4.5. Product score is based on 469 ratings,469,,True
ef3df1ad-5094-4bbe-af14-bf633cb029d6,Woolworths Supermarket,"Dairy, Eggs & Fridge",Woolworths Drought Relief Full Cream Milk 2l,807383,$2.39,$1.20 / 1L,https://www.woolworths.com.au/shop/productdetails/807383/woolworths-drought-relief-full-cream-milk,https://cdn0.woolworths.media/content/wowproductimages/medium/807383.jpg,2020-09-21 17:27:05,Average product rating out of 5: 4.7. Product score is based on 385 ratings,385,,True
324cfeb4-f9d3-4faf-960e-5d021350ba81,Woolworths Supermarket,"Dairy, Eggs & Fridge",Perfect Italiano Extra Sharp Grated Parmesan 125g,302306,$3.25,$26.00 / 1KG,https://www.woolworths.com.au/shop/productdetails/302306/perfect-italiano-extra-sharp-grated-parmesan,https://cdn0.woolworths.media/content/wowproductimages/medium/302306.jpg,2020-09-21 17:27:05,,0,,True
07c40700-be59-492d-8c8d-eed21e1dc807,Woolworths Supermarket,"Dairy, Eggs & Fridge",Yumi's Sundried Tomato With Olive & Eggplant 200g,113620,$4.00,$2.00 / 100G,https://www.woolworths.com.au/shop/productdetails/113620/yumi-s-sundried-tomato-with-olive-eggplant,https://cdn0.woolworths.media/content/wowproductimages/medium/113620.jpg,2020-09-21 17:27:05,,0,,True
f3f53e5a-7183-4e97-8ea2-c418eee769f0,Woolworths Supermarket,"Dairy, Eggs & Fridge",Picante Jalapeno & Sour Cream With Fresh Coriander 170g,113961,$4.50,$2.65 / 100G,https://www.woolworths.com.au/shop/productdetails/113961/picante-jalapeno-sour-cream-with-fresh-coriander,https://cdn0.woolworths.media/content/wowproductimages/medium/113961.jpg,2020-09-21 17:27:05,,0,,True
852fbc5c-2b85-49a7-bfcf-7d86078a1ca1,Woolworths Supermarket,"Dairy, Eggs & Fridge",Picante Chargrilled Sweet Corn Black Bean With Jalapeno & Lime 170g,114549,$4.50,$2.65 / 100G,https://www.woolworths.com.au/shop/productdetails/114549/picante-chargrilled-sweet-corn-black-bean-with-jalapeno-lime,https://cdn0.woolworths.media/content/wowproductimages/medium/114549.jpg,2020-09-21 17:27:05,,0,,True
4c664f2f-9cb4-4c77-bf6a-391615060637,Woolworths Supermarket,"Dairy, Eggs & Fridge",Yumi's Creamed Spinach Dip 200g,139812,$4.00,$2.00 / 100G,https://www.woolworths.com.au/shop/productdetails/139812/yumi-s-creamed-spinach-dip,https://cdn0.woolworths.media/content/wowproductimages/medium/139812.jpg,2020-09-21 17:27:05,,0,,True
7dc5154b-c23f-44f0-b3e4-500e30ed2680,Woolworths Supermarket,"Dairy, Eggs & Fridge",Vitasoy Calci Plus Soy Milk 1l,153587,$3.20,$3.20 / 1L,https://www.woolworths.com.au/shop/productdetails/153587/vitasoy-calci-plus-soy-milk,https://cdn0.woolworths.media/content/wowproductimages/medium/153587.jpg,2020-09-21 17:27:05,,0,,True
294bedc2-0987-4a42-922b-f65eb49e6fb8,Woolworths Supermarket,"Dairy, Eggs & Fridge",Woolworths Greek Salad 270g pack,159626,$5.50,$20.37 / 1KG,https://www.woolworths.com.au/shop/productdetails/159626/woolworths-greek-salad,https://cdn0.woolworths.media/content/wowproductimages/medium/159626.jpg,2020-09-21 17:27:05,Average product rating out of 5: 3.7. Product score is based on 298 ratings,298,,True
ecf038d7-3c05-4da5-be0b-fa0bba71de99,Woolworths Supermarket,"Dairy, Eggs & Fridge",Yumi's Kalamata Olive Dip 200g,326264,$4.00,$2.00 / 100G,https://www.woolworths.com.au/shop/productdetails/326264/yumi-s-kalamata-olive-dip,https://cdn0.woolworths.media/content/wowproductimages/medium/326264.jpg,2020-09-21 17:27:05,,0,,True
8b826609-5c78-499c-9ca0-9983a45f3759,Woolworths Supermarket,"Dairy, Eggs & Fridge",The Complete Dairy Full Cream Milk 1l,407509,$2.50,$2.50 / 1L,https://www.woolworths.com.au/shop/productdetails/407509/the-complete-dairy-full-cream-milk,https://cdn0.woolworths.media/content/wowproductimages/medium/407509.jpg,2020-09-21 17:27:05,,0,Was $3.00 29/01/2018,True
0a428a3d-a3dc-41ad-bd39-dcb658e03efc,Woolworths Supermarket,"Dairy, Eggs & Fridge",The Complete Dairy Light Milk High Protein 1l,407550,$2.50,$2.50 / 1L,https://www.woolworths.com.au/shop/productdetails/407550/the-complete-dairy-light-milk-high-protein,https://cdn0.woolworths.media/content/wowproductimages/medium/407550.jpg,2020-09-21 17:27:05,,0,Was $3.00 29/01/2018,True
84466035-c08a-4bde-9fd3-5914c5d4d8b8,Woolworths Supermarket,"Dairy, Eggs & Fridge",Nutty Bruce Organic Almond Milk 1l,408031,$5.50,$5.50 / 1L,https://www.woolworths.com.au/shop/productdetails/408031/nutty-bruce-organic-almond-milk,https://cdn0.woolworths.media/content/wowproductimages/medium/408031.jpg,2020-09-21 17:27:05,,0,2 for $8.00 $4.00/1L,True
120940ce-6571-4330-a52f-357e01695376,Woolworths Supermarket,"Dairy, Eggs & Fridge",Nutty Bruce Organic Milk Almond & Coconut 1l,408033,$5.50,$5.50 / 1L,https://www.woolworths.com.au/shop/productdetails/408033/nutty-bruce-organic-milk-almond-coconut,https://cdn0.woolworths.media/content/wowproductimages/medium/408033.jpg,2020-09-21 17:27:05,,0,2 for $8.00 $4.00/1L,True
b695a558-41ab-4748-88ad-162363d3b5fd,Woolworths Supermarket,"Dairy, Eggs & Fridge",Woolworths Beef In Black Bean Sauce With Rice 350g,516793,$7.50,$2.14 / 100G,https://www.woolworths.com.au/shop/productdetails/516793/woolworths-beef-in-black-bean-sauce-with-rice,https://cdn0.woolworths.media/content/wowproductimages/medium/516793.jpg,2020-09-21 17:27:05,Average product rating out of 5: 2.6. Product score is based on 416 ratings,416,2 for $12.00 $1.71/100G,True
125d79ab-3f36-4a46-8189-bc16f8dfdb2e,Woolworths Supermarket,"Dairy, Eggs & Fridge",Yumi's Chipotle Hommus Dip 200g,531850,$4.00,$2.00 / 100G,https://www.woolworths.com.au/shop/productdetails/531850/yumi-s-chipotle-hommus-dip,https://cdn0.woolworths.media/content/wowproductimages/medium/531850.jpg,2020-09-21 17:27:05,,0,,True
381b42ca-279e-48cb-9c9a-cabe39bf974f,Woolworths Supermarket,"Dairy, Eggs & Fridge",Macro Certified Organic Vanilla Bean Yoghurt 1kg,571419,$5.20,$0.52 / 100G,https://www.woolworths.com.au/shop/productdetails/571419/macro-certified-organic-vanilla-bean-yoghurt,https://cdn0.woolworths.media/content/wowproductimages/medium/571419.jpg,2020-09-21 17:27:05,Average product rating out of 5: 4.3. Product score is based on 126 ratings,126,Was $6.00 01/10/2018,True
59c4cb0f-8467-41d5-8172-da5a545c9d83,Woolworths Supermarket,"Dairy, Eggs & Fridge",Woolworths Family Classics Macaroni & Cheese 1.1kg,574601,$10.00,$0.91 / 100G,https://www.woolworths.com.au/shop/productdetails/574601/woolworths-family-classics-macaroni-cheese,https://cdn0.woolworths.media/content/wowproductimages/medium/574601.jpg,2020-09-21 17:27:05,Average product rating out of 5: 3.0. Product score is based on 4 ratings,4,Was $12.00 01/05/2018,True
042872db-6506-44ff-8bac-6331ec0ec7e9,Woolworths Supermarket,"Dairy, Eggs & Fridge",The Culture Co. Probiotic Kefir Blueberry 1kg,617254,$6.80,$0.68 / 100G,https://www.woolworths.com.au/shop/productdetails/617254/the-culture-co-probiotic-kefir-blueberry,https://cdn0.woolworths.media/content/wowproductimages/medium/617254.jpg,2020-09-21 17:27:05,,0,,True
4c38c866-c5b3-4cc4-96b4-2a0df5b11978,Woolworths Supermarket,"Dairy, Eggs & Fridge",Obela Classic Tzatziki To Go Dip 125g,621149,$3.00,$2.40 / 100G,https://www.woolworths.com.au/shop/productdetails/621149/obela-classic-tzatziki-to-go-dip,https://cdn0.woolworths.media/content/wowproductimages/medium/621149.jpg,2020-09-21 17:27:05,,0,5 for $10.00,True
251ec06f-6b68-44bf-80c3-c5f6b80cf4bb,Woolworths Supermarket,"Dairy, Eggs & Fridge",Obela Hommus 1kg,664036,$8.00,$0.80 / 100G,https://www.woolworths.com.au/shop/productdetails/664036/obela-hommus,https://cdn0.woolworths.media/content/wowproductimages/medium/664036.jpg,2020-09-21 17:27:05,,0,,True
0dc4fb25-900a-4981-96b2-6533ca7962ae,Woolworths Supermarket,"Dairy, Eggs & Fridge",Cracker Barrel Infused Maple 130g,682810,$5.15,$39.62 / 1KG,https://www.woolworths.com.au/shop/productdetails/682810/cracker-barrel-infused-maple,https://cdn0.woolworths.media/content/wowproductimages/medium/682810.jpg,2020-09-21 17:27:05,,0,,True
abf74d0a-110c-4fed-822d-716bb29b828f,Woolworths Supermarket,"Dairy, Eggs & Fridge",Cracker Barrel Infused Cracked Pepper 130g,682911,$5.15,$39.62 / 1KG,https://www.woolworths.com.au/shop/productdetails/682911/cracker-barrel-infused-cracked-pepper,https://cdn0.woolworths.media/content/wowproductimages/medium/682911.jpg,2020-09-21 17:27:05,,0,,True
c55b8802-06da-44e4-9e4e-053195d14f2a,Woolworths Supermarket,"Dairy, Eggs & Fridge",Cracker Barrel Infused Smoked 130g,682921,$5.15,$39.62 / 1KG,https://www.woolworths.com.au/shop/productdetails/682921/cracker-barrel-infused-smoked,https://cdn0.woolworths.media/content/wowproductimages/medium/682921.jpg,2020-09-21 17:27:05,,0,,True
7b09376e-f1a9-452f-9afd-064efbbd0154,Woolworths Supermarket,"Dairy, Eggs & Fridge",Five:am Organic Strawberry Yoghurt 700g,688489,$6.00,$0.86 / 100G,https://www.woolworths.com.au/shop/productdetails/688489/five-am-organic-strawberry-yoghurt,https://cdn0.woolworths.media/content/wowproductimages/medium/688489.jpg,2020-09-21 17:27:05,,0,Was $6.85 06/12/16,True
7239f70d-ee7f-4fbe-8209-d2e151fed1ae,Woolworths Supermarket,"Dairy, Eggs & Fridge",The Collective Super Kefir 13 Blueberry 700g,690726,$5.00,$0.71 / 100G,https://www.woolworths.com.au/shop/productdetails/690726/the-collective-super-kefir-13-blueberry,https://cdn0.woolworths.media/content/wowproductimages/medium/690726.jpg,2020-09-21 17:27:05,,0,Was $6.00 15/03/2020,True
61d12d77-8549-4ba0-8143-cfebd46f9739,Woolworths Supermarket,"Dairy, Eggs & Fridge",Woolworths Free From Lactose Light Milk 1l,696482,$2.15,$2.15 / 1L,https://www.woolworths.com.au/shop/productdetails/696482/woolworths-free-from-lactose-light-milk,https://cdn0.woolworths.media/content/wowproductimages/medium/696482.jpg,2020-09-21 17:27:05,,0,,True
4a492dbe-6f72-476e-b517-faae7f267b8c,Woolworths Supermarket,"Dairy, Eggs & Fridge",Coon Cheese Slices Tasty 750g,187899,$10.00,$13.33 / 1KG,https://www.woolworths.com.au/shop/productdetails/187899/coon-cheese-slices-tasty,https://cdn0.woolworths.media/content/wowproductimages/medium/187899.jpg,2020-09-21 17:27:05,,0,Was $12.00 07/07/2020,True
e57c3ba9-e458-4888-a212-29fe57356059,Woolworths Supermarket,"Dairy, Eggs & Fridge",A2 Light Milk 2l,208066,$5.30,$2.65 / 1L,https://www.woolworths.com.au/shop/productdetails/208066/a2-light-milk,https://cdn0.woolworths.media/content/wowproductimages/medium/208066.jpg,2020-09-21 17:27:05,,0,,True
e28397fc-aa6c-4c93-8f16-72e5a66a3465,Woolworths Supermarket,"Dairy, Eggs & Fridge",Woolworths Tasty Shredded Cheese 500g,729026,$6.00,$12.00 / 1KG,https://www.woolworths.com.au/shop/productdetails/729026/woolworths-tasty-shredded-cheese,https://cdn0.woolworths.media/content/wowproductimages/medium/729026.jpg,2020-09-21 17:27:05,Average product rating out of 5: 4.6. Product score is based on 500 ratings,500,,True
f261b5e2-a532-4a95-b4c9-4f064918f7e0,Woolworths Supermarket,"Dairy, Eggs & Fridge",Woolworths Baby Leaf Spinach 120g,524322,$3.00,$25.00 / 1KG,https://www.woolworths.com.au/shop/productdetails/524322/woolworths-baby-leaf-spinach,https://cdn0.woolworths.media/content/wowproductimages/medium/524322.jpg,2020-09-21 17:27:05,Average product rating out of 5: 4.7. Product score is based on 2842 ratings,2842,,True
6b0e0fb9-b92c-454f-9e03-981b9d1d06ae,Woolworths Supermarket,"Dairy, Eggs & Fridge",Woolworths Drought Relief Full Cream Milk 3l,807384,$3.59,$1.20 / 1L,https://www.woolworths.com.au/shop/productdetails/807384/woolworths-drought-relief-full-cream-milk,https://cdn0.woolworths.media/content/wowproductimages/medium/807384.jpg,2020-09-21 17:27:05,,0,,True
40e0d7fe-b57a-43d0-baf3-d18c450672c6,Woolworths Supermarket,"Dairy, Eggs & Fridge",Woolworths Single Leaf Baby Spinach 280g,524336,$5.00,$17.86 / 1KG,https://www.woolworths.com.au/shop/productdetails/524336/woolworths-single-leaf-baby-spinach,https://cdn0.woolworths.media/content/wowproductimages/medium/524336.jpg,2020-09-21 17:27:05,Average product rating out of 5: 4.8. Product score is based on 532 ratings,532,,True
f5ff8982-b7cc-4842-aaec-ce9fe3a49a6d,Woolworths Supermarket,"Dairy, Eggs & Fridge",Almond Breeze Unsweetened Almond Milk 1l,761604,$2.50,$2.50 / 1L,https://www.woolworths.com.au/shop/productdetails/761604/almond-breeze-unsweetened-almond-milk,https://cdn0.woolworths.media/content/wowproductimages/medium/761604.jpg,2020-09-21 17:27:05,,0,Was $3.25 13/03/2017,True
306148a4-e47d-49ba-82a6-e9cfc5dc67aa,Woolworths Supermarket,"Dairy, Eggs & Fridge",Woolworths Uht Full Cream Milk 1l,748595,$1.25,$1.25 / 1L,https://www.woolworths.com.au/shop/productdetails/748595/woolworths-uht-full-cream-milk,https://cdn0.woolworths.media/content/wowproductimages/medium/748595.jpg,2020-09-21 17:27:05,Average product rating out of 5: 4.9. Product score is based on 36 ratings,36,,True
6df77ac0-5343-4795-a196-a0bae21ddd64,Woolworths Supermarket,"Dairy, Eggs & Fridge",Woolworths Drought Relief Lite Milk 2l,807385,$2.39,$1.20 / 1L,https://www.woolworths.com.au/shop/productdetails/807385/woolworths-drought-relief-lite-milk,https://cdn0.woolworths.media/content/wowproductimages/medium/807385.jpg,2020-09-21 17:27:05,,0,,True
46fd009d-d317-4d74-afe3-c56d5d5482e6,Woolworths Supermarket,"Dairy, Eggs & Fridge",Woolworths Drought Relief Lite Milk 3l,807386,$3.59,$1.20 / 1L,https://www.woolworths.com.au/shop/productdetails/807386/woolworths-drought-relief-lite-milk,https://cdn0.woolworths.media/content/wowproductimages/medium/807386.jpg,2020-09-21 17:27:05,,0,,True
54e058d2-a64f-411c-978d-003f3420a26a,Woolworths Supermarket,"Dairy, Eggs & Fridge",Woolworths Drought Relief Full Cream Milk 2l,807383,$2.39,$1.20 / 1L,https://www.woolworths.com.au/shop/productdetails/807383/woolworths-drought-relief-full-cream-milk,https://cdn0.woolworths.media/content/wowproductimages/medium/807383.jpg,2020-09-21 17:27:05,Average product rating out of 5: 4.7. Product score is based on 385 ratings,385,,True
3fc52fa0-0e7b-4621-a6cc-c6c330e41e8f,Woolworths Supermarket,"Dairy, Eggs & Fridge",Woolworths Thickened Cream 600ml,048720,$3.00,$0.50 / 100ML,https://www.woolworths.com.au/shop/productdetails/48720/woolworths-thickened-cream,https://cdn0.woolworths.media/content/wowproductimages/medium/048720.jpg,2020-09-21 17:27:05,Average product rating out of 5: 4.8. Product score is based on 740 ratings,740,,True
c42dd34b-2c8d-4c3f-b4b5-1d70491fb897,Woolworths Supermarket,"Dairy, Eggs & Fridge",Woolworths Mozzarella Shredded Cheese 500g,728983,$6.00,$12.00 / 1KG,https://www.woolworths.com.au/shop/productdetails/728983/woolworths-mozzarella-shredded-cheese,https://cdn0.woolworths.media/content/wowproductimages/medium/728983.jpg,2020-09-21 17:27:05,Average product rating out of 5: 4.5. Product score is based on 469 ratings,469,,True
273b12fe-c79d-4afa-8e17-ade5fb1c86b3,Woolworths Supermarket,"Dairy, Eggs & Fridge",Western Star Original Spreadable 500g,069756,$6.00,$1.20 / 100G,https://www.woolworths.com.au/shop/productdetails/69756/western-star-original-spreadable,https://cdn0.woolworths.media/content/wowproductimages/medium/069756.jpg,2020-09-21 17:27:05,,0,,True
bc9d65f5-1358-4edb-b592-77be37659600,Woolworths Supermarket,"Dairy, Eggs & Fridge",Hillview Cheese Block 1kg,500187,$8.00,$8.00 / 1KG,https://www.woolworths.com.au/shop/productdetails/500187/hillview-cheese-block,https://cdn0.woolworths.media/content/wowproductimages/medium/500187.jpg,2020-09-21 17:27:05,Average product rating out of 5: 4.5. Product score is based on 66 ratings,66,,True
2ed5aef7-86b1-41ee-b6bc-1b600560dac0,Woolworths Supermarket,"Dairy, Eggs & Fridge",Just 4 You 12 Extra Large Caged Eggs 700g,893974,$3.50,$0.50 / 100G,https://www.woolworths.com.au/shop/productdetails/893974/just-4-you-12-extra-large-caged-eggs,https://cdn0.woolworths.media/content/wowproductimages/medium/893974.jpg,2020-09-21 17:27:05,,0,,True
5cf9d449-fa54-46a6-a4e3-a133bec50dff,Woolworths Supermarket,"Dairy, Eggs & Fridge",Hillview Tasty Shredded Cheese 700g,491820,$6.60,$9.43 / 1KG,https://www.woolworths.com.au/shop/productdetails/491820/hillview-tasty-shredded-cheese,https://cdn0.woolworths.media/content/wowproductimages/medium/491820.jpg,2020-09-21 17:27:05,Average product rating out of 5: 4.5. Product score is based on 48 ratings,48,,True
83a04e94-d519-4e2f-ad07-0aa6eaa7d597,Woolworths Supermarket,"Dairy, Eggs & Fridge",A2 Full Cream Milk 2l,208064,$5.30,$2.65 / 1L,https://www.woolworths.com.au/shop/productdetails/208064/a2-full-cream-milk,https://cdn0.woolworths.media/content/wowproductimages/medium/208064.jpg,2020-09-21 17:27:05,,0,,True
acab2ec2-2519-400a-aead-07ee05c28824,Woolworths Supermarket,"Dairy, Eggs & Fridge",Woolworths Baby Spinach Salad Bag 60g,379515,$2.00,$33.33 / 1KG,https://www.woolworths.com.au/shop/productdetails/379515/woolworths-baby-spinach-salad-bag,https://cdn0.woolworths.media/content/wowproductimages/medium/379515.jpg,2020-09-21 17:27:05,Average product rating out of 5: 4.7. Product score is based on 725 ratings,725,,True
d6eb898f-6844-4796-99ac-47d8a7d9a89d,Woolworths Supermarket,"Dairy, Eggs & Fridge",Flora Proactiv Margarine Buttery 750g,763453,$10.00,$1.33 / 100G,https://www.woolworths.com.au/shop/productdetails/763453/flora-proactiv-margarine-buttery,https://cdn0.woolworths.media/content/wowproductimages/medium/763453.jpg,2020-09-21 17:27:05,,0,,True
bcb681d3-539b-4cf3-a0e7-37c1c24f4030,Woolworths Supermarket,"Dairy, Eggs & Fridge",Pace Farm 30 Caged Eggs 1.5kg,701985,$10.00,$0.67 / 100G,https://www.woolworths.com.au/shop/productdetails/701985/pace-farm-30-caged-eggs,https://cdn0.woolworths.media/content/wowproductimages/medium/701985.jpg,2020-09-21 17:27:05,,0,,True
c88ff07b-e99c-4f7c-b40d-0d9797076e1f,Woolworths Supermarket,"Dairy, Eggs & Fridge",Red Rock Deli Dip Chilli & Lemongrass 150g,703662,$4.50,$3.00 / 100G,https://www.woolworths.com.au/shop/productdetails/703662/red-rock-deli-dip-chilli-lemongrass,https://cdn0.woolworths.media/content/wowproductimages/medium/703662.jpg,2020-09-21 17:27:05,,0,2 for $7.00,True
e4422111-34a5-4069-a079-6324259b7e52,Woolworths Supermarket,"Dairy, Eggs & Fridge",Five:am Organic Natural Yoghurt No Added Sugar 700g,741256,$6.00,$0.86 / 100G,https://www.woolworths.com.au/shop/productdetails/741256/five-am-organic-natural-yoghurt-no-added-sugar,https://cdn0.woolworths.media/content/wowproductimages/medium/741256.jpg,2020-09-21 17:27:05,,0,Was $6.85 06/12/16,True
a3ea3d90-89ad-4bdd-a3ec-99aab85dd893,Woolworths Supermarket,"Dairy, Eggs & Fridge",Brancourts Cottage Cheese Protein 250g,757107,$5.00,$20.00 / 1KG,https://www.woolworths.com.au/shop/productdetails/757107/brancourts-cottage-cheese-protein,https://cdn0.woolworths.media/content/wowproductimages/medium/757107.jpg,2020-09-21 17:27:05,,0,,True
17729a31-0a1b-4ea1-9d6e-9419292363ee,Woolworths Supermarket,"Dairy, Eggs & Fridge",Obela Hommus Savoury Garlic 220g,765177,$4.00,$1.82 / 100G,https://www.woolworths.com.au/shop/productdetails/765177/obela-hommus-savoury-garlic,https://cdn0.woolworths.media/content/wowproductimages/medium/765177.jpg,2020-09-21 17:27:05,,0,,True
4a675fdd-8492-4588-a5ae-bd057eaef121,Woolworths Supermarket,"Dairy, Eggs & Fridge",Banquet Lasagne 2kg,770443,$14.00,$0.70 / 100G,https://www.woolworths.com.au/shop/productdetails/770443/banquet-lasagne,https://cdn0.woolworths.media/content/wowproductimages/medium/770443.jpg,2020-09-21 17:27:05,Average product rating out of 5: 4.0. Product score is based on 94 ratings,94,,True
6cbeae10-0a0a-4c34-a12a-90ada6a0af50,Woolworths Supermarket,"Dairy, Eggs & Fridge",Sss Foods Hommus Coriander Cummin & Mild Chilli 225g,773802,$3.00,$1.33 / 100G,https://www.woolworths.com.au/shop/productdetails/773802/sss-foods-hommus-coriander-cummin-mild-chilli,https://cdn0.woolworths.media/content/wowproductimages/medium/773802.jpg,2020-09-21 17:27:05,,0,,True
e71fb702-bae4-4bad-a346-b059292fef99,Woolworths Supermarket,"Dairy, Eggs & Fridge",Obela Hommus Garnished With Basil Pesto 220g,787638,$4.50,$2.05 / 100G,https://www.woolworths.com.au/shop/productdetails/787638/obela-hommus-garnished-with-basil-pesto,https://cdn0.woolworths.media/content/wowproductimages/medium/787638.jpg,2020-09-21 17:27:05,,0,2 for $7.00,True
1ddcaba0-9b2c-44d3-963a-986c0d5d40f9,Woolworths Supermarket,"Dairy, Eggs & Fridge",Inside Out Almond Milk Unsweetened 1l,797060,$4.00,$4.00 / 1L,https://www.woolworths.com.au/shop/productdetails/797060/inside-out-almond-milk-unsweetened,https://cdn0.woolworths.media/content/wowproductimages/medium/797060.jpg,2020-09-21 17:27:05,,0,,True
5cb5642e-d131-4e2e-ac76-0e2892d1595d,Woolworths Supermarket,"Dairy, Eggs & Fridge",A2 Full Cream Milk 3l,797407,$7.95,$2.65 / 1L,https://www.woolworths.com.au/shop/productdetails/797407/a2-full-cream-milk,https://cdn0.woolworths.media/content/wowproductimages/medium/797407.jpg,2020-09-21 17:27:05,,0,,True
fc59c240-d748-4e75-b246-9d36529dd235,Woolworths Supermarket,"Dairy, Eggs & Fridge",Woolworths Spinach & Ricotta Tortellini With Napolitana Sauce 350g,827224,$7.50,$2.14 / 100G,https://www.woolworths.com.au/shop/productdetails/827224/woolworths-spinach-ricotta-tortellini-with-napolitana-sauce,https://cdn0.woolworths.media/content/wowproductimages/medium/827224.jpg,2020-09-21 17:27:05,Average product rating out of 5: 3.7. Product score is based on 284 ratings,284,2 for $12.00 $1.71/100G,True
a461dbc3-3d86-4c66-9aae-215109171588,Woolworths Supermarket,"Dairy, Eggs & Fridge",Oat-ly Oat Milk Original 1l,846994,$4.50,$4.50 / 1L,https://www.woolworths.com.au/shop/productdetails/846994/oat-ly-oat-milk-original,https://cdn0.woolworths.media/content/wowproductimages/medium/846994.jpg,2020-09-21 17:27:05,,0,3 for $12.00 $4.00/1L,True
8d16b3da-1f4f-4086-9961-659cc505f9ef,Woolworths Supermarket,"Dairy, Eggs & Fridge",Oat-ly Oat Milk Chocolate 1l,847038,$4.50,$4.50 / 1L,https://www.woolworths.com.au/shop/productdetails/847038/oat-ly-oat-milk-chocolate,https://cdn0.woolworths.media/content/wowproductimages/medium/847038.jpg,2020-09-21 17:27:05,,0,3 for $12.00 $4.00/1L,True
1b473664-058a-4276-9a9f-5e5d657212a5,Woolworths Supermarket,"Dairy, Eggs & Fridge",Danone Yopro Banana Drink Yoghurt 350ml,861218,$4.60,$1.31 / 100ML,https://www.woolworths.com.au/shop/productdetails/861218/danone-yopro-banana-drink-yoghurt,https://cdn0.woolworths.media/content/wowproductimages/medium/861218.jpg,2020-09-21 17:27:05,,0,,True
be294e16-865e-467a-89e0-5bea4c4f1696,Woolworths Supermarket,"Dairy, Eggs & Fridge",Obela Tzatziki Dip Classic 220g,923883,$4.50,$2.05 / 100G,https://www.woolworths.com.au/shop/productdetails/923883/obela-tzatziki-dip-classic,https://cdn0.woolworths.media/content/wowproductimages/medium/923883.jpg,2020-09-21 17:27:05,,0,,True
06499a2d-7b3d-48f3-80a0-ff0e2b5e17af,Woolworths Supermarket,"Dairy, Eggs & Fridge",Obela Sweet Beetroot Garnished Hommus 220g,923888,$4.50,$2.05 / 100G,https://www.woolworths.com.au/shop/productdetails/923888/obela-sweet-beetroot-garnished-hommus,https://cdn0.woolworths.media/content/wowproductimages/medium/923888.jpg,2020-09-21 17:27:05,,0,2 for $7.00,True
f48ea8ae-a633-4283-836d-0368391c5759,Woolworths Supermarket,"Dairy, Eggs & Fridge",Obela Caramelised Onion Garnished Hommus 220g,923890,$4.50,$2.05 / 100G,https://www.woolworths.com.au/shop/productdetails/923890/obela-caramelised-onion-garnished-hommus,https://cdn0.woolworths.media/content/wowproductimages/medium/923890.jpg,2020-09-21 17:27:05,,0,2 for $7.00,True
6cb0f16d-3473-4c58-aaec-b13444eb64cd,Woolworths Supermarket,"Dairy, Eggs & Fridge",Obela Spicy Harissa Garnished Hommus 220g,923892,$4.50,$2.05 / 100G,https://www.woolworths.com.au/shop/productdetails/923892/obela-spicy-harissa-garnished-hommus,https://cdn0.woolworths.media/content/wowproductimages/medium/923892.jpg,2020-09-21 17:27:05,,0,2 for $7.00,True
9910efb8-5557-48de-95be-7686c69e8717,Woolworths Supermarket,"Dairy, Eggs & Fridge",Red Rock Deli Roast Tomato Feta Basil & Cashew Dip 150g,923912,$4.50,$3.00 / 100G,https://www.woolworths.com.au/shop/productdetails/923912/red-rock-deli-roast-tomato-feta-basil-cashew-dip,https://cdn0.woolworths.media/content/wowproductimages/medium/923912.jpg,2020-09-21 17:27:05,,0,2 for $7.00,True
eae94b11-4883-450a-afa9-b5099ba484b5,Woolworths Supermarket,"Dairy, Eggs & Fridge",The Cheese Board Persian Fetta per kg,007344,$30.00,$30.00 / 1KG,https://www.woolworths.com.au/shop/productdetails/7344/the-cheese-board-persian-fetta,https://cdn0.woolworths.media/content/wowproductimages/medium/007344.jpg,2020-09-21 17:27:05,,0,,True
514f5975-b9b9-4d4b-8e1e-8fa88b76ef59,Woolworths Supermarket,"Dairy, Eggs & Fridge",Dairyworks Jalapeno Block 210g,017274,$4.00,$19.05 / 1KG,https://www.woolworths.com.au/shop/productdetails/17274/dairyworks-jalapeno-block,https://cdn0.woolworths.media/content/wowproductimages/medium/017274.jpg,2020-09-21 17:27:05,,0,,True
9d4ff704-6ba2-49f9-b00e-9c91364a3025,Woolworths Supermarket,"Dairy, Eggs & Fridge",Greek Family Farm Organic Greek Feta 200g,023218,$6.50,$32.50 / 1KG,https://www.woolworths.com.au/shop/productdetails/23218/greek-family-farm-organic-greek-feta,https://cdn0.woolworths.media/content/wowproductimages/medium/023218.jpg,2020-09-21 17:27:05,,0,,True
fd03128b-0019-4e94-8e93-e2b1f5cc287e,Woolworths Supermarket,"Dairy, Eggs & Fridge",Maggie Beer Aged Vintage Cheddar 250g,023974,$8.50,$34.00 / 1KG,https://www.woolworths.com.au/shop/productdetails/23974/maggie-beer-aged-vintage-cheddar,https://cdn0.woolworths.media/content/wowproductimages/medium/023974.jpg,2020-09-21 17:27:05,,0,,True
52ce7cc9-a554-4b7c-bbe8-ae74bf8197ef,Woolworths Supermarket,"Dairy, Eggs & Fridge",Unicorn Camembert Lactose Free 125g,027946,$5.00,$40.00 / 1KG,https://www.woolworths.com.au/shop/productdetails/27946/unicorn-camembert-lactose-free,https://cdn0.woolworths.media/content/wowproductimages/medium/027946.jpg,2020-09-21 17:27:05,,0,,True
8ba750ae-9e88-4af5-a7c3-ce0e61d1170e,Woolworths Supermarket,"Dairy, Eggs & Fridge",Perfect Italiano Shaved Parmesan 125g,360904,$3.25,$26.00 / 1KG,https://www.woolworths.com.au/shop/productdetails/360904/perfect-italiano-shaved-parmesan,https://cdn0.woolworths.media/content/wowproductimages/medium/360904.jpg,2020-09-21 17:27:05,,0,,True
5b6e1412-83f4-4e96-8c13-5807bf377763,Woolworths Supermarket,"Dairy, Eggs & Fridge",Woolworths Drought Relief Full Cream Milk 3l,807384,$3.59,$1.20 / 1L,https://www.woolworths.com.au/shop/productdetails/807384/woolworths-drought-relief-full-cream-milk,https://cdn0.woolworths.media/content/wowproductimages/medium/807384.jpg,2020-09-21 17:27:05,,0,,True
5faf551b-4032-422f-a27e-0102b126cf7f,Woolworths Supermarket,"Dairy, Eggs & Fridge",Almond Breeze Unsweetened Almond Milk 1l,761604,$2.50,$2.50 / 1L,https://www.woolworths.com.au/shop/productdetails/761604/almond-breeze-unsweetened-almond-milk,https://cdn0.woolworths.media/content/wowproductimages/medium/761604.jpg,2020-09-21 17:27:05,,0,Was $3.25 13/03/2017,True
c6f260d1-4c67-4990-ab5f-ecbc6af56d36,Woolworths Supermarket,"Dairy, Eggs & Fridge",Woolworths Thickened Cream 600ml,048720,$3.00,$0.50 / 100ML,https://www.woolworths.com.au/shop/productdetails/48720/woolworths-thickened-cream,https://cdn0.woolworths.media/content/wowproductimages/medium/048720.jpg,2020-09-21 17:27:05,Average product rating out of 5: 4.8. Product score is based on 740 ratings,740,,True
03cd1a53-29c1-4447-a778-5130c87bce89,Woolworths Supermarket,"Dairy, Eggs & Fridge",Woolworths Drought Relief Lite Milk 2l,807385,$2.39,$1.20 / 1L,https://www.woolworths.com.au/shop/productdetails/807385/woolworths-drought-relief-lite-milk,https://cdn0.woolworths.media/content/wowproductimages/medium/807385.jpg,2020-09-21 17:27:05,,0,,True
fac179bf-e5a9-4b81-966a-3db2737dc596,Woolworths Supermarket,"Dairy, Eggs & Fridge",Woolworths Mozzarella Shredded Cheese 500g,728983,$6.00,$12.00 / 1KG,https://www.woolworths.com.au/shop/productdetails/728983/woolworths-mozzarella-shredded-cheese,https://cdn0.woolworths.media/content/wowproductimages/medium/728983.jpg,2020-09-21 17:27:05,Average product rating out of 5: 4.5. Product score is based on 469 ratings,469,,True
77b10f14-916d-4a38-b8d7-f119d02883b4,Woolworths Supermarket,"Dairy, Eggs & Fridge",Woolworths Single Leaf Baby Spinach 280g,524336,$5.00,$17.86 / 1KG,https://www.woolworths.com.au/shop/productdetails/524336/woolworths-single-leaf-baby-spinach,https://cdn0.woolworths.media/content/wowproductimages/medium/524336.jpg,2020-09-21 17:27:05,Average product rating out of 5: 4.8. Product score is based on 532 ratings,532,,True
601a4699-426a-44ca-89c7-3d437373c653,Woolworths Supermarket,"Dairy, Eggs & Fridge",Woolworths Sour Cream 300ml,105609,$2.10,$0.70 / 100ML,https://www.woolworths.com.au/shop/productdetails/105609/woolworths-sour-cream,https://cdn0.woolworths.media/content/wowproductimages/medium/105609.jpg,2020-09-21 17:27:05,Average product rating out of 5: 4.5. Product score is based on 1353 ratings,1353,,True
a01ba1c0-0a89-418b-b8f7-0108b5a07ddd,Woolworths Supermarket,"Dairy, Eggs & Fridge",Hillview Cheese Block 1kg,500187,$8.00,$8.00 / 1KG,https://www.woolworths.com.au/shop/productdetails/500187/hillview-cheese-block,https://cdn0.woolworths.media/content/wowproductimages/medium/500187.jpg,2020-09-21 17:27:05,Average product rating out of 5: 4.5. Product score is based on 66 ratings,66,,True
4351a64f-64d7-4d26-ab26-bb8d4df4fe41,Woolworths Supermarket,"Dairy, Eggs & Fridge",Just 4 You 12 Extra Large Caged Eggs 700g,893974,$3.50,$0.50 / 100G,https://www.woolworths.com.au/shop/productdetails/893974/just-4-you-12-extra-large-caged-eggs,https://cdn0.woolworths.media/content/wowproductimages/medium/893974.jpg,2020-09-21 17:27:05,,0,,True
8d28da9a-fb37-4f8c-b055-f8602f927c29,Woolworths Supermarket,"Dairy, Eggs & Fridge",Hillview Tasty Shredded Cheese 700g,491820,$6.60,$9.43 / 1KG,https://www.woolworths.com.au/shop/productdetails/491820/hillview-tasty-shredded-cheese,https://cdn0.woolworths.media/content/wowproductimages/medium/491820.jpg,2020-09-21 17:27:05,Average product rating out of 5: 4.5. Product score is based on 48 ratings,48,,True
400003fe-8a35-4226-847e-cad1bf3efbdc,Woolworths Supermarket,"Dairy, Eggs & Fridge",Woolworths Tasty Shredded Cheese 500g,729026,$6.00,$12.00 / 1KG,https://www.woolworths.com.au/shop/productdetails/729026/woolworths-tasty-shredded-cheese,https://cdn0.woolworths.media/content/wowproductimages/medium/729026.jpg,2020-09-21 17:27:05,Average product rating out of 5: 4.6. Product score is based on 500 ratings,500,,True
7f777423-cabb-4317-9e18-727f28209c16,Woolworths Supermarket,"Dairy, Eggs & Fridge",Western Star Original Spreadable 500g,069756,$6.00,$1.20 / 100G,https://www.woolworths.com.au/shop/productdetails/69756/western-star-original-spreadable,https://cdn0.woolworths.media/content/wowproductimages/medium/069756.jpg,2020-09-21 17:27:05,,0,,True
30099007-801e-45d9-a51a-b98df190bb11,Woolworths Supermarket,"Dairy, Eggs & Fridge",Woolworths Drought Relief Lite Milk 3l,807386,$3.59,$1.20 / 1L,https://www.woolworths.com.au/shop/productdetails/807386/woolworths-drought-relief-lite-milk,https://cdn0.woolworths.media/content/wowproductimages/medium/807386.jpg,2020-09-21 17:27:05,,0,,True
0b71cf04-4c3f-45e5-93a9-0906c5abcf4d,Woolworths Supermarket,"Dairy, Eggs & Fridge",Woolworths Baby Leaf Spinach 120g,524322,$3.00,$25.00 / 1KG,https://www.woolworths.com.au/shop/productdetails/524322/woolworths-baby-leaf-spinach,https://cdn0.woolworths.media/content/wowproductimages/medium/524322.jpg,2020-09-21 17:27:05,Average product rating out of 5: 4.7. Product score is based on 2842 ratings,2842,,True
b742bf06-5a7c-4ca3-a7e7-3df175461667,Woolworths Supermarket,"Dairy, Eggs & Fridge",Woolworths Baby Spinach Salad Bag 60g,379515,$2.00,$33.33 / 1KG,https://www.woolworths.com.au/shop/productdetails/379515/woolworths-baby-spinach-salad-bag,https://cdn0.woolworths.media/content/wowproductimages/medium/379515.jpg,2020-09-21 17:27:05,Average product rating out of 5: 4.7. Product score is based on 725 ratings,725,,True
1665289b-a4a5-49b9-baf6-5aacd0f9396a,Woolworths Supermarket,"Dairy, Eggs & Fridge",Woolworths Thickened Cream 300ml,044317,$1.90,$0.63 / 100ML,https://www.woolworths.com.au/shop/productdetails/44317/woolworths-thickened-cream,https://cdn0.woolworths.media/content/wowproductimages/medium/044317.jpg,2020-09-21 17:27:05,Average product rating out of 5: 4.9. Product score is based on 629 ratings,629,,True
46cdd819-03d4-4dfa-ad4d-bcbc4ca61e94,Woolworths Supermarket,"Dairy, Eggs & Fridge",Woolworths Uht Full Cream Milk 1l,748595,$1.25,$1.25 / 1L,https://www.woolworths.com.au/shop/productdetails/748595/woolworths-uht-full-cream-milk,https://cdn0.woolworths.media/content/wowproductimages/medium/748595.jpg,2020-09-21 17:27:05,Average product rating out of 5: 4.9. Product score is based on 36 ratings,36,,True
277264b4-a75a-4f47-b0c7-162fbcc99a40,Woolworths Supermarket,"Dairy, Eggs & Fridge",Woolworths Drought Relief Full Cream Milk 2l,807383,$2.39,$1.20 / 1L,https://www.woolworths.com.au/shop/productdetails/807383/woolworths-drought-relief-full-cream-milk,https://cdn0.woolworths.media/content/wowproductimages/medium/807383.jpg,2020-09-21 17:27:05,Average product rating out of 5: 4.7. Product score is based on 385 ratings,385,,True
6e6003ba-6b22-4e78-932d-c6d25b999d45,Woolworths Supermarket,"Dairy, Eggs & Fridge",Perfect Italiano Extra Sharp Grated Parmesan 125g,302306,$3.25,$26.00 / 1KG,https://www.woolworths.com.au/shop/productdetails/302306/perfect-italiano-extra-sharp-grated-parmesan,https://cdn0.woolworths.media/content/wowproductimages/medium/302306.jpg,2020-09-21 17:27:05,,0,,True
05d452f7-bfba-425f-9f1f-c5ba78692baa,Woolworths Supermarket,"Dairy, Eggs & Fridge",Chan's Yum Cha Vegan Fried Gyoza 300g,028189,$6.30,$2.10 / 100G,https://www.woolworths.com.au/shop/productdetails/28189/chan-s-yum-cha-vegan-fried-gyoza,https://cdn0.woolworths.media/content/wowproductimages/medium/028189.jpg,2020-09-21 17:27:05,,0,,True
65333dc4-6747-42ff-b997-9e3b09a1e848,Woolworths Supermarket,"Dairy, Eggs & Fridge",Rana Basil & Pine Nuts Tortellini Fresh Pasta 325g,028325,$7.00,$2.15 / 100G,https://www.woolworths.com.au/shop/productdetails/28325/rana-basil-pine-nuts-tortellini-fresh-pasta,https://cdn0.woolworths.media/content/wowproductimages/medium/028325.jpg,2020-09-21 17:27:05,,0,,True
a5d347c6-461a-4e9b-bc51-990d7171e36e,Woolworths Supermarket,"Dairy, Eggs & Fridge",Suntory Boss Iced Coffee Latte 237ml,065575,$3.50,$14.77 / 1L,https://www.woolworths.com.au/shop/productdetails/65575/suntory-boss-iced-coffee-latte,https://cdn0.woolworths.media/content/wowproductimages/medium/065575.jpg,2020-09-21 17:27:05,,0,3 for $9.00 $12.66/1L,True
92f03388-b58c-4478-8773-e642c2d5b03c,Woolworths Supermarket,"Dairy, Eggs & Fridge",Suntory Boss Iced Coffee Long Black 237ml,066122,$3.50,$14.77 / 1L,https://www.woolworths.com.au/shop/productdetails/66122/suntory-boss-iced-coffee-long-black,https://cdn0.woolworths.media/content/wowproductimages/medium/066122.jpg,2020-09-21 17:27:05,,0,3 for $9.00 $12.66/1L,True
e0a1e539-f33f-46e0-929f-f30fce23e3f2,Woolworths Supermarket,"Dairy, Eggs & Fridge",Lateria Soresina Gran Parmigiano Reggiano 250g,066804,$7.00,$28.00 / 1KG,https://www.woolworths.com.au/shop/productdetails/66804/lateria-soresina-gran-parmigiano-reggiano,https://cdn0.woolworths.media/content/wowproductimages/medium/066804.jpg,2020-09-21 17:27:05,,0,,True
55bd12e0-d726-496b-a539-7ff51704d645,Woolworths Supermarket,"Dairy, Eggs & Fridge",Lateria Soresina Gran Soresina Grana Padano 250g,066985,$6.20,$24.80 / 1KG,https://www.woolworths.com.au/shop/productdetails/66985/lateria-soresina-gran-soresina-grana-padano,https://cdn0.woolworths.media/content/wowproductimages/medium/066985.jpg,2020-09-21 17:27:05,,0,,True
14146195-915a-4b3d-b510-f4ea28b66022,Woolworths Supermarket,"Dairy, Eggs & Fridge",Woolworths Hearty Vegetable Lasagne 700g,078197,$10.00,$1.43 / 100G,https://www.woolworths.com.au/shop/productdetails/78197/woolworths-hearty-vegetable-lasagne,https://cdn0.woolworths.media/content/wowproductimages/medium/078197.jpg,2020-09-21 17:27:05,Average product rating out of 5: 3.9. Product score is based on 178 ratings,178,,True
5ce4811e-30c3-4dd9-9e3a-3dd3b0522896,Woolworths Supermarket,"Dairy, Eggs & Fridge",Good To Go Apple Slices With Tasty Cheese & Milk Choc Pretzels 80g,079653,$3.50,$4.38 / 100G,https://www.woolworths.com.au/shop/productdetails/79653/good-to-go-apple-slices-with-tasty-cheese-milk-choc-pretzels,https://cdn0.woolworths.media/content/wowproductimages/medium/079653.jpg,2020-09-21 17:27:05,,0,,True
06b3c966-27dd-4dbc-81a1-5bdc92f49758,Woolworths Supermarket,"Dairy, Eggs & Fridge",Good To Go Cabanossi Bites With Tasty Cheese & Lavosh Crackers 60g,079655,$3.50,$5.83 / 100G,https://www.woolworths.com.au/shop/productdetails/79655/good-to-go-cabanossi-bites-with-tasty-cheese-lavosh-crackers,https://cdn0.woolworths.media/content/wowproductimages/medium/079655.jpg,2020-09-21 17:27:05,,0,,True
a13eb8de-c706-4b48-bf7f-e6f985ce8410,Woolworths Supermarket,"Dairy, Eggs & Fridge",Yallamundi Farm 10 Large Free Range Eggs 500g,081501,$7.50,$1.50 / 100G,https://www.woolworths.com.au/shop/productdetails/81501/yallamundi-farm-10-large-free-range-eggs,https://cdn0.woolworths.media/content/wowproductimages/medium/081501.jpg,2020-09-21 17:27:05,,0,,True
0b02995d-8a12-4189-a204-6af32cc7744e,Woolworths Supermarket,"Dairy, Eggs & Fridge",Happy Hens Egg Farm 12 Extra Large Free Range Organic Eggs 700g,083430,$11.00,$1.57 / 100G,https://www.woolworths.com.au/shop/productdetails/83430/happy-hens-egg-farm-12-extra-large-free-range-organic-eggs,https://cdn0.woolworths.media/content/wowproductimages/medium/083430.jpg,2020-09-21 17:27:05,,0,,True
51f77c2b-7e6f-4f5e-b03a-b519fda52966,Woolworths Supermarket,"Dairy, Eggs & Fridge",I Pastai Vegan Ravioli 300g,083617,$7.50,$2.50 / 100G,https://www.woolworths.com.au/shop/productdetails/83617/i-pastai-vegan-ravioli,https://cdn0.woolworths.media/content/wowproductimages/medium/083617.jpg,2020-09-21 17:27:05,,0,,True
dac12570-5e7f-44fe-939d-4d45ec4ffbf9,Woolworths Supermarket,"Dairy, Eggs & Fridge",Plantein Plant Based Schnitzel 300g,090130,$7.50,$25.00 / 1KG,https://www.woolworths.com.au/shop/productdetails/90130/plantein-plant-based-schnitzel,https://cdn0.woolworths.media/content/wowproductimages/medium/090130.jpg,2020-09-21 17:27:05,,0,,True
d28ab8d7-07b9-4263-9b1e-3b05f9d0658a,Woolworths Supermarket,"Dairy, Eggs & Fridge",Made With Plants Dairy Free Cream Cheese Garlic & Chive Spread 250g,090136,$5.00,$20.00 / 1KG,https://www.woolworths.com.au/shop/productdetails/90136/made-with-plants-dairy-free-cream-cheese-garlic-chive-spread,https://cdn0.woolworths.media/content/wowproductimages/medium/090136.jpg,2020-09-21 17:27:05,,0,,True
a90d710b-405f-4ec0-aaf9-17866b52ee67,Woolworths Supermarket,"Dairy, Eggs & Fridge",Made With Plants Dairy Free Cream Cheese Sweet Chilli Spread 250g,090844,$5.00,$20.00 / 1KG,https://www.woolworths.com.au/shop/productdetails/90844/made-with-plants-dairy-free-cream-cheese-sweet-chilli-spread,https://cdn0.woolworths.media/content/wowproductimages/medium/090844.jpg,2020-09-21 17:27:05,,0,,True
38b0b4bc-a8ea-4bdb-8427-c7346d9a06e2,Woolworths Supermarket,"Dairy, Eggs & Fridge",Fable Plant Based Braised Beef 250g,090856,$8.50,$34.00 / 1KG,https://www.woolworths.com.au/shop/productdetails/90856/fable-plant-based-braised-beef,https://cdn0.woolworths.media/content/wowproductimages/medium/090856.jpg,2020-09-21 17:27:05,,0,,True
5758fcaf-b164-48fe-9f43-bee2b98727a9,Woolworths Supermarket,"Dairy, Eggs & Fridge",Vega Spanish Truffle Cheese 150g,094434,$8.00,$53.33 / 1KG,https://www.woolworths.com.au/shop/productdetails/94434/vega-spanish-truffle-cheese,https://cdn0.woolworths.media/content/wowproductimages/medium/094434.jpg,2020-09-21 17:27:05,,0,,True
37c320a3-ba92-4404-b535-aa711e0c7cea,Woolworths Supermarket,"Dairy, Eggs & Fridge",Maggie Beer Truffle Triple Cream Brie 200g,095422,$9.50,$47.50 / 1KG,https://www.woolworths.com.au/shop/productdetails/95422/maggie-beer-truffle-triple-cream-brie,https://cdn0.woolworths.media/content/wowproductimages/medium/095422.jpg,2020-09-21 17:27:05,,0,,True
a0ef2acd-2f32-431c-a2af-726986505857,Woolworths Supermarket,"Dairy, Eggs & Fridge",Mainland Tasty Cheddar Cheese 250g,096662,$5.50,$22.00 / 1KG,https://www.woolworths.com.au/shop/productdetails/96662/mainland-tasty-cheddar-cheese,https://cdn0.woolworths.media/content/wowproductimages/medium/096662.jpg,2020-09-21 17:27:05,,0,,True
17e5373c-f26a-47a0-8cfe-8635f4c9c346,Woolworths Supermarket,"Dairy, Eggs & Fridge",Zanetti Parmigiano Reggiano 200g,097938,$12.00,$60.00 / 1KG,https://www.woolworths.com.au/shop/productdetails/97938/zanetti-parmigiano-reggiano,https://cdn0.woolworths.media/content/wowproductimages/medium/097938.jpg,2020-09-21 17:27:05,,0,,True
7f8541cd-5088-4870-87d1-cdea3dc40fc1,Woolworths Supermarket,"Dairy, Eggs & Fridge",Sunrise Eggs 12 Free Range Eggs 700g,101943,$5.00,$7.14 / 1KG,https://www.woolworths.com.au/shop/productdetails/101943/sunrise-eggs-12-free-range-eggs,https://cdn0.woolworths.media/content/wowproductimages/medium/101943.jpg,2020-09-21 17:27:05,,0,,True
8e283132-d5a7-4c2f-bacf-251d29560c03,Woolworths Supermarket,"Dairy, Eggs & Fridge",Sunrise Eggs 12 Free Range Eggs 600g,102212,$4.50,$7.50 / 1KG,https://www.woolworths.com.au/shop/productdetails/102212/sunrise-eggs-12-free-range-eggs,https://cdn0.woolworths.media/content/wowproductimages/medium/102212.jpg,2020-09-21 17:27:05,,0,,True
03150a64-c0d7-46f6-812d-6d944e5643d5,Woolworths Supermarket,"Dairy, Eggs & Fridge",Plantein Plant Based Nuggets 300g,116800,$7.50,$25.00 / 1KG,https://www.woolworths.com.au/shop/productdetails/116800/plantein-plant-based-nuggets,https://cdn0.woolworths.media/content/wowproductimages/medium/116800.jpg,2020-09-21 17:27:05,,0,,True
6ca8c867-33a3-4a66-a8dd-d7bfbe00fce3,Woolworths Supermarket,"Dairy, Eggs & Fridge",Bega Light Tasty 50% Less Fat Cheese 500g,182060,$8.00,$16.00 / 1KG,https://www.woolworths.com.au/shop/productdetails/182060/bega-light-tasty-50-less-fat-cheese,https://cdn0.woolworths.media/content/wowproductimages/medium/182060.jpg,2020-09-21 17:27:05,,0,Was $8.60 04/11/2019,True
5e824f31-d632-48a8-bb22-2338c2c22de1,Woolworths Supermarket,"Dairy, Eggs & Fridge",Coon Cheese Slices Tasty 750g,187899,$10.00,$13.33 / 1KG,https://www.woolworths.com.au/shop/productdetails/187899/coon-cheese-slices-tasty,https://cdn0.woolworths.media/content/wowproductimages/medium/187899.jpg,2020-09-21 17:27:05,,0,Was $12.00 07/07/2020,True
5a49f54b-8459-410c-b614-d7850ed9f6b9,Woolworths Supermarket,"Dairy, Eggs & Fridge",Woolworths Drought Relief Full Cream Milk 2l,807383,$2.39,$1.20 / 1L,https://www.woolworths.com.au/shop/productdetails/807383/woolworths-drought-relief-full-cream-milk,https://cdn0.woolworths.media/content/wowproductimages/medium/807383.jpg,2020-09-21 17:27:05,Average product rating out of 5: 4.7. Product score is based on 385 ratings,385,,True
324f96b3-fb15-48eb-89a7-19afdb2068f8,Woolworths Supermarket,"Dairy, Eggs & Fridge",Almond Breeze Unsweetened Almond Milk 1l,761604,$2.50,$2.50 / 1L,https://www.woolworths.com.au/shop/productdetails/761604/almond-breeze-unsweetened-almond-milk,https://cdn0.woolworths.media/content/wowproductimages/medium/761604.jpg,2020-09-21 17:27:05,,0,Was $3.25 13/03/2017,True
2fad575f-cbe1-4ea4-b609-f64939bd2669,Woolworths Supermarket,"Dairy, Eggs & Fridge",Woolworths Baby Leaf Spinach 120g,524322,$3.00,$25.00 / 1KG,https://www.woolworths.com.au/shop/productdetails/524322/woolworths-baby-leaf-spinach,https://cdn0.woolworths.media/content/wowproductimages/medium/524322.jpg,2020-09-21 17:27:05,Average product rating out of 5: 4.7. Product score is based on 2842 ratings,2842,,True
e6ed8692-ed5b-44d7-bc6a-bb55e0755ebe,Woolworths Supermarket,"Dairy, Eggs & Fridge",Just 4 You 12 Extra Large Caged Eggs 700g,893974,$3.50,$0.50 / 100G,https://www.woolworths.com.au/shop/productdetails/893974/just-4-you-12-extra-large-caged-eggs,https://cdn0.woolworths.media/content/wowproductimages/medium/893974.jpg,2020-09-21 17:27:05,,0,,True
63567ed1-7e25-44f0-9127-848aec604e7d,Woolworths Supermarket,"Dairy, Eggs & Fridge",Woolworths Drought Relief Full Cream Milk 3l,807384,$3.59,$1.20 / 1L,https://www.woolworths.com.au/shop/productdetails/807384/woolworths-drought-relief-full-cream-milk,https://cdn0.woolworths.media/content/wowproductimages/medium/807384.jpg,2020-09-21 17:27:05,,0,,True
d33ea487-afee-426e-aabb-945d79b54b15,Woolworths Supermarket,"Dairy, Eggs & Fridge",Woolworths Thickened Cream 600ml,048720,$3.00,$0.50 / 100ML,https://www.woolworths.com.au/shop/productdetails/48720/woolworths-thickened-cream,https://cdn0.woolworths.media/content/wowproductimages/medium/048720.jpg,2020-09-21 17:27:05,Average product rating out of 5: 4.8. Product score is based on 740 ratings,740,,True
b65fb6a7-46f7-4d34-9029-fce574d0dfe9,Woolworths Supermarket,"Dairy, Eggs & Fridge",Woolworths Mozzarella Shredded Cheese 500g,728983,$6.00,$12.00 / 1KG,https://www.woolworths.com.au/shop/productdetails/728983/woolworths-mozzarella-shredded-cheese,https://cdn0.woolworths.media/content/wowproductimages/medium/728983.jpg,2020-09-21 17:27:05,Average product rating out of 5: 4.5. Product score is based on 469 ratings,469,,True
a01c29a0-4bcf-4060-8a21-308db186f81f,Woolworths Supermarket,"Dairy, Eggs & Fridge",A2 Light Milk 2l,208066,$5.30,$2.65 / 1L,https://www.woolworths.com.au/shop/productdetails/208066/a2-light-milk,https://cdn0.woolworths.media/content/wowproductimages/medium/208066.jpg,2020-09-21 17:27:05,,0,,True
8508e044-f6b1-4e19-b32d-011ca5f6d977,Woolworths Supermarket,"Dairy, Eggs & Fridge",Woolworths Drought Relief Lite Milk 3l,807386,$3.59,$1.20 / 1L,https://www.woolworths.com.au/shop/productdetails/807386/woolworths-drought-relief-lite-milk,https://cdn0.woolworths.media/content/wowproductimages/medium/807386.jpg,2020-09-21 17:27:05,,0,,True
15f5bff2-1591-4cea-8ce0-4378b28d6551,Woolworths Supermarket,"Dairy, Eggs & Fridge",Woolworths Uht Full Cream Milk 1l,748595,$1.25,$1.25 / 1L,https://www.woolworths.com.au/shop/productdetails/748595/woolworths-uht-full-cream-milk,https://cdn0.woolworths.media/content/wowproductimages/medium/748595.jpg,2020-09-21 17:27:05,Average product rating out of 5: 4.9. Product score is based on 36 ratings,36,,True
dc56b1e8-a24b-461e-ad5b-a213b9e0e42f,Woolworths Supermarket,"Dairy, Eggs & Fridge",Woolworths Single Leaf Baby Spinach 280g,524336,$5.00,$17.86 / 1KG,https://www.woolworths.com.au/shop/productdetails/524336/woolworths-single-leaf-baby-spinach,https://cdn0.woolworths.media/content/wowproductimages/medium/524336.jpg,2020-09-21 17:27:05,Average product rating out of 5: 4.8. Product score is based on 532 ratings,532,,True
1bd93ffa-38d2-4ce6-a396-12f47024c419,Woolworths Supermarket,"Dairy, Eggs & Fridge",Hillview Cheese Block 1kg,500187,$8.00,$8.00 / 1KG,https://www.woolworths.com.au/shop/productdetails/500187/hillview-cheese-block,https://cdn0.woolworths.media/content/wowproductimages/medium/500187.jpg,2020-09-21 17:27:05,Average product rating out of 5: 4.5. Product score is based on 66 ratings,66,,True
5c505401-735d-4842-a329-447efbfbbf85,Woolworths Supermarket,"Dairy, Eggs & Fridge",Hillview Tasty Shredded Cheese 700g,491820,$6.60,$9.43 / 1KG,https://www.woolworths.com.au/shop/productdetails/491820/hillview-tasty-shredded-cheese,https://cdn0.woolworths.media/content/wowproductimages/medium/491820.jpg,2020-09-21 17:27:05,Average product rating out of 5: 4.5. Product score is based on 48 ratings,48,,True
8fb4a71c-da72-41a2-9d07-49aab7e10282,Woolworths Supermarket,"Dairy, Eggs & Fridge",Western Star Original Spreadable 500g,069756,$6.00,$1.20 / 100G,https://www.woolworths.com.au/shop/productdetails/69756/western-star-original-spreadable,https://cdn0.woolworths.media/content/wowproductimages/medium/069756.jpg,2020-09-21 17:27:05,,0,,True
f07c5c90-5138-417e-b6dc-86679d57f888,Woolworths Supermarket,"Dairy, Eggs & Fridge",Woolworths Drought Relief Lite Milk 2l,807385,$2.39,$1.20 / 1L,https://www.woolworths.com.au/shop/productdetails/807385/woolworths-drought-relief-lite-milk,https://cdn0.woolworths.media/content/wowproductimages/medium/807385.jpg,2020-09-21 17:27:05,,0,,True
468b202a-7afe-4831-b243-1cce135dbe2e,Woolworths Supermarket,"Dairy, Eggs & Fridge",A2 Full Cream Milk 2l,208064,$5.30,$2.65 / 1L,https://www.woolworths.com.au/shop/productdetails/208064/a2-full-cream-milk,https://cdn0.woolworths.media/content/wowproductimages/medium/208064.jpg,2020-09-21 17:27:05,,0,,True
c5fa3a08-7f6b-409d-a051-3f42198861a8,Woolworths Supermarket,"Dairy, Eggs & Fridge",Woolworths Tasty Shredded Cheese 500g,729026,$6.00,$12.00 / 1KG,https://www.woolworths.com.au/shop/productdetails/729026/woolworths-tasty-shredded-cheese,https://cdn0.woolworths.media/content/wowproductimages/medium/729026.jpg,2020-09-21 17:27:05,Average product rating out of 5: 4.6. Product score is based on 500 ratings,500,,True
02fe601b-e105-44ba-b46a-7175a105ee2a,Woolworths Supermarket,"Dairy, Eggs & Fridge",Flora Proactiv Margarine Buttery 750g,763453,$10.00,$1.33 / 100G,https://www.woolworths.com.au/shop/productdetails/763453/flora-proactiv-margarine-buttery,https://cdn0.woolworths.media/content/wowproductimages/medium/763453.jpg,2020-09-21 17:27:05,,0,,True
357c3087-fad1-4233-be44-991ffcfe777f,Woolworths Supermarket,"Dairy, Eggs & Fridge",Woolworths Baby Spinach Salad Bag 60g,379515,$2.00,$33.33 / 1KG,https://www.woolworths.com.au/shop/productdetails/379515/woolworths-baby-spinach-salad-bag,https://cdn0.woolworths.media/content/wowproductimages/medium/379515.jpg,2020-09-21 17:27:05,Average product rating out of 5: 4.7. Product score is based on 725 ratings,725,,True
62d74f01-5b9f-4479-acfb-beddd9a30cb4,Woolworths Supermarket,"Dairy, Eggs & Fridge",King Island Lighthouse Blue Brie Cheese 200g,217927,$12.60,$63.00 / 1KG,https://www.woolworths.com.au/shop/productdetails/217927/king-island-lighthouse-blue-brie-cheese,https://cdn0.woolworths.media/content/wowproductimages/medium/217927.jpg,2020-09-21 17:27:05,,0,,True
7fc2c036-7a37-46f9-ba18-8a04d77c3e8f,Woolworths Supermarket,"Dairy, Eggs & Fridge",Tasmanian Heritage Double Brie Cheese 140g,218704,$6.00,$42.86 / 1KG,https://www.woolworths.com.au/shop/productdetails/218704/tasmanian-heritage-double-brie-cheese,https://cdn0.woolworths.media/content/wowproductimages/medium/218704.jpg,2020-09-21 17:27:05,,0,,True
33e5a331-5ef8-4ff4-b31d-0e241c9b9d31,Woolworths Supermarket,"Dairy, Eggs & Fridge",Tasmanian Heritage Camembert Cheese 140g,218705,$6.00,$42.86 / 1KG,https://www.woolworths.com.au/shop/productdetails/218705/tasmanian-heritage-camembert-cheese,https://cdn0.woolworths.media/content/wowproductimages/medium/218705.jpg,2020-09-21 17:27:05,,0,,True
fcc5a581-0182-4ccf-a6e5-182f3c8b92ca,Woolworths Supermarket,"Dairy, Eggs & Fridge",Lurpak Unsalted Danish Butter 250g,223868,$4.50,$1.80 / 100G,https://www.woolworths.com.au/shop/productdetails/223868/lurpak-unsalted-danish-butter,https://cdn0.woolworths.media/content/wowproductimages/medium/223868.jpg,2020-09-21 17:27:05,,0,,True
20ac9240-a4bc-4d8f-82dd-9ea48296492a,Woolworths Supermarket,"Dairy, Eggs & Fridge",Yumi's Roasted Pumpkin Hommus 200g,254772,$4.00,$2.00 / 100G,https://www.woolworths.com.au/shop/productdetails/254772/yumi-s-roasted-pumpkin-hommus,https://cdn0.woolworths.media/content/wowproductimages/medium/254772.jpg,2020-09-21 17:27:05,,0,,True
72eb8be4-7f98-48b8-9e7b-4759f869c965,Woolworths Supermarket,"Dairy, Eggs & Fridge",Nature's Best 12 Free Range Eggs 660g,262883,$6.00,$0.91 / 100G,https://www.woolworths.com.au/shop/productdetails/262883/nature-s-best-12-free-range-eggs,https://cdn0.woolworths.media/content/wowproductimages/medium/262883.jpg,2020-09-21 17:27:05,,0,,True
00d29d78-e1fc-4aa1-b183-0f684ce4e6c8,Woolworths Supermarket,"Dairy, Eggs & Fridge",Lemnos Organic Fetta Cheese 180g,287050,$6.75,$37.50 / 1KG,https://www.woolworths.com.au/shop/productdetails/287050/lemnos-organic-fetta-cheese,https://cdn0.woolworths.media/content/wowproductimages/medium/287050.jpg,2020-09-21 17:27:05,,0,,True
fb1c3381-39e3-435a-aa22-a00dd8551218,Woolworths Supermarket,"Dairy, Eggs & Fridge",Mainland Epicure Cheese 200g,295891,$6.00,$30.00 / 1KG,https://www.woolworths.com.au/shop/productdetails/295891/mainland-epicure-cheese,https://cdn0.woolworths.media/content/wowproductimages/medium/295891.jpg,2020-09-21 17:27:05,,0,,True
c83e8b40-f8b0-4740-a4ff-4fd492dea3cf,Woolworths Supermarket,"Dairy, Eggs & Fridge",Pantalica Smooth Ricotta 500g,370474,$5.00,$10.00 / 1KG,https://www.woolworths.com.au/shop/productdetails/370474/pantalica-smooth-ricotta,https://cdn0.woolworths.media/content/wowproductimages/medium/370474.jpg,2020-09-21 17:27:05,,0,Was $6.00 27/08/2018,True
1bedbfcc-26e0-4f8f-b229-0e5c908aed96,Woolworths Supermarket,"Dairy, Eggs & Fridge",Zanetti Pecorino Romano 200g,406591,$8.00,$40.00 / 1KG,https://www.woolworths.com.au/shop/productdetails/406591/zanetti-pecorino-romano,https://cdn0.woolworths.media/content/wowproductimages/medium/406591.jpg,2020-09-21 17:27:05,,0,,True
8cea0b2a-fa88-42dd-b19e-d0a31d9c601c,Woolworths Supermarket,"Dairy, Eggs & Fridge",Chia Pod Coconut 170g,441548,$2.00,$1.18 / 100G,https://www.woolworths.com.au/shop/productdetails/441548/chia-pod-coconut,https://cdn0.woolworths.media/content/wowproductimages/medium/441548.jpg,2020-09-21 17:27:05,,0,,True
473d3563-c6bd-46b3-972a-5e7abb1e00d0,Woolworths Supermarket,"Dairy, Eggs & Fridge",Meander Valley Double Cream 200ml,610346,$4.30,$2.15 / 100ML,https://www.woolworths.com.au/shop/productdetails/610346/meander-valley-double-cream,https://cdn0.woolworths.media/content/wowproductimages/medium/610346.jpg,2020-09-21 17:27:05,,0,,True
423bf64c-db90-46bf-897f-8e8ad65088ab,Woolworths Supermarket,"Dairy, Eggs & Fridge",Castello Feta Cubes 430g,611883,$5.00,$11.63 / 1KG,https://www.woolworths.com.au/shop/productdetails/611883/castello-feta-cubes,https://cdn0.woolworths.media/content/wowproductimages/medium/611883.jpg,2020-09-21 17:27:05,,0,,True
f0836102-0405-4478-a259-50eee7124339,Woolworths Supermarket,"Dairy, Eggs & Fridge",Hunt And Brew Cold Brew Coffee Brazil 400ml,621268,$4.00,$10.00 / 1L,https://www.woolworths.com.au/shop/productdetails/621268/hunt-and-brew-cold-brew-coffee-brazil,https://cdn0.woolworths.media/content/wowproductimages/medium/621268.jpg,2020-09-21 17:27:05,,0,,True
134186e2-dda3-4844-805b-b8a796e67469,Woolworths Supermarket,"Dairy, Eggs & Fridge",Rokeby Farms Filmjolk Probiotic Milk Natural 750ml,624763,$3.50,$4.67 / 1L,https://www.woolworths.com.au/shop/productdetails/624763/rokeby-farms-filmjolk-probiotic-milk-natural,https://cdn0.woolworths.media/content/wowproductimages/medium/624763.jpg,2020-09-21 17:27:05,,0,,True
72231bd3-2230-474f-a9e4-9650a3bc72a4,Woolworths Supermarket,"Dairy, Eggs & Fridge",Norco Elbo Style Cheese Slices 250g,647408,$5.50,$22.00 / 1KG,https://www.woolworths.com.au/shop/productdetails/647408/norco-elbo-style-cheese-slices,https://cdn0.woolworths.media/content/wowproductimages/medium/647408.jpg,2020-09-21 17:27:05,,0,,True
4752fe83-2c89-4987-a384-f5fe57ba7143,Woolworths Supermarket,"Dairy, Eggs & Fridge",Norco Elbo Style Cheese Block 500g,647416,$10.00,$20.00 / 1KG,https://www.woolworths.com.au/shop/productdetails/647416/norco-elbo-style-cheese-block,https://cdn0.woolworths.media/content/wowproductimages/medium/647416.jpg,2020-09-21 17:27:05,,0,,True
7ce730ac-242b-48bc-a62e-4c94c2bcebf2,Woolworths Supermarket,"Dairy, Eggs & Fridge",Meredith Dairy Marinated Goats Cheese Jar 550g,663973,$20.00,$36.36 / 1KG,https://www.woolworths.com.au/shop/productdetails/663973/meredith-dairy-marinated-goats-cheese-jar,https://cdn0.woolworths.media/content/wowproductimages/medium/663973.jpg,2020-09-21 17:27:05,,0,,True
83780a18-c5a3-4f75-95f2-74264fcba75b,Woolworths Supermarket,"Dairy, Eggs & Fridge",The Goods Kimchi Traditional 430g,677938,$7.00,$16.28 / 1KG,https://www.woolworths.com.au/shop/productdetails/677938/the-goods-kimchi-traditional,https://cdn0.woolworths.media/content/wowproductimages/medium/677938.jpg,2020-09-21 17:27:05,,0,,True
5c9394aa-02c2-4350-aa32-1a2075b70136,Woolworths Supermarket,"Dairy, Eggs & Fridge",Papillon Roquefort Portions 100g,714826,$8.00,$80.00 / 1KG,https://www.woolworths.com.au/shop/productdetails/714826/papillon-roquefort-portions,https://cdn0.woolworths.media/content/wowproductimages/medium/714826.jpg,2020-09-21 17:27:05,,0,,True
94f09717-a84e-46d0-9548-69c369cb5aa1,Woolworths Supermarket,"Dairy, Eggs & Fridge",La Casa Del Formaggio Fresh Mozzarella 125g,732059,$3.00,$24.00 / 1KG,https://www.woolworths.com.au/shop/productdetails/732059/la-casa-del-formaggio-fresh-mozzarella,https://cdn0.woolworths.media/content/wowproductimages/medium/732059.jpg,2020-09-21 17:27:05,,0,,True
f8b98c39-7bf8-4cb1-9721-12cca056117e,Woolworths Supermarket,"Dairy, Eggs & Fridge",Fromager D'affinois Petit D Affinois 150g,733806,$12.00,$80.00 / 1KG,https://www.woolworths.com.au/shop/productdetails/733806/fromager-d-affinois-petit-d-affinois,https://cdn0.woolworths.media/content/wowproductimages/medium/733806.jpg,2020-09-21 17:27:05,,0,,True
c10abea2-e419-4d87-8c76-cd1a21e34292,Woolworths Supermarket,"Dairy, Eggs & Fridge",Jacquin Chevre Ash 100g,739571,$5.00,$50.00 / 1KG,https://www.woolworths.com.au/shop/productdetails/739571/jacquin-chevre-ash,https://cdn0.woolworths.media/content/wowproductimages/medium/739571.jpg,2020-09-21 17:27:05,,0,,True
2a78baa7-d85c-458d-baba-05cd25797f59,Woolworths Supermarket,"Dairy, Eggs & Fridge",Bean Supreme Plant Based Roast Garlic Sausages 375g,744179,$8.00,,https://www.woolworths.com.au/shop/productdetails/744179/bean-supreme-plant-based-roast-garlic-sausages,https://cdn0.woolworths.media/content/wowproductimages/medium/744179.jpg,2020-09-21 17:27:05,,0,,True
affc000a-c76b-41c5-a489-b4ad40164926,Woolworths Supermarket,"Dairy, Eggs & Fridge",Woolworths Baby Spinach Salad Bag 60g,379515,$2.00,$33.33 / 1KG,https://www.woolworths.com.au/shop/productdetails/379515/woolworths-baby-spinach-salad-bag,https://cdn0.woolworths.media/content/wowproductimages/medium/379515.jpg,2020-09-21 17:27:05,Average product rating out of 5: 4.7. Product score is based on 725 ratings,725,,True
d7075e1f-57dd-4da4-8ec4-42458b8d866e,Woolworths Supermarket,"Dairy, Eggs & Fridge",A2 Light Milk 2l,208066,$5.30,$2.65 / 1L,https://www.woolworths.com.au/shop/productdetails/208066/a2-light-milk,https://cdn0.woolworths.media/content/wowproductimages/medium/208066.jpg,2020-09-21 17:27:05,,0,,True
5a4dce6b-c55d-4d49-acc5-df1ca86f5fbe,Woolworths Supermarket,"Dairy, Eggs & Fridge",Dairy Farmers Thick & Creamy Classic Vanilla Yoghurt 150g,777320,$1.00,$0.67 / 100G,https://www.woolworths.com.au/shop/productdetails/777320/dairy-farmers-thick-creamy-classic-vanilla-yoghurt,https://cdn0.woolworths.media/content/wowproductimages/medium/777320.jpg,2020-09-21 17:27:05,,0,,True
1cabb115-1f6c-4a62-888d-91b4d2a47555,Woolworths Supermarket,"Dairy, Eggs & Fridge",Woolworths Mozzarella Shredded Cheese 500g,728983,$6.00,$12.00 / 1KG,https://www.woolworths.com.au/shop/productdetails/728983/woolworths-mozzarella-shredded-cheese,https://cdn0.woolworths.media/content/wowproductimages/medium/728983.jpg,2020-09-21 17:27:05,Average product rating out of 5: 4.5. Product score is based on 469 ratings,469,,True
31d2870e-dee5-489b-8ac8-7e9ead805e73,Woolworths Supermarket,"Dairy, Eggs & Fridge",Macro Firm Tofu 450g,023038,$3.50,$7.78 / 1KG,https://www.woolworths.com.au/shop/productdetails/23038/macro-firm-tofu,https://cdn0.woolworths.media/content/wowproductimages/medium/023038.jpg,2020-09-21 17:27:05,Average product rating out of 5: 4.1. Product score is based on 270 ratings,270,,True
a821bf40-392a-4e93-b4ce-39be583ae61f,Woolworths Supermarket,"Dairy, Eggs & Fridge",Dairy Farmers Thick & Creamy Yellow Box Honey Yoghurt 150g,768112,$1.00,$0.67 / 100G,https://www.woolworths.com.au/shop/productdetails/768112/dairy-farmers-thick-creamy-yellow-box-honey-yoghurt,https://cdn0.woolworths.media/content/wowproductimages/medium/768112.jpg,2020-09-21 17:27:05,,0,,True
9c619e0a-bf3a-4273-bc9a-354ee8aefe3d,Woolworths Supermarket,"Dairy, Eggs & Fridge",Western Star Original Spreadable 500g,069756,$6.00,$1.20 / 100G,https://www.woolworths.com.au/shop/productdetails/69756/western-star-original-spreadable,https://cdn0.woolworths.media/content/wowproductimages/medium/069756.jpg,2020-09-21 17:27:05,,0,,True
0f07212e-2d44-47a2-bb60-ce6b4b43075c,Woolworths Supermarket,"Dairy, Eggs & Fridge",Tamar Valley Kids Yoghurt Pouch Vanilla 110g,508826,$1.80,$1.64 / 100G,https://www.woolworths.com.au/shop/productdetails/508826/tamar-valley-kids-yoghurt-pouch-vanilla,https://cdn0.woolworths.media/content/wowproductimages/medium/508826.jpg,2020-09-21 17:27:05,,0,,True
6f598896-7cc5-4ebd-80ce-a997a9f2dd21,Woolworths Supermarket,"Dairy, Eggs & Fridge",Pauls Yoghurt Pouch Vanilla Kids Yoghurt 70g,705258,$1.40,$2.00 / 100G,https://www.woolworths.com.au/shop/productdetails/705258/pauls-yoghurt-pouch-vanilla-kids-yoghurt,https://cdn0.woolworths.media/content/wowproductimages/medium/705258.jpg,2020-09-21 17:27:05,,0,,True
da1f0388-99b3-4ef3-b9c7-0812cd8ab92e,Woolworths Supermarket,"Dairy, Eggs & Fridge",Devondale Salted Butter 250g,075645,$3.20,$1.28 / 100G,https://www.woolworths.com.au/shop/productdetails/75645/devondale-salted-butter,https://cdn0.woolworths.media/content/wowproductimages/medium/075645.jpg,2020-09-21 17:27:05,,0,,True
454f6b5b-c8e1-42c8-a370-3735f156eb9f,Woolworths Supermarket,"Dairy, Eggs & Fridge",Tasmanian Heritage Double Brie Cheese 250g,077182,$11.80,$47.20 / 1KG,https://www.woolworths.com.au/shop/productdetails/77182/tasmanian-heritage-double-brie-cheese,https://cdn0.woolworths.media/content/wowproductimages/medium/077182.jpg,2020-09-21 17:27:05,,0,,True
d026cc8f-943d-413d-9d7f-b5c53cc78334,Woolworths Supermarket,"Dairy, Eggs & Fridge",Pace Farm 12 Extra Large Free Range Eggs 700g,092953,$5.95,$0.85 / 100G,https://www.woolworths.com.au/shop/productdetails/92953/pace-farm-12-extra-large-free-range-eggs,https://cdn0.woolworths.media/content/wowproductimages/medium/092953.jpg,2020-09-21 17:27:05,,0,,True
d6eca935-3d6c-4b7a-b1c7-014080a766c7,Woolworths Supermarket,"Dairy, Eggs & Fridge",Woolworths Classic Coleslaw 200g,531041,$2.00,$10.00 / 1KG,https://www.woolworths.com.au/shop/productdetails/531041/woolworths-classic-coleslaw,https://cdn0.woolworths.media/content/wowproductimages/medium/531041.jpg,2020-09-21 17:27:05,Average product rating out of 5: 4.2. Product score is based on 371 ratings,371,,True
79e6bc27-8295-45fe-b9b3-f61cf55b7802,Woolworths Supermarket,"Dairy, Eggs & Fridge",Chobani No Fat Raspberry Yoghurt 170g,752079,$1.80,$1.06 / 100G,https://www.woolworths.com.au/shop/productdetails/752079/chobani-no-fat-raspberry-yoghurt,https://cdn0.woolworths.media/content/wowproductimages/medium/752079.jpg,2020-09-21 17:27:05,,0,Was $2.00 26/04/2020,True
9a1bad57-347a-4a57-9a1e-aeb79e62ec06,Woolworths Supermarket,"Dairy, Eggs & Fridge",Meadowlea Original Spread 500g,048016,$3.30,$0.66 / 100G,https://www.woolworths.com.au/shop/productdetails/48016/meadowlea-original-spread,https://cdn0.woolworths.media/content/wowproductimages/medium/048016.jpg,2020-09-21 17:27:05,,0,,True
d98e8e0d-112a-47e0-8f47-9cab66237ca8,Woolworths Supermarket,"Dairy, Eggs & Fridge",Dairy Farmers Thick & Creamy Mango & Passionfruit Yoghurt 150g,768054,$1.00,$0.67 / 100G,https://www.woolworths.com.au/shop/productdetails/768054/dairy-farmers-thick-creamy-mango-passionfruit-yoghurt,https://cdn0.woolworths.media/content/wowproductimages/medium/768054.jpg,2020-09-21 17:27:05,,0,,True
083252a0-151d-4459-9e02-4f1977f8c49a,Woolworths Supermarket,"Dairy, Eggs & Fridge",Pauls Zymil Light Lactose Free Milk 1l,144000,$3.10,$3.10 / 1L,https://www.woolworths.com.au/shop/productdetails/144000/pauls-zymil-light-lactose-free-milk,https://cdn0.woolworths.media/content/wowproductimages/medium/144000.jpg,2020-09-21 17:27:05,,0,,True
a09bc0e3-4ac1-4db2-8796-c8d3f75eefb2,Woolworths Supermarket,"Dairy, Eggs & Fridge",Woolworths Beef Lasagne 2kg,194648,$12.50,$6.25 / 1KG,https://www.woolworths.com.au/shop/productdetails/194648/woolworths-beef-lasagne,https://cdn0.woolworths.media/content/wowproductimages/medium/194648.jpg,2020-09-21 17:27:05,Average product rating out of 5: 3.5. Product score is based on 598 ratings,598,Was $15.5 24/09/2018,True
ba6a0ce7-7b6e-4a29-904b-720bd54d7f28,Woolworths Supermarket,"Dairy, Eggs & Fridge",Woolworths Vanilla Yoghurt Pouch 70g,891954,$0.75,$1.07 / 100G,https://www.woolworths.com.au/shop/productdetails/891954/woolworths-vanilla-yoghurt-pouch,https://cdn0.woolworths.media/content/wowproductimages/medium/891954.jpg,2020-09-21 17:27:05,Average product rating out of 5: 4.2. Product score is based on 476 ratings,476,,True
29cac261-d218-4f2b-9564-ec7d16643494,Woolworths Supermarket,"Dairy, Eggs & Fridge",Devondale 3 Cheese Blend Shredded Cheese 600g,807863,$7.50,$12.50 / 1KG,https://www.woolworths.com.au/shop/productdetails/807863/devondale-3-cheese-blend-shredded-cheese,https://cdn0.woolworths.media/content/wowproductimages/medium/807863.jpg,2020-09-21 17:27:05,,0,,True
403d2b97-86dd-4830-8b1c-f91dff0b5171,Woolworths Supermarket,"Dairy, Eggs & Fridge",Woolworths Ash Brie 125g,792535,$4.50,$36.00 / 1KG,https://www.woolworths.com.au/shop/productdetails/792535/woolworths-ash-brie,https://cdn0.woolworths.media/content/wowproductimages/medium/792535.jpg,2020-09-21 17:27:05,,0,,True
b5a3973a-71a5-482f-b513-6f5dcfcc65d0,Woolworths Supermarket,"Dairy, Eggs & Fridge",Macro Organic Creamy Brie 125g,793009,$4.50,$36.00 / 1KG,https://www.woolworths.com.au/shop/productdetails/793009/macro-organic-creamy-brie,https://cdn0.woolworths.media/content/wowproductimages/medium/793009.jpg,2020-09-21 17:27:05,,0,,True
c816a36d-19cc-448c-8a8c-641c6a3b2585,Woolworths Supermarket,"Dairy, Eggs & Fridge",Mainland Organic Butter 250g,799120,$5.00,$2.00 / 100G,https://www.woolworths.com.au/shop/productdetails/799120/mainland-organic-butter,https://cdn0.woolworths.media/content/wowproductimages/medium/799120.jpg,2020-09-21 17:27:05,,0,Was $5.40 27/07/2020,True
f47448f7-859d-4742-892b-46d22bfbac45,Woolworths Supermarket,"Dairy, Eggs & Fridge",Mainland Organic Block 400g,807867,$9.00,$22.50 / 1KG,https://www.woolworths.com.au/shop/productdetails/807867/mainland-organic-block,https://cdn0.woolworths.media/content/wowproductimages/medium/807867.jpg,2020-09-21 17:27:05,,0,,True
7d240b6c-fdd8-4667-b3ea-20e39077bba6,Woolworths Supermarket,"Dairy, Eggs & Fridge",Dairyworks Jalapeno Cheese & Crackers 120g,808988,$4.50,$37.50 / 1KG,https://www.woolworths.com.au/shop/productdetails/808988/dairyworks-jalapeno-cheese-crackers,https://cdn0.woolworths.media/content/wowproductimages/medium/808988.jpg,2020-09-21 17:27:05,,0,Was $5.00 09/10/2018,True
94627532-4395-4f5a-8960-339076b2240c,Woolworths Supermarket,"Dairy, Eggs & Fridge",I Pastai Vegan Basil Pesto Sauce 200g,810689,$7.50,$3.75 / 100G,https://www.woolworths.com.au/shop/productdetails/810689/i-pastai-vegan-basil-pesto-sauce,https://cdn0.woolworths.media/content/wowproductimages/medium/810689.jpg,2020-09-21 17:27:05,,0,,True
1b5e8e6c-1690-4fbb-a6b9-633e471c19e8,Woolworths Supermarket,"Dairy, Eggs & Fridge",Woolworths Traditional Bocconcini 220g,810778,$4.00,$18.18 / 1KG,https://www.woolworths.com.au/shop/productdetails/810778/woolworths-traditional-bocconcini,https://cdn0.woolworths.media/content/wowproductimages/medium/810778.jpg,2020-09-21 17:27:05,Average product rating out of 5: 4.4. Product score is based on 526 ratings,526,,True
db2302b6-e3e5-4a48-8764-41ff9a13e267,Woolworths Supermarket,"Dairy, Eggs & Fridge",I Pastai Vegan Ravioli With Pumpkin Kale & Roasted Hazelnut 300g,810786,$7.50,$2.50 / 100G,https://www.woolworths.com.au/shop/productdetails/810786/i-pastai-vegan-ravioli-with-pumpkin-kale-roasted-hazelnut,https://cdn0.woolworths.media/content/wowproductimages/medium/810786.jpg,2020-09-21 17:27:05,,0,,True
bec1ff91-bcbc-4e7a-9928-52660fc2a16a,Woolworths Supermarket,"Dairy, Eggs & Fridge",I Pastai Vegan Ravioli Spinach & Ricotta Cheese 300g,810801,$7.50,$2.50 / 100G,https://www.woolworths.com.au/shop/productdetails/810801/i-pastai-vegan-ravioli-spinach-ricotta-cheese,https://cdn0.woolworths.media/content/wowproductimages/medium/810801.jpg,2020-09-21 17:27:05,,0,,True
087df241-b402-4f82-a5d5-f2e46551c7f5,Woolworths Supermarket,"Dairy, Eggs & Fridge",Paris Creek Farms Triple Cream Brie 280g,815592,$13.50,$48.21 / 1KG,https://www.woolworths.com.au/shop/productdetails/815592/paris-creek-farms-triple-cream-brie,https://cdn0.woolworths.media/content/wowproductimages/medium/815592.jpg,2020-09-21 17:27:05,,0,,True
9b998965-ab12-4fa8-b06f-6ba3db414c7a,Woolworths Supermarket,"Dairy, Eggs & Fridge",Paris Creek Farms Triple Cream Camembert 280g,815661,$13.50,$48.21 / 1KG,https://www.woolworths.com.au/shop/productdetails/815661/paris-creek-farms-triple-cream-camembert,https://cdn0.woolworths.media/content/wowproductimages/medium/815661.jpg,2020-09-21 17:27:05,,0,,True
c1a746d6-1251-4ee6-a991-b28cc4885245,Woolworths Supermarket,"Dairy, Eggs & Fridge",Bio Cheese Halloumi 200g,855612,$6.75,$33.75 / 1KG,https://www.woolworths.com.au/shop/productdetails/855612/bio-cheese-halloumi,https://cdn0.woolworths.media/content/wowproductimages/medium/855612.jpg,2020-09-21 17:27:05,,0,,True
a09f2291-a4f1-43c1-bde5-2c442bac22f7,Woolworths Supermarket,"Dairy, Eggs & Fridge",Perfect Italiano Romano Cheese Block 200g,859721,$5.00,$25.00 / 1KG,https://www.woolworths.com.au/shop/productdetails/859721/perfect-italiano-romano-cheese-block,https://cdn0.woolworths.media/content/wowproductimages/medium/859721.jpg,2020-09-21 17:27:05,,0,,True
ab0941ad-6b8d-4e38-be50-4e803ab48c04,Woolworths Supermarket,"Dairy, Eggs & Fridge",The Coach House Dairy Chocolate Milk 300ml,865382,$3.00,$10.00 / 1L,https://www.woolworths.com.au/shop/productdetails/865382/the-coach-house-dairy-chocolate-milk,https://cdn0.woolworths.media/content/wowproductimages/medium/865382.jpg,2020-09-21 17:27:05,,0,,True
c3b8c6f7-dbe3-4ddc-bb95-d91e81673990,Woolworths Supermarket,"Dairy, Eggs & Fridge",Jarlsberg Lite Cheese Slices Sliced Cheese 150g,930995,$6.70,$44.67 / 1KG,https://www.woolworths.com.au/shop/productdetails/930995/jarlsberg-lite-cheese-slices-sliced-cheese,https://cdn0.woolworths.media/content/wowproductimages/medium/930995.jpg,2020-09-21 17:27:05,,0,,True
3dcce5db-0605-4aeb-a4e8-dbbe254f4ac0,Woolworths Supermarket,"Dairy, Eggs & Fridge",Castello Double Cream Truffle 150g,964767,$7.50,$50.00 / 1KG,https://www.woolworths.com.au/shop/productdetails/964767/castello-double-cream-truffle,https://cdn0.woolworths.media/content/wowproductimages/medium/964767.jpg,2020-09-21 17:27:05,,0,,True
09a70623-51d8-451c-8a02-ebd2bec5fd43,Woolworths Supermarket,"Dairy, Eggs & Fridge",Moving Mountains Plant Based Vegan Burger 2 pack,065260,$9.00,$40.91 / 1KG,https://www.woolworths.com.au/shop/productdetails/65260/moving-mountains-plant-based-vegan-burger,https://cdn0.woolworths.media/content/wowproductimages/medium/065260.jpg,2020-09-21 17:27:05,,0,Was $12.00 05/05/2020,True
de6a358c-e7cc-4689-a98e-cfcbb16b5fab,Woolworths Supermarket,"Dairy, Eggs & Fridge",Raw C Coconut Milk Chocolate 325ml,011022,$2.00,$6.15 / 1L,https://www.woolworths.com.au/shop/productdetails/11022/raw-c-coconut-milk-chocolate,https://cdn0.woolworths.media/content/wowproductimages/medium/011022.jpg,2020-09-21 17:27:05,,0,,True
6adbeffb-4bd4-4099-83a3-49fe1297cd1c,Woolworths Supermarket,"Dairy, Eggs & Fridge",Hunt And Brew Ethiopia Black Coffee 250ml,012853,$2.50,$10.00 / 1L,https://www.woolworths.com.au/shop/productdetails/12853/hunt-and-brew-ethiopia-black-coffee,https://cdn0.woolworths.media/content/wowproductimages/medium/012853.jpg,2020-09-21 17:27:05,,0,,True
2207f635-58f5-4981-9bb6-8335c8e82963,Woolworths Supermarket,"Dairy, Eggs & Fridge",Rana Egg Lasagne Fresh Pasta 250g,028059,$5.00,$2.00 / 100G,https://www.woolworths.com.au/shop/productdetails/28059/rana-egg-lasagne-fresh-pasta,https://cdn0.woolworths.media/content/wowproductimages/medium/028059.jpg,2020-09-21 17:27:05,,0,,True
d2516623-92ca-4700-b397-f9121df57fa6,Woolworths Supermarket,"Dairy, Eggs & Fridge",La Stella Cherry Bocconcini 180g,041478,$6.00,$33.33 / 1KG,https://www.woolworths.com.au/shop/productdetails/41478/la-stella-cherry-bocconcini,https://cdn0.woolworths.media/content/wowproductimages/medium/041478.jpg,2020-09-21 17:27:05,,0,,True
28bbd65d-e25b-4c90-9a18-90ebc35355bb,Woolworths Supermarket,"Dairy, Eggs & Fridge",La Stella Buffalo Mozzarella 125g,041485,$7.00,$56.00 / 1KG,https://www.woolworths.com.au/shop/productdetails/41485/la-stella-buffalo-mozzarella,https://cdn0.woolworths.media/content/wowproductimages/medium/041485.jpg,2020-09-21 17:27:05,,0,,True
6fc2273b-c88a-4a83-aa2c-70a17bc428ba,Woolworths Supermarket,"Dairy, Eggs & Fridge",La Stella Burrata 100g,041497,$6.00,$60.00 / 1KG,https://www.woolworths.com.au/shop/productdetails/41497/la-stella-burrata,https://cdn0.woolworths.media/content/wowproductimages/medium/041497.jpg,2020-09-21 17:27:05,,0,,True
97f48131-9e72-4534-94ef-2d5a37ba72e7,Woolworths Supermarket,"Dairy, Eggs & Fridge",La Stella Bocconcini 160g,041508,$6.00,$37.50 / 1KG,https://www.woolworths.com.au/shop/productdetails/41508/la-stella-bocconcini,https://cdn0.woolworths.media/content/wowproductimages/medium/041508.jpg,2020-09-21 17:27:05,,0,,True
e1a7f985-26c0-49d3-8149-085671e4aaa0,Woolworths Supermarket,"Dairy, Eggs & Fridge",Coon Cheese Slices Tasty 750g,187899,$10.00,$13.33 / 1KG,https://www.woolworths.com.au/shop/productdetails/187899/coon-cheese-slices-tasty,https://cdn0.woolworths.media/content/wowproductimages/medium/187899.jpg,2020-09-21 17:27:05,,0,Was $12.00 07/07/2020,True
558c2bc1-4313-46c0-9585-b8e575be3a17,Woolworths Supermarket,"Dairy, Eggs & Fridge",Woolworths Uht Full Cream Milk 1l,748595,$1.25,$1.25 / 1L,https://www.woolworths.com.au/shop/productdetails/748595/woolworths-uht-full-cream-milk,https://cdn0.woolworths.media/content/wowproductimages/medium/748595.jpg,2020-09-21 17:27:05,Average product rating out of 5: 4.9. Product score is based on 36 ratings,36,,True
f77c30b7-fb95-43ff-8bc7-3837387ae76c,Woolworths Supermarket,"Dairy, Eggs & Fridge",Woolworths Baby Spinach Salad Bag 60g,379515,$2.00,$33.33 / 1KG,https://www.woolworths.com.au/shop/productdetails/379515/woolworths-baby-spinach-salad-bag,https://cdn0.woolworths.media/content/wowproductimages/medium/379515.jpg,2020-09-21 17:27:05,Average product rating out of 5: 4.7. Product score is based on 725 ratings,725,,True
8204a74b-d2e4-45b0-b231-2cd3b23a7f0c,Woolworths Supermarket,"Dairy, Eggs & Fridge",Woolworths Mozzarella Shredded Cheese 500g,728983,$6.00,$12.00 / 1KG,https://www.woolworths.com.au/shop/productdetails/728983/woolworths-mozzarella-shredded-cheese,https://cdn0.woolworths.media/content/wowproductimages/medium/728983.jpg,2020-09-21 17:27:05,Average product rating out of 5: 4.5. Product score is based on 469 ratings,469,,True
1ff99121-9616-4463-8166-709394a63492,Woolworths Supermarket,"Dairy, Eggs & Fridge",Woolworths Drought Relief Lite Milk 2l,807385,$2.39,$1.20 / 1L,https://www.woolworths.com.au/shop/productdetails/807385/woolworths-drought-relief-lite-milk,https://cdn0.woolworths.media/content/wowproductimages/medium/807385.jpg,2020-09-21 17:27:05,,0,,True
42d79506-4858-4f7a-8573-7ce9d873dbea,Woolworths Supermarket,"Dairy, Eggs & Fridge",Woolworths Tasty Shredded Cheese 500g,729026,$6.00,$12.00 / 1KG,https://www.woolworths.com.au/shop/productdetails/729026/woolworths-tasty-shredded-cheese,https://cdn0.woolworths.media/content/wowproductimages/medium/729026.jpg,2020-09-21 17:27:05,Average product rating out of 5: 4.6. Product score is based on 500 ratings,500,,True
10cd5cb2-7485-48f7-9b54-511f69c1a986,Woolworths Supermarket,"Dairy, Eggs & Fridge",Woolworths Drought Relief Full Cream Milk 3l,807384,$3.59,$1.20 / 1L,https://www.woolworths.com.au/shop/productdetails/807384/woolworths-drought-relief-full-cream-milk,https://cdn0.woolworths.media/content/wowproductimages/medium/807384.jpg,2020-09-21 17:27:05,,0,,True
373dea88-9db6-4088-99fc-08172fa4db76,Woolworths Supermarket,"Dairy, Eggs & Fridge",A2 Full Cream Milk 2l,208064,$5.30,$2.65 / 1L,https://www.woolworths.com.au/shop/productdetails/208064/a2-full-cream-milk,https://cdn0.woolworths.media/content/wowproductimages/medium/208064.jpg,2020-09-21 17:27:05,,0,,True
572965c2-70bb-4ced-9d12-d9ab55ee52bc,Woolworths Supermarket,"Dairy, Eggs & Fridge",Hillview Tasty Shredded Cheese 700g,491820,$6.60,$9.43 / 1KG,https://www.woolworths.com.au/shop/productdetails/491820/hillview-tasty-shredded-cheese,https://cdn0.woolworths.media/content/wowproductimages/medium/491820.jpg,2020-09-21 17:27:05,Average product rating out of 5: 4.5. Product score is based on 48 ratings,48,,True
d4498b8f-2048-4974-9f30-e43796876e57,Woolworths Supermarket,"Dairy, Eggs & Fridge",Woolworths Thickened Cream 600ml,048720,$3.00,$0.50 / 100ML,https://www.woolworths.com.au/shop/productdetails/48720/woolworths-thickened-cream,https://cdn0.woolworths.media/content/wowproductimages/medium/048720.jpg,2020-09-21 17:27:05,Average product rating out of 5: 4.8. Product score is based on 740 ratings,740,,True
4550d49f-c43e-425e-98ac-56b27b2d0fe3,Woolworths Supermarket,"Dairy, Eggs & Fridge",Woolworths Drought Relief Lite Milk 3l,807386,$3.59,$1.20 / 1L,https://www.woolworths.com.au/shop/productdetails/807386/woolworths-drought-relief-lite-milk,https://cdn0.woolworths.media/content/wowproductimages/medium/807386.jpg,2020-09-21 17:27:05,,0,,True
cca0e418-5f4f-4ed8-bab7-e9fe6e59cc83,Woolworths Supermarket,"Dairy, Eggs & Fridge",Western Star Original Spreadable 500g,069756,$6.00,$1.20 / 100G,https://www.woolworths.com.au/shop/productdetails/69756/western-star-original-spreadable,https://cdn0.woolworths.media/content/wowproductimages/medium/069756.jpg,2020-09-21 17:27:05,,0,,True
4b39dcda-f796-4332-95b0-65b08c82b53c,Woolworths Supermarket,"Dairy, Eggs & Fridge",Woolworths Single Leaf Baby Spinach 280g,524336,$5.00,$17.86 / 1KG,https://www.woolworths.com.au/shop/productdetails/524336/woolworths-single-leaf-baby-spinach,https://cdn0.woolworths.media/content/wowproductimages/medium/524336.jpg,2020-09-21 17:27:05,Average product rating out of 5: 4.8. Product score is based on 532 ratings,532,,True
4338b8ad-a424-46cb-94d5-0242ed6d318f,Woolworths Supermarket,"Dairy, Eggs & Fridge",Almond Breeze Unsweetened Almond Milk 1l,761604,$2.50,$2.50 / 1L,https://www.woolworths.com.au/shop/productdetails/761604/almond-breeze-unsweetened-almond-milk,https://cdn0.woolworths.media/content/wowproductimages/medium/761604.jpg,2020-09-21 17:27:05,,0,Was $3.25 13/03/2017,True
09ed7106-a01a-4f30-ae0d-cd9f08b46e1d,Woolworths Supermarket,"Dairy, Eggs & Fridge",Woolworths Baby Leaf Spinach 120g,524322,$3.00,$25.00 / 1KG,https://www.woolworths.com.au/shop/productdetails/524322/woolworths-baby-leaf-spinach,https://cdn0.woolworths.media/content/wowproductimages/medium/524322.jpg,2020-09-21 17:27:05,Average product rating out of 5: 4.7. Product score is based on 2842 ratings,2842,,True
4c9ee7c6-1b14-4a34-bd9e-dba9c26975c9,Woolworths Supermarket,"Dairy, Eggs & Fridge",Hillview Cheese Block 1kg,500187,$8.00,$8.00 / 1KG,https://www.woolworths.com.au/shop/productdetails/500187/hillview-cheese-block,https://cdn0.woolworths.media/content/wowproductimages/medium/500187.jpg,2020-09-21 17:27:05,Average product rating out of 5: 4.5. Product score is based on 66 ratings,66,,True
2ad91c5e-b93d-424c-ab2f-2e5f3ece48e8,Woolworths Supermarket,"Dairy, Eggs & Fridge",Just 4 You 12 Extra Large Caged Eggs 700g,893974,$3.50,$0.50 / 100G,https://www.woolworths.com.au/shop/productdetails/893974/just-4-you-12-extra-large-caged-eggs,https://cdn0.woolworths.media/content/wowproductimages/medium/893974.jpg,2020-09-21 17:27:05,,0,,True
26d92d74-468e-4097-bff5-e4e583222676,Woolworths Supermarket,"Dairy, Eggs & Fridge",Woolworths Drought Relief Full Cream Milk 2l,807383,$2.39,$1.20 / 1L,https://www.woolworths.com.au/shop/productdetails/807383/woolworths-drought-relief-full-cream-milk,https://cdn0.woolworths.media/content/wowproductimages/medium/807383.jpg,2020-09-21 17:27:05,Average product rating out of 5: 4.7. Product score is based on 385 ratings,385,,True
95e16611-cc9f-4204-af16-8a04eab52499,Woolworths Supermarket,"Dairy, Eggs & Fridge",Flora Proactiv Margarine Buttery 750g,763453,$10.00,$1.33 / 100G,https://www.woolworths.com.au/shop/productdetails/763453/flora-proactiv-margarine-buttery,https://cdn0.woolworths.media/content/wowproductimages/medium/763453.jpg,2020-09-21 17:27:05,,0,,True
584f8c86-e293-4765-8866-42e6e88ae7dc,Woolworths Supermarket,"Dairy, Eggs & Fridge",A2 Light Milk 2l,208066,$5.30,$2.65 / 1L,https://www.woolworths.com.au/shop/productdetails/208066/a2-light-milk,https://cdn0.woolworths.media/content/wowproductimages/medium/208066.jpg,2020-09-21 17:27:05,,0,,True
8b595fd4-7333-417c-ab18-c6e578982b70,Woolworths Supermarket,"Dairy, Eggs & Fridge",Nestl Australia Harvest Gourmet Plant Based Incredible Vegan Burger 226g,065223,$6.00,$26.55 / 1KG,https://www.woolworths.com.au/shop/productdetails/65223/nestl-australia-harvest-gourmet-plant-based-incredible-vegan-burger,https://cdn0.woolworths.media/content/wowproductimages/medium/065223.jpg,2020-09-21 17:27:05,,0,,True
ec3ac988-84dd-4a6e-add2-c82d09c54a28,Woolworths Supermarket,"Dairy, Eggs & Fridge",Made With Plants Plant-based Meatloaf With Glaze 500g,065228,$14.00,$28.00 / 1KG,https://www.woolworths.com.au/shop/productdetails/65228/made-with-plants-plant-based-meatloaf-with-glaze,https://cdn0.woolworths.media/content/wowproductimages/medium/065228.jpg,2020-09-21 17:27:05,,0,,True
8f673fbd-c771-433f-a3a5-1fe2d1c36de2,Woolworths Supermarket,"Dairy, Eggs & Fridge",Plant Asia Plant-based Roast Duck 360g,065242,$9.00,$25.00 / 1KG,https://www.woolworths.com.au/shop/productdetails/65242/plant-asia-plant-based-roast-duck,https://cdn0.woolworths.media/content/wowproductimages/medium/065242.jpg,2020-09-21 17:27:05,,0,,True
bf04c504-952b-4e0d-9cd5-3891a5f5de3b,Woolworths Supermarket,"Dairy, Eggs & Fridge",Hero Foods Non Gmo Chickpea Tempeh 300g,065256,$4.65,$15.50 / 1KG,https://www.woolworths.com.au/shop/productdetails/65256/hero-foods-non-gmo-chickpea-tempeh,https://cdn0.woolworths.media/content/wowproductimages/medium/065256.jpg,2020-09-21 17:27:05,,0,,True
0a9f3be1-089c-4613-a4fa-8267025029a6,Woolworths Supermarket,"Dairy, Eggs & Fridge",Hero Foods Non Gmo Soy Tempeh 300g,065257,$4.65,$15.50 / 1KG,https://www.woolworths.com.au/shop/productdetails/65257/hero-foods-non-gmo-soy-tempeh,https://cdn0.woolworths.media/content/wowproductimages/medium/065257.jpg,2020-09-21 17:27:05,,0,,True
c3d846f7-f6df-4d59-9fc6-ac6c3ad2eec6,Woolworths Supermarket,"Dairy, Eggs & Fridge",Woolworths Good To Go Egg & Spinach Pot 90g,072695,$3.50,$3.89 / 100G,https://www.woolworths.com.au/shop/productdetails/72695/woolworths-good-to-go-egg-spinach-pot,https://cdn0.woolworths.media/content/wowproductimages/medium/072695.jpg,2020-09-21 17:27:05,,0,,True
a7768ed6-4a4f-41d0-b1a6-a5070eefcc67,Woolworths Supermarket,"Dairy, Eggs & Fridge",Plant Asia Plant Based Roast Chicken 360g,090352,$9.00,$2.50 / 100G,https://www.woolworths.com.au/shop/productdetails/90352/plant-asia-plant-based-roast-chicken,https://cdn0.woolworths.media/content/wowproductimages/medium/090352.jpg,2020-09-21 17:27:05,,0,,True
5d83a7cd-ac1b-4bab-81b5-3d2819c31d9c,Woolworths Supermarket,"Dairy, Eggs & Fridge",Moving Mountains Plant Based Hot Dogs 240g,095750,$12.00,$50.00 / 1KG,https://www.woolworths.com.au/shop/productdetails/95750/moving-mountains-plant-based-hot-dogs,https://cdn0.woolworths.media/content/wowproductimages/medium/095750.jpg,2020-09-21 17:27:05,,0,,True
f08c51ec-e029-42fe-8831-be06d983de8d,Woolworths Supermarket,"Dairy, Eggs & Fridge",Pilpel Dip Beetroot Almond 200g,299208,$6.00,$3.00 / 100G,https://www.woolworths.com.au/shop/productdetails/299208/pilpel-dip-beetroot-almond,https://cdn0.woolworths.media/content/wowproductimages/medium/299208.jpg,2020-09-21 17:27:05,,0,,True
2be74df2-f968-41f7-86e4-4e8d220ce10a,Woolworths Supermarket,"Dairy, Eggs & Fridge",Pilpel Garlic Dip 200g,366200,$6.00,$3.00 / 100G,https://www.woolworths.com.au/shop/productdetails/366200/pilpel-garlic-dip,https://cdn0.woolworths.media/content/wowproductimages/medium/366200.jpg,2020-09-21 17:27:05,,0,,True
9df220b8-df6d-4bf2-9a4b-5e1bb73ca818,Woolworths Supermarket,"Dairy, Eggs & Fridge",Singletons Black Wax Cheddar Cheese per kg,369761,$57.50,$57.50 / 1KG,https://www.woolworths.com.au/shop/productdetails/369761/singletons-black-wax-cheddar-cheese,https://cdn0.woolworths.media/content/wowproductimages/medium/369761.jpg,2020-09-21 17:27:05,,0,,True
9858e105-3491-4ce5-a763-493becdd9a00,Woolworths Supermarket,"Dairy, Eggs & Fridge",Dare Cold Pressed Iced Coffee Latte 300ml,597288,$2.00,$6.67 / 1L,https://www.woolworths.com.au/shop/productdetails/597288/dare-cold-pressed-iced-coffee-latte,https://cdn0.woolworths.media/content/wowproductimages/medium/597288.jpg,2020-09-21 17:27:05,,0,,True
74984860-8344-4307-b222-e092f9eb3933,Woolworths Supermarket,"Dairy, Eggs & Fridge",Dare Cold Pressed Iced Coffee Strong Latte 300ml,597289,$2.00,$6.67 / 1L,https://www.woolworths.com.au/shop/productdetails/597289/dare-cold-pressed-iced-coffee-strong-latte,https://cdn0.woolworths.media/content/wowproductimages/medium/597289.jpg,2020-09-21 17:27:05,,0,,True
31e4f4ff-a575-4c74-bc3d-9e30144c9825,Woolworths Supermarket,"Dairy, Eggs & Fridge",Pilpel Taramosalata Dip 180g,605216,$6.00,$3.33 / 100G,https://www.woolworths.com.au/shop/productdetails/605216/pilpel-taramosalata-dip,https://cdn0.woolworths.media/content/wowproductimages/medium/605216.jpg,2020-09-21 17:27:05,,0,,True
289c30ad-7790-4621-8f74-8ff4f8862b20,Woolworths Supermarket,"Dairy, Eggs & Fridge",Minor Figures Cold Brew Black 200ml,683495,$3.95,$19.75 / 1L,https://www.woolworths.com.au/shop/productdetails/683495/minor-figures-cold-brew-black,https://cdn0.woolworths.media/content/wowproductimages/medium/683495.jpg,2020-09-21 17:27:05,,0,,True
c775e8d8-2e49-4ed8-af0a-3ea3cda53d07,Woolworths Supermarket,"Dairy, Eggs & Fridge",Minor Figures Cold Brew Latte 200ml,683496,$3.95,$19.75 / 1L,https://www.woolworths.com.au/shop/productdetails/683496/minor-figures-cold-brew-latte,https://cdn0.woolworths.media/content/wowproductimages/medium/683496.jpg,2020-09-21 17:27:05,,0,,True
72a25f32-d8c2-4585-b45f-d06d01cb7be5,Woolworths Supermarket,"Dairy, Eggs & Fridge",Dari's Table Beetroot Hummus 200g,703714,$4.50,$2.25 / 100G,https://www.woolworths.com.au/shop/productdetails/703714/dari-s-table-beetroot-hummus,https://cdn0.woolworths.media/content/wowproductimages/medium/703714.jpg,2020-09-21 17:27:05,,0,,True
d09f3409-b639-4809-ab12-be8f57bbbae8,Woolworths Supermarket,"Dairy, Eggs & Fridge",Dari's Table Pinenut Hummus 200g,703752,$4.50,$2.25 / 100G,https://www.woolworths.com.au/shop/productdetails/703752/dari-s-table-pinenut-hummus,https://cdn0.woolworths.media/content/wowproductimages/medium/703752.jpg,2020-09-21 17:27:05,,0,,True
8ebff6e8-69b1-4649-8712-f767bde7e90b,Woolworths Supermarket,"Dairy, Eggs & Fridge",Pilpel Hummus 200g,722151,$5.00,$2.50 / 100G,https://www.woolworths.com.au/shop/productdetails/722151/pilpel-hummus,https://cdn0.woolworths.media/content/wowproductimages/medium/722151.jpg,2020-09-21 17:27:05,,0,,True
7b94b001-bec1-4fd7-9971-381557f339fb,Woolworths Supermarket,"Dairy, Eggs & Fridge",La Casa Burrata 150g,725680,$6.00,$40.00 / 1KG,https://www.woolworths.com.au/shop/productdetails/725680/la-casa-burrata,https://cdn0.woolworths.media/content/wowproductimages/medium/725680.jpg,2020-09-21 17:27:05,,0,,True
385c4015-89f1-4454-9ef0-247cff2d632a,Woolworths Supermarket,"Dairy, Eggs & Fridge",Le Rustique Camembert Fabrique En Normandie 250g,728407,$16.00,$64.00 / 1KG,https://www.woolworths.com.au/shop/productdetails/728407/le-rustique-camembert-fabrique-en-normandie,https://cdn0.woolworths.media/content/wowproductimages/medium/728407.jpg,2020-09-21 17:27:05,,0,,True
59865aab-3a67-4161-a40b-72d87e287bbd,Woolworths Supermarket,"Dairy, Eggs & Fridge",Dari's Table Harissa Soft Hummus 200g,747359,$4.50,$22.50 / 1KG,https://www.woolworths.com.au/shop/productdetails/747359/dari-s-table-harissa-soft-hummus,https://cdn0.woolworths.media/content/wowproductimages/medium/747359.jpg,2020-09-21 17:27:05,,0,,True
76fb5c07-0a46-4465-b8f4-28f988cd0d0c,Woolworths Supermarket,"Dairy, Eggs & Fridge",Dari's Table Olive Hummus 200g,747421,$4.50,$22.50 / 1KG,https://www.woolworths.com.au/shop/productdetails/747421/dari-s-table-olive-hummus,https://cdn0.woolworths.media/content/wowproductimages/medium/747421.jpg,2020-09-21 17:27:05,,0,,True
cf0c7f02-17cb-4ac3-b8f5-88e13308f3c1,Woolworths Supermarket,"Dairy, Eggs & Fridge",Babushka Natural Kefir 500g,779782,$4.70,$0.94 / 100G,https://www.woolworths.com.au/shop/productdetails/779782/babushka-natural-kefir,https://cdn0.woolworths.media/content/wowproductimages/medium/779782.jpg,2020-09-21 17:27:05,,0,,True
14b7daad-502e-4b03-b053-2c93d1d45478,Woolworths Supermarket,"Dairy, Eggs & Fridge",Coon Cheese Slices Tasty 750g,187899,$10.00,$13.33 / 1KG,https://www.woolworths.com.au/shop/productdetails/187899/coon-cheese-slices-tasty,https://cdn0.woolworths.media/content/wowproductimages/medium/187899.jpg,2020-09-21 17:27:05,,0,Was $12.00 07/07/2020,True
a5a42f09-fd5a-4eeb-a621-709003a6e886,Woolworths Supermarket,"Dairy, Eggs & Fridge",Woolworths Drought Relief Full Cream Milk 3l,807384,$3.59,$1.20 / 1L,https://www.woolworths.com.au/shop/productdetails/807384/woolworths-drought-relief-full-cream-milk,https://cdn0.woolworths.media/content/wowproductimages/medium/807384.jpg,2020-09-21 17:27:05,,0,,True
53649fac-3534-4940-a6b0-2e372763ae5c,Woolworths Supermarket,"Dairy, Eggs & Fridge",Flora Proactiv Margarine Buttery 750g,763453,$10.00,$1.33 / 100G,https://www.woolworths.com.au/shop/productdetails/763453/flora-proactiv-margarine-buttery,https://cdn0.woolworths.media/content/wowproductimages/medium/763453.jpg,2020-09-21 17:27:05,,0,,True
03353e6a-0c9c-4bd5-958f-4c6742929f16,Woolworths Supermarket,"Dairy, Eggs & Fridge",Woolworths Tasty Shredded Cheese 500g,729026,$6.00,$12.00 / 1KG,https://www.woolworths.com.au/shop/productdetails/729026/woolworths-tasty-shredded-cheese,https://cdn0.woolworths.media/content/wowproductimages/medium/729026.jpg,2020-09-21 17:27:05,Average product rating out of 5: 4.6. Product score is based on 500 ratings,500,,True
baa95321-3593-44bd-b525-b85930b6a22b,Woolworths Supermarket,"Dairy, Eggs & Fridge",Woolworths Uht Full Cream Milk 1l,748595,$1.25,$1.25 / 1L,https://www.woolworths.com.au/shop/productdetails/748595/woolworths-uht-full-cream-milk,https://cdn0.woolworths.media/content/wowproductimages/medium/748595.jpg,2020-09-21 17:27:05,Average product rating out of 5: 4.9. Product score is based on 36 ratings,36,,True
095b6fc2-9322-4c47-acbe-be083d3cb75d,Woolworths Supermarket,"Dairy, Eggs & Fridge",Western Star Original Spreadable 500g,069756,$6.00,$1.20 / 100G,https://www.woolworths.com.au/shop/productdetails/69756/western-star-original-spreadable,https://cdn0.woolworths.media/content/wowproductimages/medium/069756.jpg,2020-09-21 17:27:05,,0,,True
9bb6a3c1-43e6-4eac-8add-7f87a1cef79a,Woolworths Supermarket,"Dairy, Eggs & Fridge",Almond Breeze Unsweetened Almond Milk 1l,761604,$2.50,$2.50 / 1L,https://www.woolworths.com.au/shop/productdetails/761604/almond-breeze-unsweetened-almond-milk,https://cdn0.woolworths.media/content/wowproductimages/medium/761604.jpg,2020-09-21 17:27:05,,0,Was $3.25 13/03/2017,True
a2663879-8951-4c91-a540-f19bbc846d2e,Woolworths Supermarket,"Dairy, Eggs & Fridge",Woolworths Single Leaf Baby Spinach 280g,524336,$5.00,$17.86 / 1KG,https://www.woolworths.com.au/shop/productdetails/524336/woolworths-single-leaf-baby-spinach,https://cdn0.woolworths.media/content/wowproductimages/medium/524336.jpg,2020-09-21 17:27:05,Average product rating out of 5: 4.8. Product score is based on 532 ratings,532,,True
09ceb55a-5ab8-4dbe-83d4-938b0d9080c8,Woolworths Supermarket,"Dairy, Eggs & Fridge",Woolworths Thickened Cream 600ml,048720,$3.00,$0.50 / 100ML,https://www.woolworths.com.au/shop/productdetails/48720/woolworths-thickened-cream,https://cdn0.woolworths.media/content/wowproductimages/medium/048720.jpg,2020-09-21 17:27:05,Average product rating out of 5: 4.8. Product score is based on 740 ratings,740,,True
7bc34378-4297-4f89-9442-03753e53a501,Woolworths Supermarket,"Dairy, Eggs & Fridge",Woolworths Drought Relief Full Cream Milk 2l,807383,$2.39,$1.20 / 1L,https://www.woolworths.com.au/shop/productdetails/807383/woolworths-drought-relief-full-cream-milk,https://cdn0.woolworths.media/content/wowproductimages/medium/807383.jpg,2020-09-21 17:27:05,Average product rating out of 5: 4.7. Product score is based on 385 ratings,385,,True
84fdcc9a-a9bf-4434-a41e-f20c0c9ce5be,Woolworths Supermarket,"Dairy, Eggs & Fridge",Woolworths Drought Relief Lite Milk 2l,807385,$2.39,$1.20 / 1L,https://www.woolworths.com.au/shop/productdetails/807385/woolworths-drought-relief-lite-milk,https://cdn0.woolworths.media/content/wowproductimages/medium/807385.jpg,2020-09-21 17:27:05,,0,,True
0c378d3c-0f64-441f-81c1-062e0cee09c5,Woolworths Supermarket,"Dairy, Eggs & Fridge",Woolworths Drought Relief Lite Milk 3l,807386,$3.59,$1.20 / 1L,https://www.woolworths.com.au/shop/productdetails/807386/woolworths-drought-relief-lite-milk,https://cdn0.woolworths.media/content/wowproductimages/medium/807386.jpg,2020-09-21 17:27:05,,0,,True
6fe3b700-4ea6-4a93-b9d4-fd6260dec32a,Woolworths Supermarket,"Dairy, Eggs & Fridge",A2 Full Cream Milk 2l,208064,$5.30,$2.65 / 1L,https://www.woolworths.com.au/shop/productdetails/208064/a2-full-cream-milk,https://cdn0.woolworths.media/content/wowproductimages/medium/208064.jpg,2020-09-21 17:27:05,,0,,True
72619a39-a654-4e2f-aed4-f75c292dcb7b,Woolworths Supermarket,"Dairy, Eggs & Fridge",Hillview Tasty Shredded Cheese 700g,491820,$6.60,$9.43 / 1KG,https://www.woolworths.com.au/shop/productdetails/491820/hillview-tasty-shredded-cheese,https://cdn0.woolworths.media/content/wowproductimages/medium/491820.jpg,2020-09-21 17:27:05,Average product rating out of 5: 4.5. Product score is based on 48 ratings,48,,True
80f58726-a676-4bfc-9ccf-933dffa76ba8,Woolworths Supermarket,"Dairy, Eggs & Fridge",A2 Light Milk 2l,208066,$5.30,$2.65 / 1L,https://www.woolworths.com.au/shop/productdetails/208066/a2-light-milk,https://cdn0.woolworths.media/content/wowproductimages/medium/208066.jpg,2020-09-21 17:27:05,,0,,True
a70e68f5-96f0-4109-8742-2c7fd0682188,Woolworths Supermarket,"Dairy, Eggs & Fridge",Woolworths Mozzarella Shredded Cheese 500g,728983,$6.00,$12.00 / 1KG,https://www.woolworths.com.au/shop/productdetails/728983/woolworths-mozzarella-shredded-cheese,https://cdn0.woolworths.media/content/wowproductimages/medium/728983.jpg,2020-09-21 17:27:05,Average product rating out of 5: 4.5. Product score is based on 469 ratings,469,,True
bc1b61f5-7500-493d-8bee-c52756ce8bf0,Woolworths Supermarket,"Dairy, Eggs & Fridge",Hillview Cheese Block 1kg,500187,$8.00,$8.00 / 1KG,https://www.woolworths.com.au/shop/productdetails/500187/hillview-cheese-block,https://cdn0.woolworths.media/content/wowproductimages/medium/500187.jpg,2020-09-21 17:27:05,Average product rating out of 5: 4.5. Product score is based on 66 ratings,66,,True
dac1aab7-d8b0-4503-a44c-b3a935c881f9,Woolworths Supermarket,"Dairy, Eggs & Fridge",Just 4 You 12 Extra Large Caged Eggs 700g,893974,$3.50,$0.50 / 100G,https://www.woolworths.com.au/shop/productdetails/893974/just-4-you-12-extra-large-caged-eggs,https://cdn0.woolworths.media/content/wowproductimages/medium/893974.jpg,2020-09-21 17:27:05,,0,,True
c51e1efc-7b92-4747-9be9-403b989ff397,Woolworths Supermarket,"Dairy, Eggs & Fridge",Woolworths Baby Spinach Salad Bag 60g,379515,$2.00,$33.33 / 1KG,https://www.woolworths.com.au/shop/productdetails/379515/woolworths-baby-spinach-salad-bag,https://cdn0.woolworths.media/content/wowproductimages/medium/379515.jpg,2020-09-21 17:27:05,Average product rating out of 5: 4.7. Product score is based on 725 ratings,725,,True
ecdeaf74-1650-47bb-899a-43d092331e49,Woolworths Supermarket,"Dairy, Eggs & Fridge",Woolworths Baby Leaf Spinach 120g,524322,$3.00,$25.00 / 1KG,https://www.woolworths.com.au/shop/productdetails/524322/woolworths-baby-leaf-spinach,https://cdn0.woolworths.media/content/wowproductimages/medium/524322.jpg,2020-09-21 17:27:05,Average product rating out of 5: 4.7. Product score is based on 2842 ratings,2842,,True
de7c99b2-e56e-4cd1-b0f5-45fbf2920464,Woolworths Supermarket,"Dairy, Eggs & Fridge",Woolworths Monterey Jack Jalapeno Cheese Jalapeno per kg,790594,$39.00,$39.00 / 1KG,https://www.woolworths.com.au/shop/productdetails/790594/woolworths-monterey-jack-jalapeno-cheese-jalapeno,https://cdn0.woolworths.media/content/wowproductimages/medium/790594.jpg,2020-09-21 17:27:05,,0,,True
003fe34a-4431-4927-95a0-39bb063e1c87,Woolworths Supermarket,"Dairy, Eggs & Fridge",Inside Out Almond Milk Cold Brew Coffee 350ml,855813,$3.50,$10.00 / 1L,https://www.woolworths.com.au/shop/productdetails/855813/inside-out-almond-milk-cold-brew-coffee,https://cdn0.woolworths.media/content/wowproductimages/medium/855813.jpg,2020-09-21 17:27:05,,0,,True
2271b972-81f7-4dde-a0d4-2fc332fa4e0e,Woolworths Supermarket,"Dairy, Eggs & Fridge",Inside Out Almond Milk Organic Cacao 350ml,855832,$3.50,$10.00 / 1L,https://www.woolworths.com.au/shop/productdetails/855832/inside-out-almond-milk-organic-cacao,https://cdn0.woolworths.media/content/wowproductimages/medium/855832.jpg,2020-09-21 17:27:05,,0,,True
d163a6a7-220b-4f9b-8db6-0cb93f3b2e0c,Woolworths Supermarket,"Dairy, Eggs & Fridge",Auricchio Pecorino Romano per kg,968359,$35.00,$35.00 / 1KG,https://www.woolworths.com.au/shop/productdetails/968359/auricchio-pecorino-romano,https://cdn0.woolworths.media/content/wowproductimages/medium/968359.jpg,2020-09-21 17:27:05,,0,,True
2950c2ed-3d4a-4184-9e7c-cce356526bd8,Woolworths Supermarket,"Dairy, Eggs & Fridge",Woolworths Good To Go Roast Cauliflower & Almond Nourish Bowl 305g,032256,$10.00,$3.28 / 100G,https://www.woolworths.com.au/shop/productdetails/32256/woolworths-good-to-go-roast-cauliflower-almond-nourish-bowl,https://cdn0.woolworths.media/content/wowproductimages/medium/032256.jpg,2020-09-21 17:27:05,Average product rating out of 5: 3.9. Product score is based on 124 ratings,124,,True
6cdbc9d6-3fc2-4938-ab18-38575d4cc3c4,Woolworths Supermarket,"Dairy, Eggs & Fridge",Inside Out Protein Chocolate Almond Milk 350ml,063539,$3.75,$10.71 / 1L,https://www.woolworths.com.au/shop/productdetails/63539/inside-out-protein-chocolate-almond-milk,https://cdn0.woolworths.media/content/wowproductimages/medium/063539.jpg,2020-09-21 17:27:05,,0,,True
9eebc5da-648f-40b9-a9a9-8b8f0512b617,Woolworths Supermarket,"Dairy, Eggs & Fridge",Inside Out Protein Strawberry Almond Milk 350ml,063540,$3.75,$10.71 / 1L,https://www.woolworths.com.au/shop/productdetails/63540/inside-out-protein-strawberry-almond-milk,https://cdn0.woolworths.media/content/wowproductimages/medium/063540.jpg,2020-09-21 17:27:05,,0,,True
ba03bc5d-6d57-4b66-b9ab-b8efef934fc0,Woolworths Supermarket,"Dairy, Eggs & Fridge",Ecoeggs 10 Large Free Range Eggs 550g,183750,$6.95,$1.26 / 100G,https://www.woolworths.com.au/shop/productdetails/183750/ecoeggs-10-large-free-range-eggs,https://cdn0.woolworths.media/content/wowproductimages/medium/183750.jpg,2020-09-21 17:27:05,,0,,True
360feec3-55ec-4252-b233-83fc04c1ad82,Woolworths Supermarket,"Dairy, Eggs & Fridge",Biopak Disposable Cutlery Set each,339960,$0.55,,https://www.woolworths.com.au/shop/productdetails/339960/biopak-disposable-cutlery-set,https://cdn0.woolworths.media/content/wowproductimages/medium/339960.jpg,2020-09-21 17:27:05,,0,,True
65a12e57-0873-4a07-a8bf-456e0732dbb4,Woolworths Supermarket,"Dairy, Eggs & Fridge",I Pastai Tortellone Wagyu Beef 300g,629482,$7.00,$2.33 / 100G,https://www.woolworths.com.au/shop/productdetails/629482/i-pastai-tortellone-wagyu-beef,https://cdn0.woolworths.media/content/wowproductimages/medium/629482.jpg,2020-09-21 17:27:05,,0,,True
ae8a757d-af0e-4250-8a02-c818a68f997a,Woolworths Supermarket,"Dairy, Eggs & Fridge",Woolworths Good To Go Thai Beef Salad 320g,692119,$10.00,$3.13 / 100G,https://www.woolworths.com.au/shop/productdetails/692119/woolworths-good-to-go-thai-beef-salad,https://cdn0.woolworths.media/content/wowproductimages/medium/692119.jpg,2020-09-21 17:27:05,,0,,True
3552add0-7dfb-4faa-99aa-543924c764a5,Woolworths Supermarket,"Dairy, Eggs & Fridge",Brancourts Cottage Cheese Lactose Free 250g,757133,$5.00,$20.00 / 1KG,https://www.woolworths.com.au/shop/productdetails/757133/brancourts-cottage-cheese-lactose-free,https://cdn0.woolworths.media/content/wowproductimages/medium/757133.jpg,2020-09-21 17:27:05,,0,,True
214ac7b6-a5ee-496a-9a40-3c6757be7233,Woolworths Supermarket,"Dairy, Eggs & Fridge",La Casa Formaggio Mascarpone 250g,765116,$5.00,$20.00 / 1KG,https://www.woolworths.com.au/shop/productdetails/765116/la-casa-formaggio-mascarpone,https://cdn0.woolworths.media/content/wowproductimages/medium/765116.jpg,2020-09-21 17:27:05,,0,,True
518b434d-f840-43c5-a0c3-c85476a2e69f,Woolworths Supermarket,"Dairy, Eggs & Fridge",St Angel Triple Cream Cheese per kg,776572,$64.00,$64.00 / 1KG,https://www.woolworths.com.au/shop/productdetails/776572/st-angel-triple-cream-cheese,https://cdn0.woolworths.media/content/wowproductimages/medium/776572.jpg,2020-09-21 17:27:05,,0,,True
2341c06c-64c1-4aec-a658-91d19c934284,Woolworths Supermarket,"Dairy, Eggs & Fridge",I Pastai Vegan Green Pea Casarecce 250g,810686,$5.65,$2.26 / 100G,https://www.woolworths.com.au/shop/productdetails/810686/i-pastai-vegan-green-pea-casarecce,https://cdn0.woolworths.media/content/wowproductimages/medium/810686.jpg,2020-09-21 17:27:05,,0,,True
f35d1ac2-5a01-40d1-b415-2debe19009e3,Woolworths Supermarket,"Dairy, Eggs & Fridge",Rana Four Cheese Ravioli Fresh Pasta 325g,810765,$7.00,$2.15 / 100G,https://www.woolworths.com.au/shop/productdetails/810765/rana-four-cheese-ravioli-fresh-pasta,https://cdn0.woolworths.media/content/wowproductimages/medium/810765.jpg,2020-09-21 17:27:05,,0,,True
ea5eebea-ea2c-4025-a582-c0a608bff2c3,Woolworths Supermarket,"Dairy, Eggs & Fridge",I Pastai Vegan Chick Pea Casarecce 250g,810785,$5.65,$2.26 / 100G,https://www.woolworths.com.au/shop/productdetails/810785/i-pastai-vegan-chick-pea-casarecce,https://cdn0.woolworths.media/content/wowproductimages/medium/810785.jpg,2020-09-21 17:27:05,,0,,True
628aa6ee-88c4-40e5-970a-4419fca62af0,Woolworths Supermarket,"Dairy, Eggs & Fridge",Coyo Organic Coconut Yoghurt Natural 500g,896940,$10.00,$2.00 / 100G,https://www.woolworths.com.au/shop/productdetails/896940/coyo-organic-coconut-yoghurt-natural,https://cdn0.woolworths.media/content/wowproductimages/medium/896940.jpg,2020-09-21 17:27:05,,0,Was $11.00 30/04/2017,True
a04759e6-d634-4638-a01d-a05424f1b2e9,Woolworths Supermarket,"Dairy, Eggs & Fridge",Raw C Coconut Milk Coffee 325ml,011032,$2.00,$6.15 / 1L,https://www.woolworths.com.au/shop/productdetails/11032/raw-c-coconut-milk-coffee,https://cdn0.woolworths.media/content/wowproductimages/medium/011032.jpg,2020-09-21 17:27:05,,0,,True
c8c6d14b-2152-43df-b5ed-b0e9321cb1bf,Woolworths Supermarket,"Dairy, Eggs & Fridge",Plantein Plant Based Garlic Kievs 300g,118212,$7.50,$25.00 / 1KG,https://www.woolworths.com.au/shop/productdetails/118212/plantein-plant-based-garlic-kievs,https://cdn0.woolworths.media/content/wowproductimages/medium/118212.jpg,2020-09-21 17:27:05,,0,,True
131cf252-a57c-4c19-8ab0-8e294a207cf5,Woolworths Supermarket,"Dairy, Eggs & Fridge",Devondale 100% Pure Full Cream Long Life Milk 150ml,310679,$0.85,$5.67 / 1L,https://www.woolworths.com.au/shop/productdetails/310679/devondale-100-pure-full-cream-long-life-milk,https://cdn0.woolworths.media/content/wowproductimages/medium/310679.jpg,2020-09-21 17:27:05,,0,,True
4b839e67-808f-4086-acf8-321ebdf95d07,Woolworths Supermarket,"Dairy, Eggs & Fridge",Chia Pod Smooth Banana Pouch 120g,803973,$1.00,$0.83 / 100G,https://www.woolworths.com.au/shop/productdetails/803973/chia-pod-smooth-banana-pouch,https://cdn0.woolworths.media/content/wowproductimages/medium/803973.jpg,2020-09-21 17:27:05,,0,,True
6d60779e-c84d-481c-9119-5a75140f2f09,Woolworths Supermarket,"Dairy, Eggs & Fridge",Meredith Dairy Natural Sheep Yoghurt 500g,379920,$7.50,$1.50 / 100G,https://www.woolworths.com.au/shop/productdetails/379920/meredith-dairy-natural-sheep-yoghurt,https://cdn0.woolworths.media/content/wowproductimages/medium/379920.jpg,2020-09-21 17:27:05,,0,,True
140a7e1f-4dac-461d-9f1d-505a5c99c4d1,Woolworths Supermarket,"Dairy, Eggs & Fridge",Barbers Cheddar 1kg,509413,$45.00,$45.00 / 1KG,https://www.woolworths.com.au/shop/productdetails/509413/barbers-cheddar,https://cdn0.woolworths.media/content/wowproductimages/medium/509413.jpg,2020-09-21 17:27:05,,0,,True
de508b92-5c5a-4cd7-b66f-34131ab90634,Woolworths Supermarket,"Dairy, Eggs & Fridge",Coon Cheese Slices Tasty 750g,187899,$10.00,$13.33 / 1KG,https://www.woolworths.com.au/shop/productdetails/187899/coon-cheese-slices-tasty,https://cdn0.woolworths.media/content/wowproductimages/medium/187899.jpg,2020-09-21 17:27:05,,0,Was $12.00 07/07/2020,True
1f7b1280-1248-40e7-8ce4-57c40c5625f4,Woolworths Supermarket,"Dairy, Eggs & Fridge",Woolworths Drought Relief Full Cream Milk 2l,807383,$2.39,$1.20 / 1L,https://www.woolworths.com.au/shop/productdetails/807383/woolworths-drought-relief-full-cream-milk,https://cdn0.woolworths.media/content/wowproductimages/medium/807383.jpg,2020-09-21 17:27:05,Average product rating out of 5: 4.7. Product score is based on 385 ratings,385,,True
2d53b62e-988d-473a-9fb3-b7713f13602d,Woolworths Supermarket,"Dairy, Eggs & Fridge",Flora Proactiv Margarine Buttery 750g,763453,$10.00,$1.33 / 100G,https://www.woolworths.com.au/shop/productdetails/763453/flora-proactiv-margarine-buttery,https://cdn0.woolworths.media/content/wowproductimages/medium/763453.jpg,2020-09-21 17:27:05,,0,,True
c26fb29c-144f-44ff-bbcc-b9cec2e48cf4,Woolworths Supermarket,"Dairy, Eggs & Fridge",Western Star Original Spreadable 500g,069756,$6.00,$1.20 / 100G,https://www.woolworths.com.au/shop/productdetails/69756/western-star-original-spreadable,https://cdn0.woolworths.media/content/wowproductimages/medium/069756.jpg,2020-09-21 17:27:05,,0,,True
8e46f776-8692-4672-b709-14d650e52cd3,Woolworths Supermarket,"Dairy, Eggs & Fridge",Just 4 You 12 Extra Large Caged Eggs 700g,893974,$3.50,$0.50 / 100G,https://www.woolworths.com.au/shop/productdetails/893974/just-4-you-12-extra-large-caged-eggs,https://cdn0.woolworths.media/content/wowproductimages/medium/893974.jpg,2020-09-21 17:27:05,,0,,True
34a12a8d-7b45-4334-8a9a-42ad7ab54956,Woolworths Supermarket,"Dairy, Eggs & Fridge",Woolworths Tasty Shredded Cheese 500g,729026,$6.00,$12.00 / 1KG,https://www.woolworths.com.au/shop/productdetails/729026/woolworths-tasty-shredded-cheese,https://cdn0.woolworths.media/content/wowproductimages/medium/729026.jpg,2020-09-21 17:27:05,Average product rating out of 5: 4.6. Product score is based on 500 ratings,500,,True
48bfbc55-5dc2-40d0-bc1a-83144c308e15,Woolworths Supermarket,"Dairy, Eggs & Fridge",Almond Breeze Unsweetened Almond Milk 1l,761604,$2.50,$2.50 / 1L,https://www.woolworths.com.au/shop/productdetails/761604/almond-breeze-unsweetened-almond-milk,https://cdn0.woolworths.media/content/wowproductimages/medium/761604.jpg,2020-09-21 17:27:05,,0,Was $3.25 13/03/2017,True
dc0d4606-c651-4692-a4c4-133eeb809964,Woolworths Supermarket,"Dairy, Eggs & Fridge",Woolworths Drought Relief Lite Milk 3l,807386,$3.59,$1.20 / 1L,https://www.woolworths.com.au/shop/productdetails/807386/woolworths-drought-relief-lite-milk,https://cdn0.woolworths.media/content/wowproductimages/medium/807386.jpg,2020-09-21 17:27:05,,0,,True
7202da7d-f69d-409f-862d-02c94ab26e42,Woolworths Supermarket,"Dairy, Eggs & Fridge",Woolworths Mozzarella Shredded Cheese 500g,728983,$6.00,$12.00 / 1KG,https://www.woolworths.com.au/shop/productdetails/728983/woolworths-mozzarella-shredded-cheese,https://cdn0.woolworths.media/content/wowproductimages/medium/728983.jpg,2020-09-21 17:27:05,Average product rating out of 5: 4.5. Product score is based on 469 ratings,469,,True
71071f96-2b86-4658-b6a5-3fe18d9b4c5f,Woolworths Supermarket,"Dairy, Eggs & Fridge",Woolworths Drought Relief Lite Milk 2l,807385,$2.39,$1.20 / 1L,https://www.woolworths.com.au/shop/productdetails/807385/woolworths-drought-relief-lite-milk,https://cdn0.woolworths.media/content/wowproductimages/medium/807385.jpg,2020-09-21 17:27:05,,0,,True
6f036b44-2892-41b6-b443-a4db7df73b48,Woolworths Supermarket,"Dairy, Eggs & Fridge",Hillview Cheese Block 1kg,500187,$8.00,$8.00 / 1KG,https://www.woolworths.com.au/shop/productdetails/500187/hillview-cheese-block,https://cdn0.woolworths.media/content/wowproductimages/medium/500187.jpg,2020-09-21 17:27:05,Average product rating out of 5: 4.5. Product score is based on 66 ratings,66,,True
59799a86-6248-40c9-aab6-c89c093ba44d,Woolworths Supermarket,"Dairy, Eggs & Fridge",Woolworths Drought Relief Full Cream Milk 3l,807384,$3.59,$1.20 / 1L,https://www.woolworths.com.au/shop/productdetails/807384/woolworths-drought-relief-full-cream-milk,https://cdn0.woolworths.media/content/wowproductimages/medium/807384.jpg,2020-09-21 17:27:05,,0,,True
bea42003-fa4a-43fc-bb52-9b31d895ac7a,Woolworths Supermarket,"Dairy, Eggs & Fridge",Woolworths Uht Full Cream Milk 1l,748595,$1.25,$1.25 / 1L,https://www.woolworths.com.au/shop/productdetails/748595/woolworths-uht-full-cream-milk,https://cdn0.woolworths.media/content/wowproductimages/medium/748595.jpg,2020-09-21 17:27:05,Average product rating out of 5: 4.9. Product score is based on 36 ratings,36,,True
50f04940-9b6f-4152-8d93-90b0fe9fa8b1,Woolworths Supermarket,"Dairy, Eggs & Fridge",Woolworths Baby Leaf Spinach 120g,524322,$3.00,$25.00 / 1KG,https://www.woolworths.com.au/shop/productdetails/524322/woolworths-baby-leaf-spinach,https://cdn0.woolworths.media/content/wowproductimages/medium/524322.jpg,2020-09-21 17:27:05,Average product rating out of 5: 4.7. Product score is based on 2842 ratings,2842,,True
a7812fa7-d526-4c8d-b8ba-804543e87d93,Woolworths Supermarket,"Dairy, Eggs & Fridge",Woolworths Thickened Cream 600ml,048720,$3.00,$0.50 / 100ML,https://www.woolworths.com.au/shop/productdetails/48720/woolworths-thickened-cream,https://cdn0.woolworths.media/content/wowproductimages/medium/048720.jpg,2020-09-21 17:27:05,Average product rating out of 5: 4.8. Product score is based on 740 ratings,740,,True
8ed3d10c-5a2e-4a71-85a4-06eddd9873e6,Woolworths Supermarket,"Dairy, Eggs & Fridge",Woolworths Single Leaf Baby Spinach 280g,524336,$5.00,$17.86 / 1KG,https://www.woolworths.com.au/shop/productdetails/524336/woolworths-single-leaf-baby-spinach,https://cdn0.woolworths.media/content/wowproductimages/medium/524336.jpg,2020-09-21 17:27:05,Average product rating out of 5: 4.8. Product score is based on 532 ratings,532,,True
5731359d-c240-457a-a5a5-1324346508e0,Woolworths Supermarket,"Dairy, Eggs & Fridge",A2 Full Cream Milk 2l,208064,$5.30,$2.65 / 1L,https://www.woolworths.com.au/shop/productdetails/208064/a2-full-cream-milk,https://cdn0.woolworths.media/content/wowproductimages/medium/208064.jpg,2020-09-21 17:27:05,,0,,True
536a1581-994c-4a56-92d9-e887165e3e6e,Woolworths Supermarket,"Dairy, Eggs & Fridge",Hillview Tasty Shredded Cheese 700g,491820,$6.60,$9.43 / 1KG,https://www.woolworths.com.au/shop/productdetails/491820/hillview-tasty-shredded-cheese,https://cdn0.woolworths.media/content/wowproductimages/medium/491820.jpg,2020-09-21 17:27:05,Average product rating out of 5: 4.5. Product score is based on 48 ratings,48,,True
13fff53a-725e-402c-b250-eb3f6ca41349,Woolworths Supermarket,"Dairy, Eggs & Fridge",Woolworths Baby Spinach Salad Bag 60g,379515,$2.00,$33.33 / 1KG,https://www.woolworths.com.au/shop/productdetails/379515/woolworths-baby-spinach-salad-bag,https://cdn0.woolworths.media/content/wowproductimages/medium/379515.jpg,2020-09-21 17:27:05,Average product rating out of 5: 4.7. Product score is based on 725 ratings,725,,True
9e27aac6-eb7b-4beb-8c62-b836f59a1044,Woolworths Supermarket,"Dairy, Eggs & Fridge",A2 Light Milk 2l,208066,$5.30,$2.65 / 1L,https://www.woolworths.com.au/shop/productdetails/208066/a2-light-milk,https://cdn0.woolworths.media/content/wowproductimages/medium/208066.jpg,2020-09-21 17:27:05,,0,,True
2f0e51a9-601d-411b-8f20-63f1c06e04de,Woolworths Supermarket,"Dairy, Eggs & Fridge",Macro Certified Organic Yoghurt Natural 1kg,571482,$5.20,$0.52 / 100G,https://www.woolworths.com.au/shop/productdetails/571482/macro-certified-organic-yoghurt-natural,https://cdn0.woolworths.media/content/wowproductimages/medium/571482.jpg,2020-09-21 17:27:05,Average product rating out of 5: 4.0. Product score is based on 227 ratings,227,Was $6.00 01/10/2018,True
cd047ddb-a257-45ae-b595-ef3c8216af49,Woolworths Supermarket,"Dairy, Eggs & Fridge",I Pastai Gnocchi Di Patate 500g,629439,$7.00,$1.40 / 100G,https://www.woolworths.com.au/shop/productdetails/629439/i-pastai-gnocchi-di-patate,https://cdn0.woolworths.media/content/wowproductimages/medium/629439.jpg,2020-09-21 17:27:05,,0,,True
ae4eb0b0-ceac-4471-b4c4-17fae0a1cb71,Woolworths Supermarket,"Dairy, Eggs & Fridge",Dairyworks Jalapeno Cheese Slices 200g,681729,$4.00,$20.00 / 1KG,https://www.woolworths.com.au/shop/productdetails/681729/dairyworks-jalapeno-cheese-slices,https://cdn0.woolworths.media/content/wowproductimages/medium/681729.jpg,2020-09-21 17:27:05,,0,,True
1c9082fe-4c1a-4030-bb81-742ef13bd92b,Woolworths Supermarket,"Dairy, Eggs & Fridge",Woolworths Port Salut Cheese per kg,788998,$50.00,$50.00 / 1KG,https://www.woolworths.com.au/shop/productdetails/788998/woolworths-port-salut-cheese,https://cdn0.woolworths.media/content/wowproductimages/medium/788998.jpg,2020-09-21 17:27:05,,0,,True
8f273061-89dd-498b-9458-3c9724d0340a,Woolworths Supermarket,"Dairy, Eggs & Fridge",Raw C Coconut Milk Vanilla Bean & Sea Salt 325ml,011054,$2.00,$6.15 / 1L,https://www.woolworths.com.au/shop/productdetails/11054/raw-c-coconut-milk-vanilla-bean-sea-salt,https://cdn0.woolworths.media/content/wowproductimages/medium/011054.jpg,2020-09-21 17:27:05,,0,,True
87546bc1-820c-4353-b2f0-dccd70b94e31,Woolworths Supermarket,"Dairy, Eggs & Fridge",Yoplait Forme Zero Tropical Paradise Yoghurts 6 pack,060158,$5.00,$0.52 / 100G,https://www.woolworths.com.au/shop/productdetails/60158/yoplait-forme-zero-tropical-paradise-yoghurts,https://cdn0.woolworths.media/content/wowproductimages/medium/060158.jpg,2020-09-21 17:27:05,,0,,True
e423e28d-4c53-4150-921c-3397ef8efc20,Woolworths Supermarket,"Dairy, Eggs & Fridge",Farmers Union Greek Yoghurt Pouch Blueberry 130g,062774,$1.50,$1.15 / 100G,https://www.woolworths.com.au/shop/productdetails/62774/farmers-union-greek-yoghurt-pouch-blueberry,https://cdn0.woolworths.media/content/wowproductimages/medium/062774.jpg,2020-09-21 17:27:05,,0,,True
42a128c4-d636-4818-8117-8f37ca90d4aa,Woolworths Supermarket,"Dairy, Eggs & Fridge",Frico Maasdam Swiss Style Cheese 330g,065697,$5.00,$15.15 / 1KG,https://www.woolworths.com.au/shop/productdetails/65697/frico-maasdam-swiss-style-cheese,https://cdn0.woolworths.media/content/wowproductimages/medium/065697.jpg,2020-09-21 17:27:05,,0,,True
b6c778d2-e4bb-42fa-8d27-010611b38998,Woolworths Supermarket,"Dairy, Eggs & Fridge",Devondale Skim Long Life Milk 6x200ml,084244,$4.00,$3.33 / 1L,https://www.woolworths.com.au/shop/productdetails/84244/devondale-skim-long-life-milk,https://cdn0.woolworths.media/content/wowproductimages/medium/084244.jpg,2020-09-21 17:27:05,,0,,True
c770335d-a80a-4c44-9416-209b29ce55c6,Woolworths Supermarket,"Dairy, Eggs & Fridge",Devondale 100% Pure Full Cream Long Life Milk 6x200ml,090032,$4.00,$3.33 / 1L,https://www.woolworths.com.au/shop/productdetails/90032/devondale-100-pure-full-cream-long-life-milk,https://cdn0.woolworths.media/content/wowproductimages/medium/090032.jpg,2020-09-21 17:27:05,,0,,True
1f25be15-8077-4855-9b08-c6cfb992d613,Woolworths Supermarket,"Dairy, Eggs & Fridge",Caprilac Goats Milk 1l,377363,$4.50,$4.50 / 1L,https://www.woolworths.com.au/shop/productdetails/377363/caprilac-goats-milk,https://cdn0.woolworths.media/content/wowproductimages/medium/377363.jpg,2020-09-21 17:27:05,,0,,True
93afbe2a-bb51-4010-b440-0dd9cc1224bb,Woolworths Supermarket,"Dairy, Eggs & Fridge",Chobani Fit Mango Greek Yoghurt 170g,689538,$1.12,$0.66 / 100G,https://www.woolworths.com.au/shop/productdetails/689538/chobani-fit-mango-greek-yoghurt,https://cdn0.woolworths.media/content/wowproductimages/medium/689538.jpg,2020-09-21 17:27:05,,0,,True
0a0802f4-014d-4e72-96c9-1f78c32d37d0,Woolworths Supermarket,"Dairy, Eggs & Fridge",Mamma Lucia Reduced Fat Ricotta Cheese min. 1.3kg,725073,$11.67,$8.98 / 1KG,https://www.woolworths.com.au/shop/productdetails/725073/mamma-lucia-reduced-fat-ricotta-cheese,https://cdn0.woolworths.media/content/wowproductimages/medium/725073.jpg,2020-09-21 17:27:05,,0,,True
9b9f9e94-076c-4068-9100-28744d479f3e,Woolworths Supermarket,"Dairy, Eggs & Fridge",Farm Pride 12 Cage Eggs 700g,840851,$3.70,$0.53 / 100G,https://www.woolworths.com.au/shop/productdetails/840851/farm-pride-12-cage-eggs,https://cdn0.woolworths.media/content/wowproductimages/medium/840851.jpg,2020-09-21 17:27:05,,0,,True
0b5dff9d-6816-48c1-99e6-ff1ce0934ccd,Woolworths Supermarket,"Dairy, Eggs & Fridge",Woolworths Full Cream Milk 1l,888113,$1.29,$1.29 / 1L,https://www.woolworths.com.au/shop/productdetails/888113/woolworths-full-cream-milk,https://cdn0.woolworths.media/content/wowproductimages/medium/888113.jpg,2020-09-21 17:27:05,,0,,True
48031588-2cef-4b8e-8ca9-e2bc1061f7b4,Woolworths Supermarket,"Dairy, Eggs & Fridge",Woolworths Lite Milk 1l,888114,$1.29,$1.29 / 1L,https://www.woolworths.com.au/shop/productdetails/888114/woolworths-lite-milk,https://cdn0.woolworths.media/content/wowproductimages/medium/888114.jpg,2020-09-21 17:27:05,,0,,True
8559b4d3-5190-4dc6-9604-ba6408adacf7,Woolworths Supermarket,"Dairy, Eggs & Fridge",Woolworths Skim Milk 1l,888136,$1.29,$1.29 / 1L,https://www.woolworths.com.au/shop/productdetails/888136/woolworths-skim-milk,https://cdn0.woolworths.media/content/wowproductimages/medium/888136.jpg,2020-09-21 17:27:05,,0,,True
44e71142-2e13-4762-9990-a0dcae858746,Woolworths Supermarket,"Dairy, Eggs & Fridge",Procal Authentic Greek Yoghurt Authentic 900g,933632,$6.40,$0.71 / 100G,https://www.woolworths.com.au/shop/productdetails/933632/procal-authentic-greek-yoghurt-authentic,https://cdn0.woolworths.media/content/wowproductimages/medium/933632.jpg,2020-09-21 17:27:05,,0,,True
f7ccccc3-14bb-4718-9346-75954d03cb40,Woolworths Supermarket,"Dairy, Eggs & Fridge",Woolworths Greek Salad Kit 500g,025920,,,https://www.woolworths.com.au/shop/productdetails/25920/woolworths-greek-salad-kit,https://cdn0.woolworths.media/content/wowproductimages/medium/025920.jpg,2020-09-21 17:27:05,Average product rating out of 5: 3.5. Product score is based on 544 ratings,544,,False
71f60eab-738c-44e7-9414-2d4a9cea27e3,Woolworths Supermarket,"Dairy, Eggs & Fridge",Rouzaire Fromage De Meaux per kg,330304,$93.00,$31.00 / 1KG,https://www.woolworths.com.au/shop/productdetails/330304/rouzaire-fromage-de-meaux,https://cdn0.woolworths.media/content/wowproductimages/medium/330304.jpg,2020-09-21 17:27:05,,0,,True
5ace93ff-3eb3-4eaa-a7a3-5167b200ddf0,Woolworths Supermarket,"Dairy, Eggs & Fridge",Shaw River Smoked Buffalino Cheese 150g,352595,$10.60,$70.67 / 1KG,https://www.woolworths.com.au/shop/productdetails/352595/shaw-river-smoked-buffalino-cheese,https://cdn0.woolworths.media/content/wowproductimages/medium/352595.jpg,2020-09-21 17:27:05,,0,,True
775bcde0-8747-4934-90c9-c65132b0f011,Woolworths Supermarket,"Dairy, Eggs & Fridge",Will Studd Aphrodite Halloumi min. 250g,728345,$10.38,$41.50 / 1KG,https://www.woolworths.com.au/shop/productdetails/728345/will-studd-aphrodite-halloumi,https://cdn0.woolworths.media/content/wowproductimages/medium/728345.jpg,2020-09-21 17:27:05,,0,,True
b540fcd8-f24e-439c-9a2a-356d3e9c616c,Woolworths Supermarket,"Dairy, Eggs & Fridge",Aphrodite Aged Fetta Portion 170g,788659,$12.40,$72.94 / 1KG,https://www.woolworths.com.au/shop/productdetails/788659/aphrodite-aged-fetta-portion,https://cdn0.woolworths.media/content/wowproductimages/medium/788659.jpg,2020-09-21 17:27:05,,0,,True
f5fb61a6-d067-4776-b74c-cc022bb94aaf,Woolworths Supermarket,"Dairy, Eggs & Fridge",Cropwell Bishop Blue Stilton Cheese per kg,369844,$79.00,$79.00 / 1KG,https://www.woolworths.com.au/shop/productdetails/369844/cropwell-bishop-blue-stilton-cheese,https://cdn0.woolworths.media/content/wowproductimages/medium/369844.jpg,2020-09-21 17:27:05,,0,,True
39af4e17-562d-4836-917c-502e45786ad1,Woolworths Supermarket,"Dairy, Eggs & Fridge",Perfect Italiano Shaved Parmesan 125g,360904,$3.25,$26.00 / 1KG,https://www.woolworths.com.au/shop/productdetails/360904/perfect-italiano-shaved-parmesan,https://cdn0.woolworths.media/content/wowproductimages/medium/360904.jpg,2020-09-21 17:27:05,,0,,True
7491389e-2661-45d6-a1b3-120ff858bd22,Woolworths Supermarket,"Dairy, Eggs & Fridge",Perfect Italiano Extra Sharp Grated Parmesan 125g,302306,$3.25,$26.00 / 1KG,https://www.woolworths.com.au/shop/productdetails/302306/perfect-italiano-extra-sharp-grated-parmesan,https://cdn0.woolworths.media/content/wowproductimages/medium/302306.jpg,2020-09-21 17:27:05,,0,,True
806cdf2c-a80e-4bb5-af21-c9d0fa011510,Woolworths Supermarket,"Dairy, Eggs & Fridge",Almond Breeze Unsweetened Almond Milk 1l,761604,$2.50,$2.50 / 1L,https://www.woolworths.com.au/shop/productdetails/761604/almond-breeze-unsweetened-almond-milk,https://cdn0.woolworths.media/content/wowproductimages/medium/761604.jpg,2020-09-21 17:27:05,,0,Was $3.25 13/03/2017,True
881ca9d2-0969-47da-ac6e-fe9e377f17ef,Woolworths Supermarket,"Dairy, Eggs & Fridge",Woolworths Thickened Cream 600ml,048720,$3.00,$0.50 / 100ML,https://www.woolworths.com.au/shop/productdetails/48720/woolworths-thickened-cream,https://cdn0.woolworths.media/content/wowproductimages/medium/048720.jpg,2020-09-21 17:27:05,Average product rating out of 5: 4.8. Product score is based on 740 ratings,740,,True
74efd19e-5919-462f-82e3-fd81f2a71c9b,Woolworths Supermarket,"Dairy, Eggs & Fridge",Woolworths Mozzarella Shredded Cheese 500g,728983,$6.00,$12.00 / 1KG,https://www.woolworths.com.au/shop/productdetails/728983/woolworths-mozzarella-shredded-cheese,https://cdn0.woolworths.media/content/wowproductimages/medium/728983.jpg,2020-09-21 17:27:05,Average product rating out of 5: 4.5. Product score is based on 469 ratings,469,,True
8f19ad2a-a189-43f1-8155-3e3c1cd63866,Woolworths Supermarket,"Dairy, Eggs & Fridge",Woolworths Tasty Shredded Cheese 500g,729026,$6.00,$12.00 / 1KG,https://www.woolworths.com.au/shop/productdetails/729026/woolworths-tasty-shredded-cheese,https://cdn0.woolworths.media/content/wowproductimages/medium/729026.jpg,2020-09-21 17:27:05,Average product rating out of 5: 4.6. Product score is based on 500 ratings,500,,True
b91ee03c-993f-450a-b3eb-62669266ee17,Woolworths Supermarket,"Dairy, Eggs & Fridge",Woolworths Baby Leaf Spinach 120g,524322,$3.00,$25.00 / 1KG,https://www.woolworths.com.au/shop/productdetails/524322/woolworths-baby-leaf-spinach,https://cdn0.woolworths.media/content/wowproductimages/medium/524322.jpg,2020-09-21 17:27:05,Average product rating out of 5: 4.7. Product score is based on 2842 ratings,2842,,True
c58fb041-e7db-4008-a750-21e442f6eacd,Woolworths Supermarket,"Dairy, Eggs & Fridge",Hillview Cheese Block 1kg,500187,$8.00,$8.00 / 1KG,https://www.woolworths.com.au/shop/productdetails/500187/hillview-cheese-block,https://cdn0.woolworths.media/content/wowproductimages/medium/500187.jpg,2020-09-21 17:27:05,Average product rating out of 5: 4.5. Product score is based on 66 ratings,66,,True
bd2c34d6-57f4-490a-8c1a-a7a5bc762637,Woolworths Supermarket,"Dairy, Eggs & Fridge",Woolworths Baby Spinach Salad Bag 60g,379515,$2.00,$33.33 / 1KG,https://www.woolworths.com.au/shop/productdetails/379515/woolworths-baby-spinach-salad-bag,https://cdn0.woolworths.media/content/wowproductimages/medium/379515.jpg,2020-09-21 17:27:05,Average product rating out of 5: 4.7. Product score is based on 725 ratings,725,,True
9ae42717-660d-45ca-b745-f2ba4185ed54,Woolworths Supermarket,"Dairy, Eggs & Fridge",Woolworths Single Leaf Baby Spinach 280g,524336,$5.00,$17.86 / 1KG,https://www.woolworths.com.au/shop/productdetails/524336/woolworths-single-leaf-baby-spinach,https://cdn0.woolworths.media/content/wowproductimages/medium/524336.jpg,2020-09-21 17:27:05,Average product rating out of 5: 4.8. Product score is based on 532 ratings,532,,True
3c95ad14-b42a-44bb-a92a-4e86bbc9523c,Woolworths Supermarket,"Dairy, Eggs & Fridge",Woolworths Uht Full Cream Milk 1l,748595,$1.25,$1.25 / 1L,https://www.woolworths.com.au/shop/productdetails/748595/woolworths-uht-full-cream-milk,https://cdn0.woolworths.media/content/wowproductimages/medium/748595.jpg,2020-09-21 17:27:05,Average product rating out of 5: 4.9. Product score is based on 36 ratings,36,,True
b96961d6-21b4-430b-ad0e-9788401c2ae6,Woolworths Supermarket,"Dairy, Eggs & Fridge",Woolworths Drought Relief Lite Milk 2l,807385,$2.39,$1.20 / 1L,https://www.woolworths.com.au/shop/productdetails/807385/woolworths-drought-relief-lite-milk,https://cdn0.woolworths.media/content/wowproductimages/medium/807385.jpg,2020-09-21 17:27:05,,0,,True
54a7d555-66a1-434f-9518-a1a266fb4e04,Woolworths Supermarket,"Dairy, Eggs & Fridge",Woolworths Drought Relief Lite Milk 3l,807386,$3.59,$1.20 / 1L,https://www.woolworths.com.au/shop/productdetails/807386/woolworths-drought-relief-lite-milk,https://cdn0.woolworths.media/content/wowproductimages/medium/807386.jpg,2020-09-21 17:27:05,,0,,True
0c8accde-980d-4777-a39e-089a96f5a164,Woolworths Supermarket,"Dairy, Eggs & Fridge",Woolworths Sour Cream 300ml,105609,$2.10,$0.70 / 100ML,https://www.woolworths.com.au/shop/productdetails/105609/woolworths-sour-cream,https://cdn0.woolworths.media/content/wowproductimages/medium/105609.jpg,2020-09-21 17:27:05,Average product rating out of 5: 4.5. Product score is based on 1353 ratings,1353,,True
267b64f3-efca-454a-9ad6-4cc2a4179aa6,Woolworths Supermarket,"Dairy, Eggs & Fridge",Western Star Original Spreadable 500g,069756,$6.00,$1.20 / 100G,https://www.woolworths.com.au/shop/productdetails/69756/western-star-original-spreadable,https://cdn0.woolworths.media/content/wowproductimages/medium/069756.jpg,2020-09-21 17:27:05,,0,,True
9e8d4856-6c4b-4fbd-86a9-30df8ae89685,Woolworths Supermarket,"Dairy, Eggs & Fridge",Hillview Tasty Shredded Cheese 700g,491820,$6.60,$9.43 / 1KG,https://www.woolworths.com.au/shop/productdetails/491820/hillview-tasty-shredded-cheese,https://cdn0.woolworths.media/content/wowproductimages/medium/491820.jpg,2020-09-21 17:27:05,Average product rating out of 5: 4.5. Product score is based on 48 ratings,48,,True
f54d1d1a-fb1f-4777-a65c-b87e102358dc,Woolworths Supermarket,"Dairy, Eggs & Fridge",Woolworths Drought Relief Full Cream Milk 3l,807384,$3.59,$1.20 / 1L,https://www.woolworths.com.au/shop/productdetails/807384/woolworths-drought-relief-full-cream-milk,https://cdn0.woolworths.media/content/wowproductimages/medium/807384.jpg,2020-09-21 17:27:05,,0,,True
e4a32e58-2354-4242-8f39-21d7fb7e132d,Woolworths Supermarket,"Dairy, Eggs & Fridge",Woolworths Drought Relief Full Cream Milk 2l,807383,$2.39,$1.20 / 1L,https://www.woolworths.com.au/shop/productdetails/807383/woolworths-drought-relief-full-cream-milk,https://cdn0.woolworths.media/content/wowproductimages/medium/807383.jpg,2020-09-21 17:27:05,Average product rating out of 5: 4.7. Product score is based on 385 ratings,385,,True
dae466da-37db-496d-86ab-b511436ac405,Woolworths Supermarket,"Dairy, Eggs & Fridge",Just 4 You 12 Extra Large Caged Eggs 700g,893974,$3.50,$0.50 / 100G,https://www.woolworths.com.au/shop/productdetails/893974/just-4-you-12-extra-large-caged-eggs,https://cdn0.woolworths.media/content/wowproductimages/medium/893974.jpg,2020-09-21 17:27:05,,0,,True
6198a629-3f59-4dff-9e74-5ea1e72e7269,Woolworths Supermarket,"Dairy, Eggs & Fridge",Woolworths Thickened Cream 300ml,044317,$1.90,$0.63 / 100ML,https://www.woolworths.com.au/shop/productdetails/44317/woolworths-thickened-cream,https://cdn0.woolworths.media/content/wowproductimages/medium/044317.jpg,2020-09-21 17:27:05,Average product rating out of 5: 4.9. Product score is based on 629 ratings,629,,True
62f9d3d3-45fa-496f-adeb-2661726077d4,Woolworths Supermarket,"Dairy, Eggs & Fridge",Le Dauphin Double Creme Cheese 200g,573380,$23.00,$115.00 / 1KG,https://www.woolworths.com.au/shop/productdetails/573380/le-dauphin-double-creme-cheese,https://cdn0.woolworths.media/content/wowproductimages/medium/573380.jpg,2020-09-21 17:27:05,,0,,True
b2a4b40c-de2f-425e-863a-547fbf302ffe,Woolworths Supermarket,"Dairy, Eggs & Fridge",Poggio Del Farro Organic Spelt Milk 1l,793410,$4.50,$4.50 / 1L,https://www.woolworths.com.au/shop/productdetails/793410/poggio-del-farro-organic-spelt-milk,https://cdn0.woolworths.media/content/wowproductimages/medium/793410.jpg,2020-09-21 17:27:05,,0,,True
c3296dd1-69b6-4f97-a53f-63afe43afdd6,Woolworths Supermarket,"Dairy, Eggs & Fridge",Evergreen Five Spice Bean Cake 6 Pieces 220g,595428,$4.00,$18.18 / 1KG,https://www.woolworths.com.au/shop/productdetails/595428/evergreen-five-spice-bean-cake-6-pieces,https://cdn0.woolworths.media/content/wowproductimages/medium/595428.jpg,2020-09-21 17:27:05,,0,,True
5bce17f5-bf7e-4352-bd68-d4fce1f71993,Woolworths Supermarket,"Dairy, Eggs & Fridge",Evergreen Fried Bean Curd 6 Pieces 500g,595583,$4.85,$9.70 / 1KG,https://www.woolworths.com.au/shop/productdetails/595583/evergreen-fried-bean-curd-6-pieces,https://cdn0.woolworths.media/content/wowproductimages/medium/595583.jpg,2020-09-21 17:27:05,,0,,True
f3874b24-a22e-476a-8c43-170d3af0b8bc,Woolworths Supermarket,"Dairy, Eggs & Fridge",Evergreen Sugar Free Soya Drink 1l,597072,$3.30,$3.30 / 1L,https://www.woolworths.com.au/shop/productdetails/597072/evergreen-sugar-free-soya-drink,https://cdn0.woolworths.media/content/wowproductimages/medium/597072.jpg,2020-09-21 17:27:05,,0,,True
12a07de1-20d4-44e1-a1ef-d3a0837e0993,Woolworths Supermarket,"Dairy, Eggs & Fridge",Evergreen Bean Curd 6 Pieces 500g,597158,$4.50,$7.50 / 1KG,https://www.woolworths.com.au/shop/productdetails/597158/evergreen-bean-curd-6-pieces,https://cdn0.woolworths.media/content/wowproductimages/medium/597158.jpg,2020-09-21 17:27:05,,0,,True
0e186547-eae1-4bce-854d-73a4b017d6a5,Woolworths Supermarket,"Dairy, Eggs & Fridge",Farmers Union Iced Coffee 2l,058130,$4.30,$2.15 / 1L,https://www.woolworths.com.au/shop/productdetails/58130/farmers-union-iced-coffee,https://cdn0.woolworths.media/content/wowproductimages/medium/058130.jpg,2020-09-21 17:27:05,,0,,True
821eb790-51c9-4771-b31a-0febc7b13061,Woolworths Supermarket,"Dairy, Eggs & Fridge",Woolworths Good To Go Hot Smoked Salmon Rainbow Salad 290g,032261,$10.00,$3.45 / 100G,https://www.woolworths.com.au/shop/productdetails/32261/woolworths-good-to-go-hot-smoked-salmon-rainbow-salad,https://cdn0.woolworths.media/content/wowproductimages/medium/032261.jpg,2020-09-21 17:27:05,Average product rating out of 5: 3.9. Product score is based on 140 ratings,140,,True
135e06af-5982-4112-a7a6-4d25a7783da6,Woolworths Supermarket,"Dairy, Eggs & Fridge",Woolworths Il Forteto Cacio Di Bosco per kg,825735,$80.00,$80.00 / 1KG,https://www.woolworths.com.au/shop/productdetails/825735/woolworths-il-forteto-cacio-di-bosco,https://cdn0.woolworths.media/content/wowproductimages/medium/825735.jpg,2020-09-21 17:27:05,,0,,True
1fac3524-0c24-42f3-b489-0d432163d783,Woolworths Supermarket,"Dairy, Eggs & Fridge",Ice Break Regular Strength 2l,226775,$5.00,$2.50 / 1L,https://www.woolworths.com.au/shop/productdetails/226775/ice-break-regular-strength,https://cdn0.woolworths.media/content/wowproductimages/medium/226775.jpg,2020-09-21 17:27:05,,0,,True
618c685f-f74e-4add-a507-593486b0c4e8,Woolworths Supermarket,"Dairy, Eggs & Fridge",Pura Thickened Cream? 300ml,048124,$3.40,$1.13 / 100ML,https://www.woolworths.com.au/shop/productdetails/48124/pura-thickened-cream-,https://cdn0.woolworths.media/content/wowproductimages/medium/048124.jpg,2020-09-21 17:27:05,,0,,True
b9669fb7-abea-4df8-8742-5b9e0793cc97,Woolworths Supermarket,"Dairy, Eggs & Fridge",Pauls Physical Low Fat Milk With Vitamin D 2l,067990,$5.20,$2.60 / 1L,https://www.woolworths.com.au/shop/productdetails/67990/pauls-physical-low-fat-milk-with-vitamin-d,https://cdn0.woolworths.media/content/wowproductimages/medium/067990.jpg,2020-09-21 17:27:05,,0,,True
f2c13421-9c42-4798-b79e-6652e865b2e4,Woolworths Supermarket,"Dairy, Eggs & Fridge",Sunny Queen 12 Large Free Range Eggs 600g,077173,$5.90,$0.98 / 100G,https://www.woolworths.com.au/shop/productdetails/77173/sunny-queen-12-large-free-range-eggs,https://cdn0.woolworths.media/content/wowproductimages/medium/077173.jpg,2020-09-21 17:27:05,,0,,True
650bf49f-578b-448d-8d1e-c99348edd5f6,Woolworths Supermarket,"Dairy, Eggs & Fridge",Western Star Butter Block Unsalted 250g,320271,$4.00,$1.60 / 100G,https://www.woolworths.com.au/shop/productdetails/320271/western-star-butter-block-unsalted,https://cdn0.woolworths.media/content/wowproductimages/medium/320271.jpg,2020-09-21 17:27:05,,0,,True
b484fc0e-84c5-44f4-a000-7382c30aea7e,Woolworths Supermarket,"Dairy, Eggs & Fridge",Cabot Cloth Bound Cheddar per kg,https://cdn0.woolworths.media/content/wowproductimages/large/default.png,$99.99,$99.99 / 1KG,https://www.woolworths.com.au/shop/productdetails/377736/cabot-cloth-bound-cheddar,https://cdn0.woolworths.media/content/wowproductimages/large/default.png,2020-09-21 17:27:05,,0,,True
45070fc6-330b-4170-a4ff-b55a751a8419,Woolworths Supermarket,"Dairy, Eggs & Fridge",Tamar Valley Yoghurt No Added Sugar Passionfruit 170g,862413,$2.25,$1.32 / 100G,https://www.woolworths.com.au/shop/productdetails/862413/tamar-valley-yoghurt-no-added-sugar-passionfruit,https://cdn0.woolworths.media/content/wowproductimages/medium/862413.jpg,2020-09-21 17:27:05,,0,,True
ae1f0ad9-dc9d-47b8-9c1d-03331e4cdb07,Woolworths Supermarket,"Dairy, Eggs & Fridge",Meggles 12 Large Cage Eggs 600g,478167,$3.70,$0.62 / 100G,https://www.woolworths.com.au/shop/productdetails/478167/meggles-12-large-cage-eggs,https://cdn0.woolworths.media/content/wowproductimages/medium/478167.jpg,2020-09-21 17:27:05,,0,,True
0df57a91-9c3a-419f-a675-172332b92bf8,Woolworths Supermarket,"Dairy, Eggs & Fridge",National Pies Meat Pie Party 12 pack,159384,$10.00,$0.83 / 1EA,https://www.woolworths.com.au/shop/productdetails/159384/national-pies-meat-pie-party,https://cdn0.woolworths.media/content/wowproductimages/medium/159384.jpg,2020-09-21 17:27:05,,0,,True
5a8ca1c0-72ac-443e-8785-c2432bdf072a,Woolworths Supermarket,"Dairy, Eggs & Fridge",National Pies Little Grass Fed Beef Rolls 6 pack,699243,$7.50,$2.08 / 100G,https://www.woolworths.com.au/shop/productdetails/699243/national-pies-little-grass-fed-beef-rolls,https://cdn0.woolworths.media/content/wowproductimages/medium/699243.jpg,2020-09-21 17:27:05,,0,,True
0707d1d9-1d48-480d-a22e-ee3d4e2178c5,Woolworths Supermarket,"Dairy, Eggs & Fridge",Big M Iced Coffee 600ml,007813,$3.40,$5.67 / 1L,https://www.woolworths.com.au/shop/productdetails/7813/big-m-iced-coffee,https://cdn0.woolworths.media/content/wowproductimages/medium/007813.jpg,2020-09-21 17:27:05,,0,,True
45524944-6e68-407c-a2aa-cef911c74d97,Woolworths Supermarket,"Dairy, Eggs & Fridge","Sunfresh Spiced Quinoa, Carrot & Chickpea Salad 300g",012749,$4.50,$1.50 / 100G,https://www.woolworths.com.au/shop/productdetails/12749/sunfresh-spiced-quinoa-carrot-chickpea-salad,https://cdn0.woolworths.media/content/wowproductimages/medium/012749.jpg,2020-09-21 17:27:05,,0,,True
93ef8029-cc8a-449e-844a-0bf748da2694,Woolworths Supermarket,"Dairy, Eggs & Fridge",Pauls No Fat Skinny Milk 2l,018361,$4.35,$2.18 / 1L,https://www.woolworths.com.au/shop/productdetails/18361/pauls-no-fat-skinny-milk,https://cdn0.woolworths.media/content/wowproductimages/medium/018361.jpg,2020-09-21 17:27:05,,0,,True
03167093-d8f1-4101-9685-9dc7227d12fa,Woolworths Supermarket,"Dairy, Eggs & Fridge",Pace Farm 6 Large Free Range Eggs 330g,033086,$3.80,$1.15 / 100G,https://www.woolworths.com.au/shop/productdetails/33086/pace-farm-6-large-free-range-eggs,https://cdn0.woolworths.media/content/wowproductimages/medium/033086.jpg,2020-09-21 17:27:05,,0,,True
efb1205b-b387-4f0d-a924-b67d7ddad38c,Woolworths Supermarket,"Dairy, Eggs & Fridge",Pauls Rev Low Fat Light Milk 2l,041408,$4.50,$2.25 / 1L,https://www.woolworths.com.au/shop/productdetails/41408/pauls-rev-low-fat-light-milk,https://cdn0.woolworths.media/content/wowproductimages/medium/041408.jpg,2020-09-21 17:27:05,,0,,True
c15e3ccb-bc9a-4a08-8519-be009a1845c3,Woolworths Supermarket,"Dairy, Eggs & Fridge",Coon Cheese Slices Tasty 750g,187899,$10.00,$13.33 / 1KG,https://www.woolworths.com.au/shop/productdetails/187899/coon-cheese-slices-tasty,https://cdn0.woolworths.media/content/wowproductimages/medium/187899.jpg,2020-09-21 17:27:05,,0,Was $12.00 07/07/2020,True
3e69fae3-cdef-42ac-bb9a-22d56ab31635,Woolworths Supermarket,"Dairy, Eggs & Fridge",Woolworths Uht Full Cream Milk 1l,748595,$1.25,$1.25 / 1L,https://www.woolworths.com.au/shop/productdetails/748595/woolworths-uht-full-cream-milk,https://cdn0.woolworths.media/content/wowproductimages/medium/748595.jpg,2020-09-21 17:27:05,Average product rating out of 5: 4.9. Product score is based on 36 ratings,36,,True
f16bd5d6-2122-41ae-8f45-9295514066c2,Woolworths Supermarket,"Dairy, Eggs & Fridge",Flora Proactiv Margarine Buttery 750g,763453,$10.00,$1.33 / 100G,https://www.woolworths.com.au/shop/productdetails/763453/flora-proactiv-margarine-buttery,https://cdn0.woolworths.media/content/wowproductimages/medium/763453.jpg,2020-09-21 17:27:05,,0,,True
003fd71a-14de-434c-9e29-6870a7c60fa9,Woolworths Supermarket,"Dairy, Eggs & Fridge",Woolworths Tasty Shredded Cheese 500g,729026,$6.00,$12.00 / 1KG,https://www.woolworths.com.au/shop/productdetails/729026/woolworths-tasty-shredded-cheese,https://cdn0.woolworths.media/content/wowproductimages/medium/729026.jpg,2020-09-21 17:27:05,Average product rating out of 5: 4.6. Product score is based on 500 ratings,500,,True
de081717-b612-4f17-83f8-555ca3dd9551,Woolworths Supermarket,"Dairy, Eggs & Fridge",A2 Full Cream Milk 2l,208064,$5.30,$2.65 / 1L,https://www.woolworths.com.au/shop/productdetails/208064/a2-full-cream-milk,https://cdn0.woolworths.media/content/wowproductimages/medium/208064.jpg,2020-09-21 17:27:05,,0,,True
ba9fb505-6b99-442e-93cd-746efe064183,Woolworths Supermarket,"Dairy, Eggs & Fridge",Woolworths Drought Relief Full Cream Milk 3l,807384,$3.59,$1.20 / 1L,https://www.woolworths.com.au/shop/productdetails/807384/woolworths-drought-relief-full-cream-milk,https://cdn0.woolworths.media/content/wowproductimages/medium/807384.jpg,2020-09-21 17:27:05,,0,,True
ee39aaca-eefc-438c-8718-f7e272c0d748,Woolworths Supermarket,"Dairy, Eggs & Fridge",Woolworths Mozzarella Shredded Cheese 500g,728983,$6.00,$12.00 / 1KG,https://www.woolworths.com.au/shop/productdetails/728983/woolworths-mozzarella-shredded-cheese,https://cdn0.woolworths.media/content/wowproductimages/medium/728983.jpg,2020-09-21 17:27:05,Average product rating out of 5: 4.5. Product score is based on 469 ratings,469,,True
1fb55bd1-c9c1-4969-b815-4d9008160667,Woolworths Supermarket,"Dairy, Eggs & Fridge",Almond Breeze Unsweetened Almond Milk 1l,761604,$2.50,$2.50 / 1L,https://www.woolworths.com.au/shop/productdetails/761604/almond-breeze-unsweetened-almond-milk,https://cdn0.woolworths.media/content/wowproductimages/medium/761604.jpg,2020-09-21 17:27:05,,0,Was $3.25 13/03/2017,True
262572d8-80c6-4cf0-956c-185533f6b989,Woolworths Supermarket,"Dairy, Eggs & Fridge",Woolworths Thickened Cream 600ml,048720,$3.00,$0.50 / 100ML,https://www.woolworths.com.au/shop/productdetails/48720/woolworths-thickened-cream,https://cdn0.woolworths.media/content/wowproductimages/medium/048720.jpg,2020-09-21 17:27:05,Average product rating out of 5: 4.8. Product score is based on 740 ratings,740,,True
1b5d4310-9242-4854-b3bf-f66355296a5d,Woolworths Supermarket,"Dairy, Eggs & Fridge",Woolworths Single Leaf Baby Spinach 280g,524336,$5.00,$17.86 / 1KG,https://www.woolworths.com.au/shop/productdetails/524336/woolworths-single-leaf-baby-spinach,https://cdn0.woolworths.media/content/wowproductimages/medium/524336.jpg,2020-09-21 17:27:05,Average product rating out of 5: 4.8. Product score is based on 532 ratings,532,,True
32707bbb-4b90-4c3b-950b-04e183c0544e,Woolworths Supermarket,"Dairy, Eggs & Fridge",Woolworths Baby Leaf Spinach 120g,524322,$3.00,$25.00 / 1KG,https://www.woolworths.com.au/shop/productdetails/524322/woolworths-baby-leaf-spinach,https://cdn0.woolworths.media/content/wowproductimages/medium/524322.jpg,2020-09-21 17:27:05,Average product rating out of 5: 4.7. Product score is based on 2842 ratings,2842,,True
cda9e6f1-aafb-4fea-a20b-eced0825102c,Woolworths Supermarket,"Dairy, Eggs & Fridge",Hillview Cheese Block 1kg,500187,$8.00,$8.00 / 1KG,https://www.woolworths.com.au/shop/productdetails/500187/hillview-cheese-block,https://cdn0.woolworths.media/content/wowproductimages/medium/500187.jpg,2020-09-21 17:27:05,Average product rating out of 5: 4.5. Product score is based on 66 ratings,66,,True
a22782a9-05b6-48e9-941d-386e58207bce,Woolworths Supermarket,"Dairy, Eggs & Fridge",Woolworths Drought Relief Lite Milk 3l,807386,$3.59,$1.20 / 1L,https://www.woolworths.com.au/shop/productdetails/807386/woolworths-drought-relief-lite-milk,https://cdn0.woolworths.media/content/wowproductimages/medium/807386.jpg,2020-09-21 17:27:05,,0,,True
27760aeb-455e-4ccc-9ad9-0fc668829164,Woolworths Supermarket,"Dairy, Eggs & Fridge",Western Star Original Spreadable 500g,069756,$6.00,$1.20 / 100G,https://www.woolworths.com.au/shop/productdetails/69756/western-star-original-spreadable,https://cdn0.woolworths.media/content/wowproductimages/medium/069756.jpg,2020-09-21 17:27:05,,0,,True
f03f5faa-d8bd-4d2f-bbe3-c8c6b0d10a6a,Woolworths Supermarket,"Dairy, Eggs & Fridge",Woolworths Drought Relief Lite Milk 2l,807385,$2.39,$1.20 / 1L,https://www.woolworths.com.au/shop/productdetails/807385/woolworths-drought-relief-lite-milk,https://cdn0.woolworths.media/content/wowproductimages/medium/807385.jpg,2020-09-21 17:27:05,,0,,True
2ed67d54-5eed-4ee6-b53a-b7d9a9408e85,Woolworths Supermarket,"Dairy, Eggs & Fridge",Just 4 You 12 Extra Large Caged Eggs 700g,893974,$3.50,$0.50 / 100G,https://www.woolworths.com.au/shop/productdetails/893974/just-4-you-12-extra-large-caged-eggs,https://cdn0.woolworths.media/content/wowproductimages/medium/893974.jpg,2020-09-21 17:27:05,,0,,True
7ee66765-5aed-4cd6-ab96-68b39e55df53,Woolworths Supermarket,"Dairy, Eggs & Fridge",Hillview Tasty Shredded Cheese 700g,491820,$6.60,$9.43 / 1KG,https://www.woolworths.com.au/shop/productdetails/491820/hillview-tasty-shredded-cheese,https://cdn0.woolworths.media/content/wowproductimages/medium/491820.jpg,2020-09-21 17:27:05,Average product rating out of 5: 4.5. Product score is based on 48 ratings,48,,True
b98d4168-4024-4f7c-a9f4-9c09abbe5fe5,Woolworths Supermarket,"Dairy, Eggs & Fridge",Woolworths Drought Relief Full Cream Milk 2l,807383,$2.39,$1.20 / 1L,https://www.woolworths.com.au/shop/productdetails/807383/woolworths-drought-relief-full-cream-milk,https://cdn0.woolworths.media/content/wowproductimages/medium/807383.jpg,2020-09-21 17:27:05,Average product rating out of 5: 4.7. Product score is based on 385 ratings,385,,True
239b60e0-68ea-4d2e-ab76-21ef481845dc,Woolworths Supermarket,"Dairy, Eggs & Fridge",Woolworths Baby Spinach Salad Bag 60g,379515,$2.00,$33.33 / 1KG,https://www.woolworths.com.au/shop/productdetails/379515/woolworths-baby-spinach-salad-bag,https://cdn0.woolworths.media/content/wowproductimages/medium/379515.jpg,2020-09-21 17:27:05,Average product rating out of 5: 4.7. Product score is based on 725 ratings,725,,True
90613307-cc6c-47eb-ace5-5670df916b5c,Woolworths Supermarket,"Dairy, Eggs & Fridge",A2 Light Milk 2l,208066,$5.30,$2.65 / 1L,https://www.woolworths.com.au/shop/productdetails/208066/a2-light-milk,https://cdn0.woolworths.media/content/wowproductimages/medium/208066.jpg,2020-09-21 17:27:05,,0,,True
779f1908-85d7-46d9-b57d-e1627520cf5b,Woolworths Supermarket,"Dairy, Eggs & Fridge",Pauls Physical Low Fat Milk With Vitamin D 1l,043148,$3.10,$3.10 / 1L,https://www.woolworths.com.au/shop/productdetails/43148/pauls-physical-low-fat-milk-with-vitamin-d,https://cdn0.woolworths.media/content/wowproductimages/medium/043148.jpg,2020-09-21 17:27:05,,0,,True
250dc834-7da3-4e9b-924d-b47b229e623e,Woolworths Supermarket,"Dairy, Eggs & Fridge",Rev Low Fat Light Milk 1l,046995,$2.95,$2.95 / 1L,https://www.woolworths.com.au/shop/productdetails/46995/rev-low-fat-light-milk,https://cdn0.woolworths.media/content/wowproductimages/medium/046995.jpg,2020-09-21 17:27:05,,0,,True
6f318413-057b-4ca4-87cc-0b18a00e4c6d,Woolworths Supermarket,"Dairy, Eggs & Fridge",Pura Light Start Permeate Free Milk 2l,052542,$4.00,$2.00 / 1L,https://www.woolworths.com.au/shop/productdetails/52542/pura-light-start-permeate-free-milk,https://cdn0.woolworths.media/content/wowproductimages/medium/052542.jpg,2020-09-21 17:27:05,,0,,True
5d2839e9-3902-4fca-9aba-b3b689c8a8f2,Woolworths Supermarket,"Dairy, Eggs & Fridge",Pura Permeate Free Full Cream Milk 2l,062636,$3.25,$1.63 / 1L,https://www.woolworths.com.au/shop/productdetails/62636/pura-permeate-free-full-cream-milk,https://cdn0.woolworths.media/content/wowproductimages/medium/062636.jpg,2020-09-21 17:27:05,,0,,True
ddb33e7c-280e-42a3-8ebd-ff78009e5645,Woolworths Supermarket,"Dairy, Eggs & Fridge",Sunfresh Thai Coconut & Lime Chicken 275g,062819,$7.00,$2.55 / 100G,https://www.woolworths.com.au/shop/productdetails/62819/sunfresh-thai-coconut-lime-chicken,https://cdn0.woolworths.media/content/wowproductimages/medium/062819.jpg,2020-09-21 17:27:05,,0,,True
823f0004-e868-4585-b1ae-e52b7d8d9fb0,Woolworths Supermarket,"Dairy, Eggs & Fridge",Happy Hens Egg Farm 12 Extra Large Free Range Eggs 700g,063376,$5.80,$0.83 / 100G,https://www.woolworths.com.au/shop/productdetails/63376/happy-hens-egg-farm-12-extra-large-free-range-eggs,https://cdn0.woolworths.media/content/wowproductimages/medium/063376.jpg,2020-09-21 17:27:05,,0,,True
ee98dd88-ed81-4556-922d-b616a1f2ac53,Woolworths Supermarket,"Dairy, Eggs & Fridge",Happy Hens Egg Farm 12 Jumbo Free Range Eggs 800g,063377,$6.50,$0.81 / 100G,https://www.woolworths.com.au/shop/productdetails/63377/happy-hens-egg-farm-12-jumbo-free-range-eggs,https://cdn0.woolworths.media/content/wowproductimages/medium/063377.jpg,2020-09-21 17:27:05,,0,,True
a50438a7-cac5-49d5-bee4-7bccef9598b1,Woolworths Supermarket,"Dairy, Eggs & Fridge",Country Farm 12 Jumbo Caged Eggs 800g,063408,$5.30,$0.66 / 100G,https://www.woolworths.com.au/shop/productdetails/63408/country-farm-12-jumbo-caged-eggs,https://cdn0.woolworths.media/content/wowproductimages/medium/063408.jpg,2020-09-21 17:27:05,,0,,True
8ebf96e1-3ee2-495a-851e-7518cc863eb1,Woolworths Supermarket,"Dairy, Eggs & Fridge",Big M Iced Coffee 2l,070761,$4.30,$2.15 / 1L,https://www.woolworths.com.au/shop/productdetails/70761/big-m-iced-coffee,https://cdn0.woolworths.media/content/wowproductimages/medium/070761.jpg,2020-09-21 17:27:05,,0,,True
b14db03f-ab04-4a60-85f9-5020eb69b6c5,Woolworths Supermarket,"Dairy, Eggs & Fridge",Pura Permeate Free Full Cream Milk 3l,076477,$4.85,$1.62 / 1L,https://www.woolworths.com.au/shop/productdetails/76477/pura-permeate-free-full-cream-milk,https://cdn0.woolworths.media/content/wowproductimages/medium/076477.jpg,2020-09-21 17:27:05,,0,,True
ab0d5338-6669-4d7d-920c-5fe6a7447bee,Woolworths Supermarket,"Dairy, Eggs & Fridge",Big M Milk Strawberry 2l,079015,$4.30,$2.15 / 1L,https://www.woolworths.com.au/shop/productdetails/79015/big-m-milk-strawberry,https://cdn0.woolworths.media/content/wowproductimages/medium/079015.jpg,2020-09-21 17:27:05,,0,,True
c54af55c-1dcf-4aed-950e-d7209b5abf5f,Woolworths Supermarket,"Dairy, Eggs & Fridge",Happy Hens Egg Farm 12 Large Free Range Eggs 600g,092854,$9.50,$1.58 / 100G,https://www.woolworths.com.au/shop/productdetails/92854/happy-hens-egg-farm-12-large-free-range-eggs,https://cdn0.woolworths.media/content/wowproductimages/medium/092854.jpg,2020-09-21 17:27:05,,0,,True
d96c95ec-e731-4b15-9c52-81f3df256130,Woolworths Supermarket,"Dairy, Eggs & Fridge",Jones Brothers 12 Large Free Range Eggs 600g,099869,$5.80,$0.97 / 100G,https://www.woolworths.com.au/shop/productdetails/99869/jones-brothers-12-large-free-range-eggs,https://cdn0.woolworths.media/content/wowproductimages/medium/099869.jpg,2020-09-21 17:27:05,,0,,True
dea6a536-3daa-4980-8dec-ea0ba8baeece,Woolworths Supermarket,"Dairy, Eggs & Fridge",Jones Brothers 12 Extra Large Free Range Eggs 700g,099870,$6.00,$0.86 / 100G,https://www.woolworths.com.au/shop/productdetails/99870/jones-brothers-12-extra-large-free-range-eggs,https://cdn0.woolworths.media/content/wowproductimages/medium/099870.jpg,2020-09-21 17:27:05,,0,,True
f7bde08e-d152-46b7-98a9-87bad6088625,Woolworths Supermarket,"Dairy, Eggs & Fridge",Sunfresh French Potato & Lentil Salad 275g,117054,$4.50,$1.64 / 100G,https://www.woolworths.com.au/shop/productdetails/117054/sunfresh-french-potato-lentil-salad,https://cdn0.woolworths.media/content/wowproductimages/medium/117054.jpg,2020-09-21 17:27:05,,0,,True
0c69a9b0-d737-4e09-8d9c-0db198a36967,Woolworths Supermarket,"Dairy, Eggs & Fridge",Sunfresh Turmeric Couscous Salad 275g,117133,$4.50,$1.64 / 100G,https://www.woolworths.com.au/shop/productdetails/117133/sunfresh-turmeric-couscous-salad,https://cdn0.woolworths.media/content/wowproductimages/medium/117133.jpg,2020-09-21 17:27:05,,0,,True
15b545e7-43e4-4946-9bf3-39f48d282373,Woolworths Supermarket,"Dairy, Eggs & Fridge",Sunfresh Indian Rice Salad 800g,117373,$9.00,$1.13 / 100G,https://www.woolworths.com.au/shop/productdetails/117373/sunfresh-indian-rice-salad,https://cdn0.woolworths.media/content/wowproductimages/medium/117373.jpg,2020-09-21 17:27:05,,0,,True
c5f0cb3a-cfb4-4451-9889-269d61ae4a1d,Woolworths Supermarket,"Dairy, Eggs & Fridge",Pura Sour Cream 400ml,199286,$4.65,$1.16 / 100ML,https://www.woolworths.com.au/shop/productdetails/199286/pura-sour-cream,https://cdn0.woolworths.media/content/wowproductimages/medium/199286.jpg,2020-09-21 17:27:05,,0,,True
731f52bd-958d-4ea5-9192-f7259650ef00,Woolworths Supermarket,"Dairy, Eggs & Fridge",Pura Permeate Free Full Cream Milk 1l,298630,$2.30,$2.30 / 1L,https://www.woolworths.com.au/shop/productdetails/298630/pura-permeate-free-full-cream-milk,https://cdn0.woolworths.media/content/wowproductimages/medium/298630.jpg,2020-09-21 17:27:05,,0,,True
7e26afc0-22cc-47dc-8e5c-a2ab11cecdfb,Woolworths Supermarket,"Dairy, Eggs & Fridge",Pura Light Start Permeate Free Milk 1l,298631,$2.55,$2.55 / 1L,https://www.woolworths.com.au/shop/productdetails/298631/pura-light-start-permeate-free-milk,https://cdn0.woolworths.media/content/wowproductimages/medium/298631.jpg,2020-09-21 17:27:05,,0,,True
a4ca0dea-3630-43bd-a5de-1542d9a3e32a,Woolworths Supermarket,"Dairy, Eggs & Fridge",Farm Pride 6 Cage Eggs 330g,481225,$3.10,$0.94 / 100G,https://www.woolworths.com.au/shop/productdetails/481225/farm-pride-6-cage-eggs,https://cdn0.woolworths.media/content/wowproductimages/medium/481225.jpg,2020-09-21 17:27:05,,0,,True
63814608-426c-430c-b4d0-1a028a5582aa,Woolworths Supermarket,"Dairy, Eggs & Fridge",Woolworths 12 Extra Large Free Range Eggs 700g,582119,,,https://www.woolworths.com.au/shop/productdetails/582119/woolworths-12-extra-large-free-range-eggs,https://cdn0.woolworths.media/content/wowproductimages/medium/582119.jpg,2020-09-21 17:27:05,,0,,False
b9a0b891-0818-4b10-8c05-a403e534a449,Woolworths Supermarket,"Dairy, Eggs & Fridge",Sunfresh Pumpkin Brown Rice & Feta Salad 275g,588743,$7.00,$2.55 / 100G,https://www.woolworths.com.au/shop/productdetails/588743/sunfresh-pumpkin-brown-rice-feta-salad,https://cdn0.woolworths.media/content/wowproductimages/medium/588743.jpg,2020-09-21 17:27:05,,0,,True
7ffe40ff-9c63-4717-8fb1-3c727e82c1fb,Woolworths Supermarket,"Dairy, Eggs & Fridge",Big M Flavoured Milk Double Choc 500ml bottle,590383,$3.40,$6.80 / 1L,https://www.woolworths.com.au/shop/productdetails/590383/big-m-flavoured-milk-double-choc,https://cdn0.woolworths.media/content/wowproductimages/medium/590383.jpg,2020-09-21 17:27:05,,0,,True
d664b3ff-2132-4f86-88f3-af51d432c8ca,Woolworths Supermarket,"Dairy, Eggs & Fridge",Woolworths Baby Spinach Salad Bag 60g,379515,$2.00,$33.33 / 1KG,https://www.woolworths.com.au/shop/productdetails/379515/woolworths-baby-spinach-salad-bag,https://cdn0.woolworths.media/content/wowproductimages/medium/379515.jpg,2020-09-21 17:27:05,Average product rating out of 5: 4.7. Product score is based on 725 ratings,725,,True
830d2819-7b45-409f-806d-2c3c7f469f1e,Woolworths Supermarket,"Dairy, Eggs & Fridge",A2 Light Milk 2l,208066,$5.30,$2.65 / 1L,https://www.woolworths.com.au/shop/productdetails/208066/a2-light-milk,https://cdn0.woolworths.media/content/wowproductimages/medium/208066.jpg,2020-09-21 17:27:05,,0,,True
2a97253c-79c2-4e5a-86fb-2f4bf45da3ab,Woolworths Supermarket,"Dairy, Eggs & Fridge",Dairy Farmers Thick & Creamy Classic Vanilla Yoghurt 150g,777320,$1.00,$0.67 / 100G,https://www.woolworths.com.au/shop/productdetails/777320/dairy-farmers-thick-creamy-classic-vanilla-yoghurt,https://cdn0.woolworths.media/content/wowproductimages/medium/777320.jpg,2020-09-21 17:27:05,,0,,True
5e0e9bb3-bf10-4d81-a7cc-25078b1e690e,Woolworths Supermarket,"Dairy, Eggs & Fridge",Woolworths Mozzarella Shredded Cheese 500g,728983,$6.00,$12.00 / 1KG,https://www.woolworths.com.au/shop/productdetails/728983/woolworths-mozzarella-shredded-cheese,https://cdn0.woolworths.media/content/wowproductimages/medium/728983.jpg,2020-09-21 17:27:05,Average product rating out of 5: 4.5. Product score is based on 469 ratings,469,,True
3f8a62f0-9797-4c18-84f2-e082cdb7f146,Woolworths Supermarket,"Dairy, Eggs & Fridge",Macro Firm Tofu 450g,023038,$3.50,$7.78 / 1KG,https://www.woolworths.com.au/shop/productdetails/23038/macro-firm-tofu,https://cdn0.woolworths.media/content/wowproductimages/medium/023038.jpg,2020-09-21 17:27:05,Average product rating out of 5: 4.1. Product score is based on 270 ratings,270,,True
28f68c69-d017-455e-93f9-6ca13e5a2e46,Woolworths Supermarket,"Dairy, Eggs & Fridge",Dairy Farmers Thick & Creamy Yellow Box Honey Yoghurt 150g,768112,$1.00,$0.67 / 100G,https://www.woolworths.com.au/shop/productdetails/768112/dairy-farmers-thick-creamy-yellow-box-honey-yoghurt,https://cdn0.woolworths.media/content/wowproductimages/medium/768112.jpg,2020-09-21 17:27:05,,0,,True
ea4beb93-722a-4818-8770-43c85df944d8,Woolworths Supermarket,"Dairy, Eggs & Fridge",Western Star Original Spreadable 500g,069756,$6.00,$1.20 / 100G,https://www.woolworths.com.au/shop/productdetails/69756/western-star-original-spreadable,https://cdn0.woolworths.media/content/wowproductimages/medium/069756.jpg,2020-09-21 17:27:05,,0,,True
17ef72f0-0289-4b7e-b7c3-1c73c171833b,Woolworths Supermarket,"Dairy, Eggs & Fridge",Tamar Valley Kids Yoghurt Pouch Vanilla 110g,508826,$1.80,$1.64 / 100G,https://www.woolworths.com.au/shop/productdetails/508826/tamar-valley-kids-yoghurt-pouch-vanilla,https://cdn0.woolworths.media/content/wowproductimages/medium/508826.jpg,2020-09-21 17:27:05,,0,,True
080646f1-d156-41e6-8a7b-ab7733a3a8b3,Woolworths Supermarket,"Dairy, Eggs & Fridge",Pauls Yoghurt Pouch Vanilla Kids Yoghurt 70g,705258,$1.40,$2.00 / 100G,https://www.woolworths.com.au/shop/productdetails/705258/pauls-yoghurt-pouch-vanilla-kids-yoghurt,https://cdn0.woolworths.media/content/wowproductimages/medium/705258.jpg,2020-09-21 17:27:05,,0,,True
accba9f1-f521-4369-a407-ae42c505fe2e,Woolworths Supermarket,"Dairy, Eggs & Fridge",Devondale Salted Butter 250g,075645,$3.20,$1.28 / 100G,https://www.woolworths.com.au/shop/productdetails/75645/devondale-salted-butter,https://cdn0.woolworths.media/content/wowproductimages/medium/075645.jpg,2020-09-21 17:27:05,,0,,True
5670bcf2-ed69-4d29-93e4-12d5cb86e7b4,Woolworths Supermarket,"Dairy, Eggs & Fridge",Tasmanian Heritage Double Brie Cheese 250g,077182,$11.80,$47.20 / 1KG,https://www.woolworths.com.au/shop/productdetails/77182/tasmanian-heritage-double-brie-cheese,https://cdn0.woolworths.media/content/wowproductimages/medium/077182.jpg,2020-09-21 17:27:05,,0,,True
67e76d8a-5fe8-4bca-a292-2347e7c84beb,Woolworths Supermarket,"Dairy, Eggs & Fridge",Pace Farm 12 Extra Large Free Range Eggs 700g,092953,$5.95,$0.85 / 100G,https://www.woolworths.com.au/shop/productdetails/92953/pace-farm-12-extra-large-free-range-eggs,https://cdn0.woolworths.media/content/wowproductimages/medium/092953.jpg,2020-09-21 17:27:05,,0,,True
9c979e94-9d0f-45ea-9f64-e67230eb4a0a,Woolworths Supermarket,"Dairy, Eggs & Fridge",Woolworths Classic Coleslaw 200g,531041,$2.00,$10.00 / 1KG,https://www.woolworths.com.au/shop/productdetails/531041/woolworths-classic-coleslaw,https://cdn0.woolworths.media/content/wowproductimages/medium/531041.jpg,2020-09-21 17:27:05,Average product rating out of 5: 4.2. Product score is based on 371 ratings,371,,True
aad46fe7-b83f-4918-a9a0-e643cd203359,Woolworths Supermarket,"Dairy, Eggs & Fridge",Chobani No Fat Raspberry Yoghurt 170g,752079,$1.80,$1.06 / 100G,https://www.woolworths.com.au/shop/productdetails/752079/chobani-no-fat-raspberry-yoghurt,https://cdn0.woolworths.media/content/wowproductimages/medium/752079.jpg,2020-09-21 17:27:05,,0,Was $2.00 26/04/2020,True
5a7b79d5-f65e-4a85-be5c-814dfcd549c0,Woolworths Supermarket,"Dairy, Eggs & Fridge",Meadowlea Original Spread 500g,048016,$3.30,$0.66 / 100G,https://www.woolworths.com.au/shop/productdetails/48016/meadowlea-original-spread,https://cdn0.woolworths.media/content/wowproductimages/medium/048016.jpg,2020-09-21 17:27:05,,0,,True
af117ff9-2f20-4fd4-9515-7565be88d4e2,Woolworths Supermarket,"Dairy, Eggs & Fridge",Dairy Farmers Thick & Creamy Mango & Passionfruit Yoghurt 150g,768054,$1.00,$0.67 / 100G,https://www.woolworths.com.au/shop/productdetails/768054/dairy-farmers-thick-creamy-mango-passionfruit-yoghurt,https://cdn0.woolworths.media/content/wowproductimages/medium/768054.jpg,2020-09-21 17:27:05,,0,,True
03a53936-4a5b-412c-9680-c2da0d30dad4,Woolworths Supermarket,"Dairy, Eggs & Fridge",Pauls Zymil Light Lactose Free Milk 1l,144000,$3.10,$3.10 / 1L,https://www.woolworths.com.au/shop/productdetails/144000/pauls-zymil-light-lactose-free-milk,https://cdn0.woolworths.media/content/wowproductimages/medium/144000.jpg,2020-09-21 17:27:05,,0,,True
c335e5c3-78fd-4bfe-b136-31fe956e78b6,Woolworths Supermarket,"Dairy, Eggs & Fridge",Woolworths Beef Lasagne 2kg,194648,$12.50,$6.25 / 1KG,https://www.woolworths.com.au/shop/productdetails/194648/woolworths-beef-lasagne,https://cdn0.woolworths.media/content/wowproductimages/medium/194648.jpg,2020-09-21 17:27:05,Average product rating out of 5: 3.5. Product score is based on 598 ratings,598,Was $15.5 24/09/2018,True
1e45da37-5e82-4fa8-9db1-7d0ebf317834,Woolworths Supermarket,"Dairy, Eggs & Fridge",Woolworths Vanilla Yoghurt Pouch 70g,891954,$0.75,$1.07 / 100G,https://www.woolworths.com.au/shop/productdetails/891954/woolworths-vanilla-yoghurt-pouch,https://cdn0.woolworths.media/content/wowproductimages/medium/891954.jpg,2020-09-21 17:27:05,Average product rating out of 5: 4.2. Product score is based on 476 ratings,476,,True
427f95b1-9480-48e3-88c6-ef0c6140c87b,Woolworths Supermarket,"Dairy, Eggs & Fridge",Devondale 3 Cheese Blend Shredded Cheese 600g,807863,$7.50,$12.50 / 1KG,https://www.woolworths.com.au/shop/productdetails/807863/devondale-3-cheese-blend-shredded-cheese,https://cdn0.woolworths.media/content/wowproductimages/medium/807863.jpg,2020-09-21 17:27:05,,0,,True
6e0c8fed-8558-472d-9573-9db8b2831410,Woolworths Supermarket,"Dairy, Eggs & Fridge",Ice Break Extra Shot Iced Coffee 2l,630081,$5.50,$2.75 / 1L,https://www.woolworths.com.au/shop/productdetails/630081/ice-break-extra-shot-iced-coffee,https://cdn0.woolworths.media/content/wowproductimages/medium/630081.jpg,2020-09-21 17:27:05,,0,,True
e8db1b64-7a3e-422e-a0c6-3633d3b52224,Woolworths Supermarket,"Dairy, Eggs & Fridge",Farmers Own Homogenised Full Cream 2l,678368,$3.00,$1.50 / 1L,https://www.woolworths.com.au/shop/productdetails/678368/farmers-own-homogenised-full-cream,https://cdn0.woolworths.media/content/wowproductimages/medium/678368.jpg,2020-09-21 17:27:05,,0,,True
18f99f94-a8d3-4469-b2da-df71306cbec2,Woolworths Supermarket,"Dairy, Eggs & Fridge",Farmers Own Lite 2l,678369,$3.00,$1.50 / 1L,https://www.woolworths.com.au/shop/productdetails/678369/farmers-own-lite,https://cdn0.woolworths.media/content/wowproductimages/medium/678369.jpg,2020-09-21 17:27:05,,0,,True
35eb9050-ec73-4dd9-babb-ef63d6ff3d7e,Woolworths Supermarket,"Dairy, Eggs & Fridge",Farmers Own Homogenised Full Cream 3l,678371,$4.50,$1.50 / 1L,https://www.woolworths.com.au/shop/productdetails/678371/farmers-own-homogenised-full-cream,https://cdn0.woolworths.media/content/wowproductimages/medium/678371.jpg,2020-09-21 17:27:05,,0,,True
5ba2e33f-17b3-4999-9951-84a8f267339b,Woolworths Supermarket,"Dairy, Eggs & Fridge",Farm Pride 12 Jumbo Free Range Eggs 800g,761107,$6.75,$0.84 / 100G,https://www.woolworths.com.au/shop/productdetails/761107/farm-pride-12-jumbo-free-range-eggs,https://cdn0.woolworths.media/content/wowproductimages/medium/761107.jpg,2020-09-21 17:27:05,,0,,True
b8cd4c2c-70df-4b35-b972-69fef66c9416,Woolworths Supermarket,"Dairy, Eggs & Fridge",Riverina Fresh Lactose Free Light Milk 2l,789209,$4.40,$2.20 / 1L,https://www.woolworths.com.au/shop/productdetails/789209/riverina-fresh-lactose-free-light-milk,https://cdn0.woolworths.media/content/wowproductimages/medium/789209.jpg,2020-09-21 17:27:05,,0,,True
51885265-9428-4ed1-8970-9520312e3e7d,Woolworths Supermarket,"Dairy, Eggs & Fridge",Califia Farms Mocha Cold Brew With Almond 750ml,802680,$4.00,$5.33 / 1L,https://www.woolworths.com.au/shop/productdetails/802680/califia-farms-mocha-cold-brew-with-almond,https://cdn0.woolworths.media/content/wowproductimages/medium/802680.jpg,2020-09-21 17:27:05,,0,,True
490a4885-3b77-4aa0-b0dd-3fc25bd2249b,Woolworths Supermarket,"Dairy, Eggs & Fridge",Califia Farms Choc Coconut Almond Blend 750ml,802682,$4.00,$5.33 / 1L,https://www.woolworths.com.au/shop/productdetails/802682/califia-farms-choc-coconut-almond-blend,https://cdn0.woolworths.media/content/wowproductimages/medium/802682.jpg,2020-09-21 17:27:05,,0,,True
3a727041-02a3-488b-b113-5dbe6755603a,Woolworths Supermarket,"Dairy, Eggs & Fridge",Sunfed Chicken Free Chicken 300g,814850,$11.00,$36.67 / 1KG,https://www.woolworths.com.au/shop/productdetails/814850/sunfed-chicken-free-chicken,https://cdn0.woolworths.media/content/wowproductimages/medium/814850.jpg,2020-09-21 17:27:05,,0,,True
2017b9a1-674e-4436-a8e1-b537ebe8670a,Woolworths Supermarket,"Dairy, Eggs & Fridge",Sunfresh Sesame Soy Noodle Salad 275g,115729,$4.50,$1.64 / 100G,https://www.woolworths.com.au/shop/productdetails/115729/sunfresh-sesame-soy-noodle-salad,https://cdn0.woolworths.media/content/wowproductimages/medium/115729.jpg,2020-09-21 17:27:05,,0,,True
dc651f39-1e46-4ecd-be65-4640adef5bc1,Woolworths Supermarket,"Dairy, Eggs & Fridge",Sunfresh Indian Rice Salad 275g,116648,$4.50,$1.64 / 100G,https://www.woolworths.com.au/shop/productdetails/116648/sunfresh-indian-rice-salad,https://cdn0.woolworths.media/content/wowproductimages/medium/116648.jpg,2020-09-21 17:27:05,,0,,True
d912c87c-1ff6-49f9-84be-d9202fc3e8cc,Woolworths Supermarket,"Dairy, Eggs & Fridge",National Pies Little Free Range Butter Chicken Pies 6 pack,094221,$7.50,$2.08 / 100G,https://www.woolworths.com.au/shop/productdetails/94221/national-pies-little-free-range-butter-chicken-pies,https://cdn0.woolworths.media/content/wowproductimages/medium/094221.jpg,2020-09-21 17:27:05,,0,,True
3bd5723c-0333-4fd6-98f2-e2356685ac96,Woolworths Supermarket,"Dairy, Eggs & Fridge",Sunfresh Broccoli Brown Rice Salad 275g,116797,$4.50,$1.64 / 100G,https://www.woolworths.com.au/shop/productdetails/116797/sunfresh-broccoli-brown-rice-salad,https://cdn0.woolworths.media/content/wowproductimages/medium/116797.jpg,2020-09-21 17:27:05,,0,,True
390b4141-cac8-4a9c-a7d1-bd927f0fb23b,Woolworths Supermarket,"Dairy, Eggs & Fridge",Camperdown Dairy Full Cream Milk 2l,508876,$3.50,$1.75 / 1L,https://www.woolworths.com.au/shop/productdetails/508876/camperdown-dairy-full-cream-milk,https://cdn0.woolworths.media/content/wowproductimages/medium/508876.jpg,2020-09-21 17:27:05,,0,,True
2f7583e8-cbd8-4581-b09c-ec8f54790987,Woolworths Supermarket,"Dairy, Eggs & Fridge",Big M Flavoured Milk Strawberry 500ml bottle,590390,$3.40,$6.80 / 1L,https://www.woolworths.com.au/shop/productdetails/590390/big-m-flavoured-milk-strawberry,https://cdn0.woolworths.media/content/wowproductimages/medium/590390.jpg,2020-09-21 17:27:05,,0,,True
969445e9-1053-418e-8aa1-0823f648ac9b,Woolworths Supermarket,"Dairy, Eggs & Fridge",Sunfresh Falafel & Lentil Tabouleh Salad 300g,663414,$7.00,$2.33 / 100G,https://www.woolworths.com.au/shop/productdetails/663414/sunfresh-falafel-lentil-tabouleh-salad,https://cdn0.woolworths.media/content/wowproductimages/medium/663414.jpg,2020-09-21 17:27:05,,0,,True
6ef06d68-27e9-43aa-af1b-2f29585fcf97,Woolworths Supermarket,"Dairy, Eggs & Fridge",Farmers Own Lite 3l,678373,$4.50,$1.50 / 1L,https://www.woolworths.com.au/shop/productdetails/678373/farmers-own-lite,https://cdn0.woolworths.media/content/wowproductimages/medium/678373.jpg,2020-09-21 17:27:05,,0,,True
c227cc57-65b6-473c-ab70-cc5a32ceae6b,Woolworths Supermarket,"Dairy, Eggs & Fridge",Big M Chocolate Milk 600ml,824759,$3.40,$5.67 / 1L,https://www.woolworths.com.au/shop/productdetails/824759/big-m-chocolate-milk,https://cdn0.woolworths.media/content/wowproductimages/medium/824759.jpg,2020-09-21 17:27:05,,0,,True
8a6ef39b-dad1-441d-b22f-8297461a80c2,Woolworths Supermarket,"Dairy, Eggs & Fridge",Country Farm 12 Extra Large Caged Eggs 700g,063407,$3.90,$0.56 / 100G,https://www.woolworths.com.au/shop/productdetails/63407/country-farm-12-extra-large-caged-eggs,https://cdn0.woolworths.media/content/wowproductimages/medium/063407.jpg,2020-09-21 17:27:05,,0,,True
ae809ad5-bdd4-4d4e-a21a-efad52d6b1c7,Woolworths Supermarket,"Dairy, Eggs & Fridge",Happy Hens Egg Farm 12 Large Free Range Eggs 600g,063410,$5.30,$0.88 / 100G,https://www.woolworths.com.au/shop/productdetails/63410/happy-hens-egg-farm-12-large-free-range-eggs,https://cdn0.woolworths.media/content/wowproductimages/medium/063410.jpg,2020-09-21 17:27:05,,0,,True
704f6c8b-d45e-46fc-89f2-d4a5b8ae880f,Woolworths Supermarket,"Dairy, Eggs & Fridge",Camperdown Dairy Light Milk 2l,509050,$3.50,$1.75 / 1L,https://www.woolworths.com.au/shop/productdetails/509050/camperdown-dairy-light-milk,https://cdn0.woolworths.media/content/wowproductimages/medium/509050.jpg,2020-09-21 17:27:05,,0,,True
e7d97175-bce7-4258-9339-a25a1c234804,Woolworths Supermarket,"Dairy, Eggs & Fridge",Farm Pride 12 Free Range Eggs 700g,121861,$6.50,$0.93 / 100G,https://www.woolworths.com.au/shop/productdetails/121861/farm-pride-12-free-range-eggs,https://cdn0.woolworths.media/content/wowproductimages/medium/121861.jpg,2020-09-21 17:27:05,,0,Was $6.50 26/06/2017,True
0582f51c-a234-4c1d-8225-0ca347f03b55,Woolworths Supermarket,"Dairy, Eggs & Fridge",Josh's Rainbow 18 Large Free Range Eggs 900g,081973,$10.00,$1.11 / 100G,https://www.woolworths.com.au/shop/productdetails/81973/josh-s-rainbow-18-large-free-range-eggs,https://cdn0.woolworths.media/content/wowproductimages/medium/081973.jpg,2020-09-21 17:27:05,,0,,True
bb03d288-8b5a-4e30-9532-b68f275f82c2,Woolworths Supermarket,"Dairy, Eggs & Fridge",Seng Hork Chicken Buns 4 pack,601586,$4.50,$15.00 / 1KG,https://www.woolworths.com.au/shop/productdetails/601586/seng-hork-chicken-buns,https://cdn0.woolworths.media/content/wowproductimages/medium/601586.jpg,2020-09-21 17:27:05,,0,,True
74ef90e9-af5e-4c37-9289-caee81e7009f,Woolworths Supermarket,"Dairy, Eggs & Fridge",Coon Cheese Slices Tasty 750g,187899,$10.00,$13.33 / 1KG,https://www.woolworths.com.au/shop/productdetails/187899/coon-cheese-slices-tasty,https://cdn0.woolworths.media/content/wowproductimages/medium/187899.jpg,2020-09-21 17:27:05,,0,Was $12.00 07/07/2020,True
0d751f60-ec0a-490e-a722-192f16c41790,Woolworths Supermarket,"Dairy, Eggs & Fridge",Just 4 You 12 Extra Large Caged Eggs 700g,893974,$3.50,$0.50 / 100G,https://www.woolworths.com.au/shop/productdetails/893974/just-4-you-12-extra-large-caged-eggs,https://cdn0.woolworths.media/content/wowproductimages/medium/893974.jpg,2020-09-21 17:27:05,,0,,True
29d343e4-9df0-4af8-a39e-3e9ec34d6289,Woolworths Supermarket,"Dairy, Eggs & Fridge",Flora Proactiv Margarine Buttery 750g,763453,$10.00,$1.33 / 100G,https://www.woolworths.com.au/shop/productdetails/763453/flora-proactiv-margarine-buttery,https://cdn0.woolworths.media/content/wowproductimages/medium/763453.jpg,2020-09-21 17:27:05,,0,,True
9219d117-667e-4bf3-afb9-25f791b8c8fb,Woolworths Supermarket,"Dairy, Eggs & Fridge",A2 Full Cream Milk 2l,208064,$5.30,$2.65 / 1L,https://www.woolworths.com.au/shop/productdetails/208064/a2-full-cream-milk,https://cdn0.woolworths.media/content/wowproductimages/medium/208064.jpg,2020-09-21 17:27:05,,0,,True
e35a8968-2b75-4b99-9361-9c87524fe242,Woolworths Supermarket,"Dairy, Eggs & Fridge",Woolworths Drought Relief Lite Milk 2l,807385,$2.39,$1.20 / 1L,https://www.woolworths.com.au/shop/productdetails/807385/woolworths-drought-relief-lite-milk,https://cdn0.woolworths.media/content/wowproductimages/medium/807385.jpg,2020-09-21 17:27:05,,0,,True
45f6621e-97b9-4122-923c-9024c679bff9,Woolworths Supermarket,"Dairy, Eggs & Fridge",Woolworths Drought Relief Full Cream Milk 3l,807384,$3.59,$1.20 / 1L,https://www.woolworths.com.au/shop/productdetails/807384/woolworths-drought-relief-full-cream-milk,https://cdn0.woolworths.media/content/wowproductimages/medium/807384.jpg,2020-09-21 17:27:05,,0,,True
c8d9908d-0bfc-4024-a7f0-23cc2afe777e,Woolworths Supermarket,"Dairy, Eggs & Fridge",Almond Breeze Unsweetened Almond Milk 1l,761604,$2.50,$2.50 / 1L,https://www.woolworths.com.au/shop/productdetails/761604/almond-breeze-unsweetened-almond-milk,https://cdn0.woolworths.media/content/wowproductimages/medium/761604.jpg,2020-09-21 17:27:05,,0,Was $3.25 13/03/2017,True
29b7e746-672c-4eaa-b3c3-2a48a1ffef41,Woolworths Supermarket,"Dairy, Eggs & Fridge",Woolworths Thickened Cream 600ml,048720,$3.00,$0.50 / 100ML,https://www.woolworths.com.au/shop/productdetails/48720/woolworths-thickened-cream,https://cdn0.woolworths.media/content/wowproductimages/medium/048720.jpg,2020-09-21 17:27:05,Average product rating out of 5: 4.8. Product score is based on 740 ratings,740,,True
9afa6a91-d8b4-4c4f-9426-e4fa51cab81e,Woolworths Supermarket,"Dairy, Eggs & Fridge",Woolworths Drought Relief Full Cream Milk 2l,807383,$2.39,$1.20 / 1L,https://www.woolworths.com.au/shop/productdetails/807383/woolworths-drought-relief-full-cream-milk,https://cdn0.woolworths.media/content/wowproductimages/medium/807383.jpg,2020-09-21 17:27:05,Average product rating out of 5: 4.7. Product score is based on 385 ratings,385,,True
b9c3cfbd-3f3e-446e-b215-443b179d56fa,Woolworths Supermarket,"Dairy, Eggs & Fridge",Woolworths Tasty Shredded Cheese 500g,729026,$6.00,$12.00 / 1KG,https://www.woolworths.com.au/shop/productdetails/729026/woolworths-tasty-shredded-cheese,https://cdn0.woolworths.media/content/wowproductimages/medium/729026.jpg,2020-09-21 17:27:05,Average product rating out of 5: 4.6. Product score is based on 500 ratings,500,,True
1564d9ff-b0b9-463e-bf69-c97879e25574,Woolworths Supermarket,"Dairy, Eggs & Fridge",Western Star Original Spreadable 500g,069756,$6.00,$1.20 / 100G,https://www.woolworths.com.au/shop/productdetails/69756/western-star-original-spreadable,https://cdn0.woolworths.media/content/wowproductimages/medium/069756.jpg,2020-09-21 17:27:05,,0,,True
c702a139-5432-49e5-a24a-a81700e1ad8b,Woolworths Supermarket,"Dairy, Eggs & Fridge",Woolworths Mozzarella Shredded Cheese 500g,728983,$6.00,$12.00 / 1KG,https://www.woolworths.com.au/shop/productdetails/728983/woolworths-mozzarella-shredded-cheese,https://cdn0.woolworths.media/content/wowproductimages/medium/728983.jpg,2020-09-21 17:27:05,Average product rating out of 5: 4.5. Product score is based on 469 ratings,469,,True
a50f429c-19fc-4443-9b46-41b68ae4b3ca,Woolworths Supermarket,"Dairy, Eggs & Fridge",Woolworths Baby Leaf Spinach 120g,524322,$3.00,$25.00 / 1KG,https://www.woolworths.com.au/shop/productdetails/524322/woolworths-baby-leaf-spinach,https://cdn0.woolworths.media/content/wowproductimages/medium/524322.jpg,2020-09-21 17:27:05,Average product rating out of 5: 4.7. Product score is based on 2842 ratings,2842,,True
fe154ab9-827d-4a64-b72a-76ce9a2499e7,Woolworths Supermarket,"Dairy, Eggs & Fridge",Woolworths Drought Relief Lite Milk 3l,807386,$3.59,$1.20 / 1L,https://www.woolworths.com.au/shop/productdetails/807386/woolworths-drought-relief-lite-milk,https://cdn0.woolworths.media/content/wowproductimages/medium/807386.jpg,2020-09-21 17:27:05,,0,,True
a4e029bd-ca72-482b-984b-80cbc9bb851e,Woolworths Supermarket,"Dairy, Eggs & Fridge",Hillview Cheese Block 1kg,500187,$8.00,$8.00 / 1KG,https://www.woolworths.com.au/shop/productdetails/500187/hillview-cheese-block,https://cdn0.woolworths.media/content/wowproductimages/medium/500187.jpg,2020-09-21 17:27:05,Average product rating out of 5: 4.5. Product score is based on 66 ratings,66,,True
78c17fa2-11cb-4419-8bbb-3e3c4b48abdc,Woolworths Supermarket,"Dairy, Eggs & Fridge",Hillview Tasty Shredded Cheese 700g,491820,$6.60,$9.43 / 1KG,https://www.woolworths.com.au/shop/productdetails/491820/hillview-tasty-shredded-cheese,https://cdn0.woolworths.media/content/wowproductimages/medium/491820.jpg,2020-09-21 17:27:05,Average product rating out of 5: 4.5. Product score is based on 48 ratings,48,,True
d44ba02c-3678-4602-836b-5f6e837c16e0,Woolworths Supermarket,"Dairy, Eggs & Fridge",Woolworths Uht Full Cream Milk 1l,748595,$1.25,$1.25 / 1L,https://www.woolworths.com.au/shop/productdetails/748595/woolworths-uht-full-cream-milk,https://cdn0.woolworths.media/content/wowproductimages/medium/748595.jpg,2020-09-21 17:27:05,Average product rating out of 5: 4.9. Product score is based on 36 ratings,36,,True
5bdecbe8-4ada-4d90-96bb-8bd5540c5d4b,Woolworths Supermarket,"Dairy, Eggs & Fridge",Woolworths Single Leaf Baby Spinach 280g,524336,$5.00,$17.86 / 1KG,https://www.woolworths.com.au/shop/productdetails/524336/woolworths-single-leaf-baby-spinach,https://cdn0.woolworths.media/content/wowproductimages/medium/524336.jpg,2020-09-21 17:27:05,Average product rating out of 5: 4.8. Product score is based on 532 ratings,532,,True
c96c65d9-7de1-4ac5-84f5-4350e0f89dac,Woolworths Supermarket,"Dairy, Eggs & Fridge",Woolworths Baby Spinach Salad Bag 60g,379515,$2.00,$33.33 / 1KG,https://www.woolworths.com.au/shop/productdetails/379515/woolworths-baby-spinach-salad-bag,https://cdn0.woolworths.media/content/wowproductimages/medium/379515.jpg,2020-09-21 17:27:05,Average product rating out of 5: 4.7. Product score is based on 725 ratings,725,,True
390c3590-e13a-479c-8c2b-a5324730778e,Woolworths Supermarket,"Dairy, Eggs & Fridge",A2 Light Milk 2l,208066,$5.30,$2.65 / 1L,https://www.woolworths.com.au/shop/productdetails/208066/a2-light-milk,https://cdn0.woolworths.media/content/wowproductimages/medium/208066.jpg,2020-09-21 17:27:05,,0,,True
8a2a4998-cd68-42be-a097-9638c3438f42,Woolworths Supermarket,"Dairy, Eggs & Fridge",Lush Chocolate Mousse Dessert 250g,693067,$5.00,$2.00 / 100G,https://www.woolworths.com.au/shop/productdetails/693067/lush-chocolate-mousse-dessert,https://cdn0.woolworths.media/content/wowproductimages/medium/693067.jpg,2020-09-21 17:27:05,,0,,True
892bf22e-a943-49af-bf6b-6f9b14bb788f,Woolworths Supermarket,"Dairy, Eggs & Fridge",Almo Unsweetened Almond Milk 1l,802675,$4.80,$4.80 / 1L,https://www.woolworths.com.au/shop/productdetails/802675/almo-unsweetened-almond-milk,https://cdn0.woolworths.media/content/wowproductimages/medium/802675.jpg,2020-09-21 17:27:05,,0,,True
6683656c-d9e1-42b3-9ac5-04112258a98a,Woolworths Supermarket,"Dairy, Eggs & Fridge",Josh's Rainbow 12 Extra Large Free Range Eggs 700g,927400,,,https://www.woolworths.com.au/shop/productdetails/927400/josh-s-rainbow-12-extra-large-free-range-eggs,https://cdn0.woolworths.media/content/wowproductimages/medium/927400.jpg,2020-09-21 17:27:05,,0,,False
d9b9ddd1-2fc2-4c57-bc91-409a869bdb72,Woolworths Supermarket,"Dairy, Eggs & Fridge",Josh's Rainbow 12 Large Free Range Eggs 600g,927402,$7.10,$1.18 / 100G,https://www.woolworths.com.au/shop/productdetails/927402/josh-s-rainbow-12-large-free-range-eggs,https://cdn0.woolworths.media/content/wowproductimages/medium/927402.jpg,2020-09-21 17:27:05,,0,,True
d9e891b5-067e-4ad1-926e-12a6cd3c0bec,Woolworths Supermarket,"Dairy, Eggs & Fridge",Josh's Rainbow 6 Extra Large Free Range Eggs 350g,927429,,,https://www.woolworths.com.au/shop/productdetails/927429/josh-s-rainbow-6-extra-large-free-range-eggs,https://cdn0.woolworths.media/content/wowproductimages/medium/927429.jpg,2020-09-21 17:27:05,,0,,False
8f3795f9-5b2e-4b1e-b520-f202de615cc6,Woolworths Supermarket,"Dairy, Eggs & Fridge",Seng Hork Bbq Pork Buns 4 pack,601581,$4.50,$15.00 / 1KG,https://www.woolworths.com.au/shop/productdetails/601581/seng-hork-bbq-pork-buns,https://cdn0.woolworths.media/content/wowproductimages/medium/601581.jpg,2020-09-21 17:27:05,,0,,True
d87b473f-7460-4f28-91ee-995d6e978bf8,Woolworths Supermarket,"Dairy, Eggs & Fridge",Seng Hork Flower Rolls 6 pack,601589,$4.00,$8.00 / 1KG,https://www.woolworths.com.au/shop/productdetails/601589/seng-hork-flower-rolls,https://cdn0.woolworths.media/content/wowproductimages/medium/601589.jpg,2020-09-21 17:27:05,,0,,True
8977dd8a-4be5-4611-9d54-dab89882ea17,Woolworths Supermarket,"Dairy, Eggs & Fridge",Boscastle Gourmet Beef Rolls 12 pack,728199,$17.99,$3.00 / 100G,https://www.woolworths.com.au/shop/productdetails/728199/boscastle-gourmet-beef-rolls,https://cdn0.woolworths.media/content/wowproductimages/medium/728199.jpg,2020-09-21 17:27:05,,0,,True
fb501e35-9baf-42aa-9b48-ec7db2abfadd,Woolworths Supermarket,"Dairy, Eggs & Fridge",Boscastle Butter Chicken Gourmet Pie 12 pack,774445,$17.99,$2.73 / 100G,https://www.woolworths.com.au/shop/productdetails/774445/boscastle-butter-chicken-gourmet-pie,https://cdn0.woolworths.media/content/wowproductimages/medium/774445.jpg,2020-09-21 17:27:05,,0,,True
fb1c6cb3-1429-4caa-a46e-e9392e7f66fd,Woolworths Supermarket,"Dairy, Eggs & Fridge",Bocastle Thai Chicken Party Pies 12 pack,306419,$17.99,$2.73 / 100G,https://www.woolworths.com.au/shop/productdetails/306419/bocastle-thai-chicken-party-pies,https://cdn0.woolworths.media/content/wowproductimages/medium/306419.jpg,2020-09-21 17:27:05,,0,,True
3ee96cd1-c9ee-422b-84f2-152c57b8bc8d,Woolworths Supermarket,"Dairy, Eggs & Fridge",Boscastle Korma Curry Vegetable Pies 12 pack,306414,$17.99,,https://www.woolworths.com.au/shop/productdetails/306414/boscastle-korma-curry-vegetable-pies,https://cdn0.woolworths.media/content/wowproductimages/medium/306414.jpg,2020-09-21 17:27:05,,0,,True
db436d57-5136-4711-a9b5-a7346ba21fc2,Woolworths Supermarket,"Dairy, Eggs & Fridge",Perfect Italiano Shaved Parmesan 125g,360904,$3.25,$26.00 / 1KG,https://www.woolworths.com.au/shop/productdetails/360904/perfect-italiano-shaved-parmesan,https://cdn0.woolworths.media/content/wowproductimages/medium/360904.jpg,2020-09-21 17:27:05,,0,,True
c7d28c69-e6d9-45d5-b1fb-2302f6f6f5ee,Woolworths Supermarket,"Dairy, Eggs & Fridge",Perfect Italiano Extra Sharp Grated Parmesan 125g,302306,$3.25,$26.00 / 1KG,https://www.woolworths.com.au/shop/productdetails/302306/perfect-italiano-extra-sharp-grated-parmesan,https://cdn0.woolworths.media/content/wowproductimages/medium/302306.jpg,2020-09-21 17:27:05,,0,,True
b77b4657-47be-4122-8ca6-81e1e1440068,Woolworths Supermarket,"Dairy, Eggs & Fridge",Woolworths Tasty Shredded Cheese 500g,729026,$6.00,$12.00 / 1KG,https://www.woolworths.com.au/shop/productdetails/729026/woolworths-tasty-shredded-cheese,https://cdn0.woolworths.media/content/wowproductimages/medium/729026.jpg,2020-09-21 17:27:05,Average product rating out of 5: 4.6. Product score is based on 500 ratings,500,,True
278890b4-3e2b-48dc-bf02-48a239ee8827,Woolworths Supermarket,"Dairy, Eggs & Fridge",Hillview Tasty Shredded Cheese 700g,491820,$6.60,$9.43 / 1KG,https://www.woolworths.com.au/shop/productdetails/491820/hillview-tasty-shredded-cheese,https://cdn0.woolworths.media/content/wowproductimages/medium/491820.jpg,2020-09-21 17:27:05,Average product rating out of 5: 4.5. Product score is based on 48 ratings,48,,True
7423f10b-8ef6-4198-8e1d-e41babf8801b,Woolworths Supermarket,"Dairy, Eggs & Fridge",Woolworths Mozzarella Shredded Cheese 500g,728983,$6.00,$12.00 / 1KG,https://www.woolworths.com.au/shop/productdetails/728983/woolworths-mozzarella-shredded-cheese,https://cdn0.woolworths.media/content/wowproductimages/medium/728983.jpg,2020-09-21 17:27:05,Average product rating out of 5: 4.5. Product score is based on 469 ratings,469,,True
835568a1-b858-4c57-b766-d479af8e24a5,Woolworths Supermarket,"Dairy, Eggs & Fridge",Woolworths Drought Relief Full Cream Milk 2l,807383,$2.39,$1.20 / 1L,https://www.woolworths.com.au/shop/productdetails/807383/woolworths-drought-relief-full-cream-milk,https://cdn0.woolworths.media/content/wowproductimages/medium/807383.jpg,2020-09-21 17:27:05,Average product rating out of 5: 4.7. Product score is based on 385 ratings,385,,True
85d2014f-b803-4e41-8ba1-39ebf8fc9381,Woolworths Supermarket,"Dairy, Eggs & Fridge",Woolworths Baby Spinach Salad Bag 60g,379515,$2.00,$33.33 / 1KG,https://www.woolworths.com.au/shop/productdetails/379515/woolworths-baby-spinach-salad-bag,https://cdn0.woolworths.media/content/wowproductimages/medium/379515.jpg,2020-09-21 17:27:05,Average product rating out of 5: 4.7. Product score is based on 725 ratings,725,,True
110d878a-9fcd-43b6-ac5c-8c5f7c632bc3,Woolworths Supermarket,"Dairy, Eggs & Fridge",Hillview Cheese Block 1kg,500187,$8.00,$8.00 / 1KG,https://www.woolworths.com.au/shop/productdetails/500187/hillview-cheese-block,https://cdn0.woolworths.media/content/wowproductimages/medium/500187.jpg,2020-09-21 17:27:05,Average product rating out of 5: 4.5. Product score is based on 66 ratings,66,,True
2cf65b50-8a57-469a-bd61-df7e1f92d668,Woolworths Supermarket,"Dairy, Eggs & Fridge",Woolworths Uht Full Cream Milk 1l,748595,$1.25,$1.25 / 1L,https://www.woolworths.com.au/shop/productdetails/748595/woolworths-uht-full-cream-milk,https://cdn0.woolworths.media/content/wowproductimages/medium/748595.jpg,2020-09-21 17:27:05,Average product rating out of 5: 4.9. Product score is based on 36 ratings,36,,True
a5afd1ee-8812-4c60-9a0e-37f22ed61e8f,Woolworths Supermarket,"Dairy, Eggs & Fridge",Woolworths Baby Leaf Spinach 120g,524322,$3.00,$25.00 / 1KG,https://www.woolworths.com.au/shop/productdetails/524322/woolworths-baby-leaf-spinach,https://cdn0.woolworths.media/content/wowproductimages/medium/524322.jpg,2020-09-21 17:27:05,Average product rating out of 5: 4.7. Product score is based on 2842 ratings,2842,,True
a0b8d50d-3ffe-48d0-b85c-c23504121984,Woolworths Supermarket,"Dairy, Eggs & Fridge",Woolworths Thickened Cream 300ml,044317,$1.90,$0.63 / 100ML,https://www.woolworths.com.au/shop/productdetails/44317/woolworths-thickened-cream,https://cdn0.woolworths.media/content/wowproductimages/medium/044317.jpg,2020-09-21 17:27:05,Average product rating out of 5: 4.9. Product score is based on 629 ratings,629,,True
aa06ad13-51df-4d51-aed0-5f18e23f5e19,Woolworths Supermarket,"Dairy, Eggs & Fridge",Western Star Original Spreadable 500g,069756,$6.00,$1.20 / 100G,https://www.woolworths.com.au/shop/productdetails/69756/western-star-original-spreadable,https://cdn0.woolworths.media/content/wowproductimages/medium/069756.jpg,2020-09-21 17:27:05,,0,,True
6890aefa-e45d-4b47-a349-b46fe18ab2d6,Woolworths Supermarket,"Dairy, Eggs & Fridge",Woolworths Drought Relief Lite Milk 2l,807385,$2.39,$1.20 / 1L,https://www.woolworths.com.au/shop/productdetails/807385/woolworths-drought-relief-lite-milk,https://cdn0.woolworths.media/content/wowproductimages/medium/807385.jpg,2020-09-21 17:27:05,,0,,True
c51c67e6-84c7-409a-931b-68d0e9181011,Woolworths Supermarket,"Dairy, Eggs & Fridge",Woolworths Sour Cream 300ml,105609,$2.10,$0.70 / 100ML,https://www.woolworths.com.au/shop/productdetails/105609/woolworths-sour-cream,https://cdn0.woolworths.media/content/wowproductimages/medium/105609.jpg,2020-09-21 17:27:05,Average product rating out of 5: 4.5. Product score is based on 1353 ratings,1353,,True
377e8e7e-74b3-4cbc-a0ff-3025ce80bb4e,Woolworths Supermarket,"Dairy, Eggs & Fridge",Woolworths Drought Relief Lite Milk 3l,807386,$3.59,$1.20 / 1L,https://www.woolworths.com.au/shop/productdetails/807386/woolworths-drought-relief-lite-milk,https://cdn0.woolworths.media/content/wowproductimages/medium/807386.jpg,2020-09-21 17:27:05,,0,,True
ac83250c-ed0d-4e1e-8658-09dd9365d68f,Woolworths Supermarket,"Dairy, Eggs & Fridge",Woolworths Drought Relief Full Cream Milk 3l,807384,$3.59,$1.20 / 1L,https://www.woolworths.com.au/shop/productdetails/807384/woolworths-drought-relief-full-cream-milk,https://cdn0.woolworths.media/content/wowproductimages/medium/807384.jpg,2020-09-21 17:27:05,,0,,True
e1331643-104f-4ddd-84a7-7fc9535b8c32,Woolworths Supermarket,"Dairy, Eggs & Fridge",Woolworths Single Leaf Baby Spinach 280g,524336,$5.00,$17.86 / 1KG,https://www.woolworths.com.au/shop/productdetails/524336/woolworths-single-leaf-baby-spinach,https://cdn0.woolworths.media/content/wowproductimages/medium/524336.jpg,2020-09-21 17:27:05,Average product rating out of 5: 4.8. Product score is based on 532 ratings,532,,True
168ffcb5-55c0-42fe-961e-364bf3c0c92f,Woolworths Supermarket,"Dairy, Eggs & Fridge",Woolworths Thickened Cream 600ml,048720,$3.00,$0.50 / 100ML,https://www.woolworths.com.au/shop/productdetails/48720/woolworths-thickened-cream,https://cdn0.woolworths.media/content/wowproductimages/medium/048720.jpg,2020-09-21 17:27:05,Average product rating out of 5: 4.8. Product score is based on 740 ratings,740,,True
f6d2ed86-3272-48e2-96c6-8b09b144846c,Woolworths Supermarket,"Dairy, Eggs & Fridge",Just 4 You 12 Extra Large Caged Eggs 700g,893974,$3.50,$0.50 / 100G,https://www.woolworths.com.au/shop/productdetails/893974/just-4-you-12-extra-large-caged-eggs,https://cdn0.woolworths.media/content/wowproductimages/medium/893974.jpg,2020-09-21 17:27:05,,0,,True
6fc891fb-fc21-47cb-a462-e643cf2cb2b0,Woolworths Supermarket,"Dairy, Eggs & Fridge",Almond Breeze Unsweetened Almond Milk 1l,761604,$2.50,$2.50 / 1L,https://www.woolworths.com.au/shop/productdetails/761604/almond-breeze-unsweetened-almond-milk,https://cdn0.woolworths.media/content/wowproductimages/medium/761604.jpg,2020-09-21 17:27:05,,0,Was $3.25 13/03/2017,True
