id,supermarket,category,product_name,product_id,price,cup_price,product_url,img_url,viewed_date,ratings,rating_count,product_specials,available_in_stock
a2732e3a-160b-400a-b237-02429454df65,Woolworths Supermarket,Drinks,Woolworths Lemonade Bottle 1.25l,333339,$0.75,$0.60 / 1L,https://www.woolworths.com.au/shop/productdetails/333339/woolworths-lemonade-bottle,https://cdn0.woolworths.media/content/wowproductimages/medium/333339.jpg,2020-09-21 16:53:59,Average product rating out of 5: 4.3. Product score is based on 667 ratings,667,,True
dea62a48-650d-4aea-9669-25091d49417f,Woolworths Supermarket,Drinks,Woolworths Raspberry Bottle 1.25l,374622,$0.75,$0.60 / 1L,https://www.woolworths.com.au/shop/productdetails/374622/woolworths-raspberry-bottle,https://cdn0.woolworths.media/content/wowproductimages/medium/374622.jpg,2020-09-21 16:53:59,Average product rating out of 5: 3.8. Product score is based on 1061 ratings,1061,,True
4bcefbd0-28f6-4b35-b2e3-ae0540ab67f6,Woolworths Supermarket,Drinks,Woolworths Pineapple Bottle 1.25l,756026,$0.75,$0.60 / 1L,https://www.woolworths.com.au/shop/productdetails/756026/woolworths-pineapple-bottle,https://cdn0.woolworths.media/content/wowproductimages/medium/756026.jpg,2020-09-21 16:53:59,Average product rating out of 5: 4.1. Product score is based on 236 ratings,236,,True
380aef7a-cbf2-4ee9-963d-28ccb2f969e5,Woolworths Supermarket,Drinks,Coca-cola Bottle 2l,038121,$2.75,$1.38 / 1L,https://www.woolworths.com.au/shop/productdetails/38121/coca-cola-bottle,https://cdn0.woolworths.media/content/wowproductimages/medium/038121.jpg,2020-09-21 16:53:59,,0,Was $4.20 12/12/2017,True
8633e42c-4039-45d9-8179-778b2bf3a9dd,Woolworths Supermarket,Drinks,Woolworths Passionfruit Bottle 1.25l,570637,$0.75,$0.60 / 1L,https://www.woolworths.com.au/shop/productdetails/570637/woolworths-passionfruit-bottle,https://cdn0.woolworths.media/content/wowproductimages/medium/570637.jpg,2020-09-21 16:53:59,Average product rating out of 5: 4.1. Product score is based on 894 ratings,894,,True
2b799997-3f75-40bc-84f2-5054cc90f753,Woolworths Supermarket,Drinks,Sprite Lemonade Bottle 1.25l,095325,$2.50,$2.00 / 1L,https://www.woolworths.com.au/shop/productdetails/95325/sprite-lemonade-bottle,https://cdn0.woolworths.media/content/wowproductimages/medium/095325.jpg,2020-09-21 16:53:59,,0,,True
fd92869a-d207-466a-b92d-6f2d8295262e,Woolworths Supermarket,Drinks,Woolworths Apple Juice 2l,825527,$2.00,$1.00 / 1L,https://www.woolworths.com.au/shop/productdetails/825527/woolworths-apple-juice,https://cdn0.woolworths.media/content/wowproductimages/medium/825527.jpg,2020-09-21 16:53:59,Average product rating out of 5: 4.6. Product score is based on 196 ratings,196,,True
beb857a7-0327-4453-8d6b-78f3e398e009,Woolworths Supermarket,Drinks,Coca-cola Classic Soft Drink Multipack Cans 375ml x24 case,042605,$14.10,$1.57 / 1L,https://www.woolworths.com.au/shop/productdetails/42605/coca-cola-classic-soft-drink-multipack-cans,https://cdn0.woolworths.media/content/wowproductimages/medium/042605.jpg,2020-09-21 16:53:59,,0,,True
f146fc7b-4054-4232-95e5-33e6a46c5524,Woolworths Supermarket,Drinks,Schweppes Lemon Lime & Bitters 1.1l,634290,$1.70,$1.55 / 1L,https://www.woolworths.com.au/shop/productdetails/634290/schweppes-lemon-lime-bitters,https://cdn0.woolworths.media/content/wowproductimages/medium/634290.jpg,2020-09-21 16:53:59,,0,,True
e2910200-bbad-411e-a703-e202171e0778,Woolworths Supermarket,Drinks,Schweppes Raspberry 1.1l,703402,$1.70,$1.55 / 1L,https://www.woolworths.com.au/shop/productdetails/703402/schweppes-raspberry,https://cdn0.woolworths.media/content/wowproductimages/medium/703402.jpg,2020-09-21 16:53:59,,0,,True
8efbe55c-feea-4a36-878b-e0f81e8d862d,Woolworths Supermarket,Drinks,Fanta Orange Bottle 1.25l,032812,$2.50,$2.00 / 1L,https://www.woolworths.com.au/shop/productdetails/32812/fanta-orange-bottle,https://cdn0.woolworths.media/content/wowproductimages/medium/032812.jpg,2020-09-21 16:53:59,,0,,True
18a4e037-f853-421f-ab14-7f4d17d5728d,Woolworths Supermarket,Drinks,Kirks Pasito Cans 10x375ml pack,159798,$5.00,$1.33 / 1L,https://www.woolworths.com.au/shop/productdetails/159798/kirks-pasito-cans,https://cdn0.woolworths.media/content/wowproductimages/medium/159798.jpg,2020-09-21 16:53:59,,0,Was $9.05 14/05/2018,True
f34da90f-b071-416b-9bb9-cba3c15498dd,Woolworths Supermarket,Drinks,Woolworths Cola Bottle 1.25l,756022,$0.75,$0.60 / 1L,https://www.woolworths.com.au/shop/productdetails/756022/woolworths-cola-bottle,https://cdn0.woolworths.media/content/wowproductimages/medium/756022.jpg,2020-09-21 16:53:59,Average product rating out of 5: 3.5. Product score is based on 201 ratings,201,,True
0ae076e9-42ec-4738-bbd9-044a476969d4,Woolworths Supermarket,Drinks,Golden Circle Juice Golden Pash Drink Multipack 6x250ml,007576,$3.00,$2.00 / 1L,https://www.woolworths.com.au/shop/productdetails/7576/golden-circle-juice-golden-pash-drink-multipack,https://cdn0.woolworths.media/content/wowproductimages/medium/007576.jpg,2020-09-21 16:53:59,,0,,True
a0e86063-ed05-40b5-8e0d-1c109dd42fcb,Woolworths Supermarket,Drinks,Coca-cola Classic Soft Drink Bottle 1.25l,032731,$2.00,$1.60 / 1L,https://www.woolworths.com.au/shop/productdetails/32731/coca-cola-classic-soft-drink-bottle,https://cdn0.woolworths.media/content/wowproductimages/medium/032731.jpg,2020-09-21 16:53:59,,0,,True
f77fbe14-99c3-4125-8230-ba167928667c,Woolworths Supermarket,Drinks,Woolworths Lemon Bottle 1.25l,333342,$0.75,$0.60 / 1L,https://www.woolworths.com.au/shop/productdetails/333342/woolworths-lemon-bottle,https://cdn0.woolworths.media/content/wowproductimages/medium/333342.jpg,2020-09-21 16:53:59,Average product rating out of 5: 4.2. Product score is based on 596 ratings,596,,True
ae4f7e0a-e5a8-4b54-b939-20bd336da7e3,Woolworths Supermarket,Drinks,Schweppes Natural Mineral Water Orange & Mango 1.1l,634284,$1.70,$1.55 / 1L,https://www.woolworths.com.au/shop/productdetails/634284/schweppes-natural-mineral-water-orange-mango,https://cdn0.woolworths.media/content/wowproductimages/medium/634284.jpg,2020-09-21 16:53:59,,0,,True
8454730e-5983-48c6-b13c-3f18ca4dd4cd,Woolworths Supermarket,Drinks,Coca-cola No Sugar Soft Drink Cans 375ml x24 case,669683,$14.10,$1.57 / 1L,https://www.woolworths.com.au/shop/productdetails/669683/coca-cola-no-sugar-soft-drink-cans,https://cdn0.woolworths.media/content/wowproductimages/medium/669683.jpg,2020-09-21 16:53:59,,0,,True
15194b21-7351-4749-a045-c785f64cd1a4,Woolworths Supermarket,Drinks,Kirks Creaming Soda Cans 10x375ml pack,159799,$5.00,$1.33 / 1L,https://www.woolworths.com.au/shop/productdetails/159799/kirks-creaming-soda-cans,https://cdn0.woolworths.media/content/wowproductimages/medium/159799.jpg,2020-09-21 16:53:59,,0,Was $9.05 14/05/2018,True
2dae3e66-2257-417e-a2e5-d3fd6521f63d,Woolworths Supermarket,Drinks,Mountain Dew Soft Drink Energised Bottle 1.25l,727383,$1.10,$0.88 / 1L,https://www.woolworths.com.au/shop/productdetails/727383/mountain-dew-soft-drink-energised-bottle,https://cdn0.woolworths.media/content/wowproductimages/medium/727383.jpg,2020-09-21 16:53:59,,0,,True
71ad63fd-1ee0-4f72-9790-82e42caa55ee,Woolworths Supermarket,Drinks,Golden Circle Drink Tropical 6x250ml,043802,$3.00,$2.00 / 1L,https://www.woolworths.com.au/shop/productdetails/43802/golden-circle-drink-tropical,https://cdn0.woolworths.media/content/wowproductimages/medium/043802.jpg,2020-09-21 16:53:59,,0,,True
652ffce7-6511-4816-8f92-c99de026d1ac,Woolworths Supermarket,Drinks,Schweppes Agrum Blood Orange Blood Orange 1.1l,662713,$1.70,$1.55 / 1L,https://www.woolworths.com.au/shop/productdetails/662713/schweppes-agrum-blood-orange-blood-orange,https://cdn0.woolworths.media/content/wowproductimages/medium/662713.jpg,2020-09-21 16:53:59,,0,,True
cac1e8c8-f077-4058-ab91-f05b27f7c785,Woolworths Supermarket,Drinks,Sunkist Orange Cans 30x375ml pack,830734,$14.00,$1.24 / 1L,https://www.woolworths.com.au/shop/productdetails/830734/sunkist-orange-cans,https://cdn0.woolworths.media/content/wowproductimages/medium/830734.jpg,2020-09-21 16:53:59,,0,,True
97544466-48bf-4d03-8cd9-74ac1fe074b8,Woolworths Supermarket,Drinks,Pepsi Max Bottle 2l,007984,$2.00,$1.00 / 1L,https://www.woolworths.com.au/shop/productdetails/7984/pepsi-max-bottle,https://cdn0.woolworths.media/content/wowproductimages/medium/007984.jpg,2020-09-21 16:53:59,,0,Was $3.10 12/04/2016,True
bc61a82c-6d98-45a9-a07f-9a1cb2945c10,Woolworths Supermarket,Drinks,Golden Circle Apple Fruit Drink Multipack 6x250ml,094950,$3.00,$2.00 / 1L,https://www.woolworths.com.au/shop/productdetails/94950/golden-circle-apple-fruit-drink-multipack,https://cdn0.woolworths.media/content/wowproductimages/medium/094950.jpg,2020-09-21 16:53:59,,0,,True
e3056cc5-a6f9-415b-8f04-55875e483ded,Woolworths Supermarket,Drinks,Ribena Blackcurrant Drink 6 pack,194667,$3.00,$2.00 / 1L,https://www.woolworths.com.au/shop/productdetails/194667/ribena-blackcurrant-drink,https://cdn0.woolworths.media/content/wowproductimages/medium/194667.jpg,2020-09-21 16:53:59,,0,Was $3.55 24/09/2018,True
bae71422-4341-46a4-9141-4a0df81660db,Woolworths Supermarket,Drinks,Schweppes Lime 1.1l,081784,$1.70,$1.55 / 1L,https://www.woolworths.com.au/shop/productdetails/81784/schweppes-lime,https://cdn0.woolworths.media/content/wowproductimages/medium/081784.jpg,2020-09-21 16:53:59,,0,,True
07044bbf-3c6d-4d0d-8f44-6ad700c7de99,Woolworths Supermarket,Drinks,Kirks Lemonade Cans 10x375ml pack,159796,$5.00,$1.33 / 1L,https://www.woolworths.com.au/shop/productdetails/159796/kirks-lemonade-cans,https://cdn0.woolworths.media/content/wowproductimages/medium/159796.jpg,2020-09-21 16:53:59,,0,Was $9.05 14/05/2018,True
4a5d5311-99a7-414d-bf2b-ada4c1932890,Woolworths Supermarket,Drinks,Woolworths Lemonade Zero Sugar Bottle 1.25l,756025,$0.75,$0.60 / 1L,https://www.woolworths.com.au/shop/productdetails/756025/woolworths-lemonade-zero-sugar-bottle,https://cdn0.woolworths.media/content/wowproductimages/medium/756025.jpg,2020-09-21 16:53:59,Average product rating out of 5: 4.1. Product score is based on 700 ratings,700,,True
bceaedda-f03f-45a9-8ca1-d51d43021589,Woolworths Supermarket,Drinks,Golden Circle Sunshine Punch Fruit Drink 1l,035498,$2.15,$2.15 / 1L,https://www.woolworths.com.au/shop/productdetails/35498/golden-circle-sunshine-punch-fruit-drink,https://cdn0.woolworths.media/content/wowproductimages/medium/035498.jpg,2020-09-21 16:53:59,,0,,True
abd238f2-dfe7-44f0-809a-865f3152784c,Woolworths Supermarket,Drinks,Schweppes Solo Lemon Cans 24x375ml pack,162763,$15.00,$1.67 / 1L,https://www.woolworths.com.au/shop/productdetails/162763/schweppes-solo-lemon-cans,https://cdn0.woolworths.media/content/wowproductimages/medium/162763.jpg,2020-09-21 16:53:59,,0,,True
be233d7c-90a5-4ddb-9b16-ec5eb0e6e301,Woolworths Supermarket,Drinks,Frantelle Still Spring Water 24x600ml,219582,$9.00,$0.63 / 1L,https://www.woolworths.com.au/shop/productdetails/219582/frantelle-still-spring-water,https://cdn0.woolworths.media/content/wowproductimages/medium/219582.jpg,2020-09-21 16:53:59,,0,,True
a4b73eb1-fbb4-435c-aef4-5a028ef2f6fc,Woolworths Supermarket,Drinks,Pepsi Max Cans 30x375ml,773129,$14.00,$1.24 / 1L,https://www.woolworths.com.au/shop/productdetails/773129/pepsi-max-cans,https://cdn0.woolworths.media/content/wowproductimages/medium/773129.jpg,2020-09-21 16:53:59,,0,,True
89280e68-7c4e-4971-843f-6162e85c5f1a,Woolworths Supermarket,Drinks,Schweppes Lemon Lime & Bitters 4 x300ml,253766,$3.50,$2.92 / 1L,https://www.woolworths.com.au/shop/productdetails/253766/schweppes-lemon-lime-bitters,https://cdn0.woolworths.media/content/wowproductimages/medium/253766.jpg,2020-09-21 16:53:59,,0,,True
63a0363c-ee95-4ef9-96af-8eca775b7763,Woolworths Supermarket,Drinks,Sunkist Sunkist Bottle 1.25l,012011,$1.10,$0.88 / 1L,https://www.woolworths.com.au/shop/productdetails/12011/sunkist-sunkist-bottle,https://cdn0.woolworths.media/content/wowproductimages/medium/012011.jpg,2020-09-21 16:53:59,,0,,True
891dec3b-cbe8-4da1-8c14-140608203692,Woolworths Supermarket,Drinks,Schweppes Lemonade Can 375ml x24 pack,162789,$15.00,$1.67 / 1L,https://www.woolworths.com.au/shop/productdetails/162789/schweppes-lemonade-can,https://cdn0.woolworths.media/content/wowproductimages/medium/162789.jpg,2020-09-21 16:53:59,,0,,True
f1e93345-f918-4255-9011-6ac89cd97d2f,Woolworths Supermarket,Drinks,Schweppes Solo Lemon Bottle 1.25l,032673,$1.10,$0.88 / 1L,https://www.woolworths.com.au/shop/productdetails/32673/schweppes-solo-lemon-bottle,https://cdn0.woolworths.media/content/wowproductimages/medium/032673.jpg,2020-09-21 16:53:59,,0,,True
247a48b8-a2b9-4476-bbb3-a01f9db23931,Woolworths Supermarket,Drinks,Woolworths Uht Full Cream Milk 1l,748595,$1.25,$1.25 / 1L,https://www.woolworths.com.au/shop/productdetails/748595/woolworths-uht-full-cream-milk,https://cdn0.woolworths.media/content/wowproductimages/medium/748595.jpg,2020-09-21 16:53:59,Average product rating out of 5: 4.9. Product score is based on 36 ratings,36,,True
15c4c264-b98b-4d2e-b794-028b3fa4a6cd,Woolworths Supermarket,Drinks,Pepsi Bottle 1.25l,035808,$1.10,$0.88 / 1L,https://www.woolworths.com.au/shop/productdetails/35808/pepsi-bottle,https://cdn0.woolworths.media/content/wowproductimages/medium/035808.jpg,2020-09-21 16:53:59,,0,,True
b24e8fea-559e-4f23-a4bc-01dae375eaf4,Woolworths Supermarket,Drinks,Coca-cola Classic Soft Drink Multipack C Cans 375ml x30 case,084552,$34.45,$3.06 / 1L,https://www.woolworths.com.au/shop/productdetails/84552/coca-cola-classic-soft-drink-multipack-c-cans,https://cdn0.woolworths.media/content/wowproductimages/medium/084552.jpg,2020-09-21 16:53:59,,0,,True
2004ee96-76bb-4e6f-987d-caf1957932f6,Woolworths Supermarket,Drinks,Woolworths Cola Sugar Zero Bottle 1.25l,756023,$0.75,$0.60 / 1L,https://www.woolworths.com.au/shop/productdetails/756023/woolworths-cola-sugar-zero-bottle,https://cdn0.woolworths.media/content/wowproductimages/medium/756023.jpg,2020-09-21 16:53:59,Average product rating out of 5: 3.1. Product score is based on 195 ratings,195,,True
0d843979-8d93-4430-807b-dcc8ba378e27,Woolworths Supermarket,Drinks,Schweppes Signature Series Raspberry With Brazilian Orange Essence 4 x300ml,023258,$6.00,$5.00 / 1L,https://www.woolworths.com.au/shop/productdetails/23258/schweppes-signature-series-raspberry-with-brazilian-orange-essence,https://cdn0.woolworths.media/content/wowproductimages/medium/023258.jpg,2020-09-21 16:53:59,,0,,True
0e5d1d4b-5225-41af-a4b4-793a438119fc,Woolworths Supermarket,Drinks,Coca-cola No Sugar Soft Drink Bottle 1.25l,623034,$2.00,$1.60 / 1L,https://www.woolworths.com.au/shop/productdetails/623034/coca-cola-no-sugar-soft-drink-bottle,https://cdn0.woolworths.media/content/wowproductimages/medium/623034.jpg,2020-09-21 16:53:59,,0,,True
a2023141-184e-46fb-8e48-6c1cdf7b027a,Woolworths Supermarket,Drinks,Bundaberg Sparkling Passionfruit Sparkling Drink 4x375ml,886819,$5.70,$3.80 / 1L,https://www.woolworths.com.au/shop/productdetails/886819/bundaberg-sparkling-passionfruit-sparkling-drink,https://cdn0.woolworths.media/content/wowproductimages/medium/886819.jpg,2020-09-21 16:53:59,,0,,True
a5172d7e-2139-411a-a579-96e2f13cd929,Woolworths Supermarket,Drinks,Schweppes Lemonade Bottle 2l,032634,$2.00,$1.00 / 1L,https://www.woolworths.com.au/shop/productdetails/32634/schweppes-lemonade-bottle,https://cdn0.woolworths.media/content/wowproductimages/medium/032634.jpg,2020-09-21 16:53:59,,0,Was $3.10 12/04/2016,True
414515d5-3217-4f5f-b4d7-e32621effb5b,Woolworths Supermarket,Drinks,Schweppes Raspberry Zero Sugar 1.1l,061963,$1.70,$1.55 / 1L,https://www.woolworths.com.au/shop/productdetails/61963/schweppes-raspberry-zero-sugar,https://cdn0.woolworths.media/content/wowproductimages/medium/061963.jpg,2020-09-21 16:53:59,,0,,True
563ce8fd-e0f6-49fc-8b51-cabe73de8a12,Woolworths Supermarket,Drinks,Mountain Dew Cans 375ml x24 case,062335,$15.00,$1.67 / 1L,https://www.woolworths.com.au/shop/productdetails/62335/mountain-dew-cans,https://cdn0.woolworths.media/content/wowproductimages/medium/062335.jpg,2020-09-21 16:53:59,,0,,True
7bf1b596-0248-495c-b90f-d3bfb2700997,Woolworths Supermarket,Drinks,Woolworths Orange Bottle 1.25l,333337,$0.75,$0.60 / 1L,https://www.woolworths.com.au/shop/productdetails/333337/woolworths-orange-bottle,https://cdn0.woolworths.media/content/wowproductimages/medium/333337.jpg,2020-09-21 16:53:59,Average product rating out of 5: 4.0. Product score is based on 616 ratings,616,,True
223868ad-6422-43c3-a52e-603f749f575f,Woolworths Supermarket,Drinks,Bundaberg Ginger Beer 4x375ml,097471,$5.70,$3.80 / 1L,https://www.woolworths.com.au/shop/productdetails/97471/bundaberg-ginger-beer,https://cdn0.woolworths.media/content/wowproductimages/medium/097471.jpg,2020-09-21 16:53:59,,0,,True
2879359b-1b80-4bdd-bef7-205c587fbb2c,Woolworths Supermarket,Drinks,Golden Circle Golden Pash Fruit Drink 1l,007556,$2.15,$2.15 / 1L,https://www.woolworths.com.au/shop/productdetails/7556/golden-circle-golden-pash-fruit-drink,https://cdn0.woolworths.media/content/wowproductimages/medium/007556.jpg,2020-09-21 16:53:59,,0,,True
6d8596cc-6b30-4322-9c52-28c39143478e,Woolworths Supermarket,Drinks,Fuze Ice Tea Peach 1.25l,427068,$3.20,$2.56 / 1L,https://www.woolworths.com.au/shop/productdetails/427068/fuze-ice-tea-peach,https://cdn0.woolworths.media/content/wowproductimages/medium/427068.jpg,2020-09-21 16:53:59,,0,,True
58be7209-ee52-43e3-b51c-2ac44d946315,Woolworths Supermarket,Drinks,Schweppes Sarsparilla 1.1l,703411,$1.70,$1.55 / 1L,https://www.woolworths.com.au/shop/productdetails/703411/schweppes-sarsparilla,https://cdn0.woolworths.media/content/wowproductimages/medium/703411.jpg,2020-09-21 16:53:59,,0,,True
5377c774-058e-4f11-a132-8706b0dd25c6,Woolworths Supermarket,Drinks,Pepsi Max Bottle 1.25l,007985,$1.10,$0.88 / 1L,https://www.woolworths.com.au/shop/productdetails/7985/pepsi-max-bottle,https://cdn0.woolworths.media/content/wowproductimages/medium/007985.jpg,2020-09-21 16:53:59,,0,,True
2670fc7a-8191-4c12-8b7c-6d9b19f87ce8,Woolworths Supermarket,Drinks,Golden Circle Pineapple & Mango Fruit Drink 1l,034543,$2.15,$2.15 / 1L,https://www.woolworths.com.au/shop/productdetails/34543/golden-circle-pineapple-mango-fruit-drink,https://cdn0.woolworths.media/content/wowproductimages/medium/034543.jpg,2020-09-21 16:53:59,,0,,True
a3c48c1f-c086-4470-a554-8f390155e881,Woolworths Supermarket,Drinks,Schweppes Solo Lemon Bottle 2l,043399,$2.00,$1.00 / 1L,https://www.woolworths.com.au/shop/productdetails/43399/schweppes-solo-lemon-bottle,https://cdn0.woolworths.media/content/wowproductimages/medium/043399.jpg,2020-09-21 16:53:59,,0,Was $3.10 12/04/2016,True
05c9272b-8075-4896-8ddc-f93de59fcdab,Woolworths Supermarket,Drinks,Pepsi Max Cans 24x375ml,054291,$15.00,$1.67 / 1L,https://www.woolworths.com.au/shop/productdetails/54291/pepsi-max-cans,https://cdn0.woolworths.media/content/wowproductimages/medium/054291.jpg,2020-09-21 16:53:59,,0,,True
72e46b24-5cd3-406c-965b-791fb99041f1,Woolworths Supermarket,Drinks,Red Bull Energy Drink 4x250ml,162609,$10.20,$10.20 / 1L,https://www.woolworths.com.au/shop/productdetails/162609/red-bull-energy-drink,https://cdn0.woolworths.media/content/wowproductimages/medium/162609.jpg,2020-09-21 16:53:59,,0,,True
2f383d81-153a-4d39-acc9-ec72399a16c9,Woolworths Supermarket,Drinks,Waterfords Mineral Water Lemon Lime & Bitters 1l,672553,$1.80,$1.80 / 1L,https://www.woolworths.com.au/shop/productdetails/672553/waterfords-mineral-water-lemon-lime-bitters,https://cdn0.woolworths.media/content/wowproductimages/medium/672553.jpg,2020-09-21 16:53:59,,0,,True
1281c265-2ec6-49d3-a617-9a9e203ecfdf,Woolworths Supermarket,Drinks,Woolworths Ginger Beer Bottle 1.25l,756030,$0.75,$0.60 / 1L,https://www.woolworths.com.au/shop/productdetails/756030/woolworths-ginger-beer-bottle,https://cdn0.woolworths.media/content/wowproductimages/medium/756030.jpg,2020-09-21 16:53:59,Average product rating out of 5: 3.9. Product score is based on 614 ratings,614,,True
0db6720f-87c5-4161-8dde-0c56a3ebb6c0,Woolworths Supermarket,Drinks,Sprite No Sugar Cans 10x375ml pack,793280,$12.30,$3.28 / 1L,https://www.woolworths.com.au/shop/productdetails/793280/sprite-no-sugar-cans,https://cdn0.woolworths.media/content/wowproductimages/medium/793280.jpg,2020-09-21 16:53:59,,0,,True
b28b6ca6-2169-44a6-8a3d-ed4800d09ee2,Woolworths Supermarket,Drinks,Coca-cola Fridge Mate Cans 10x375ml pack,793315,$12.30,$3.28 / 1L,https://www.woolworths.com.au/shop/productdetails/793315/coca-cola-fridge-mate-cans,https://cdn0.woolworths.media/content/wowproductimages/medium/793315.jpg,2020-09-21 16:53:59,,0,,True
7c8f357d-0c3f-4c7d-80cc-f55cf4914b1a,Woolworths Supermarket,Drinks,Schweppes Lemonade 4 x300ml,253828,$3.50,$2.92 / 1L,https://www.woolworths.com.au/shop/productdetails/253828/schweppes-lemonade,https://cdn0.woolworths.media/content/wowproductimages/medium/253828.jpg,2020-09-21 16:53:59,,0,,True
5dc6b16e-fc55-46f0-9ce0-8e02f5dffb71,Woolworths Supermarket,Drinks,Schweppes Raspberry Cans 10 x375ml,442187,$6.00,$1.60 / 1L,https://www.woolworths.com.au/shop/productdetails/442187/schweppes-raspberry-cans,https://cdn0.woolworths.media/content/wowproductimages/medium/442187.jpg,2020-09-21 16:53:59,,0,,True
c124622e-0101-4847-8ff9-e6e91f3d1490,Woolworths Supermarket,Drinks,Woolworths Diet Blood Orange Sparkling Mineral Water 1.25l,756078,$0.75,$0.60 / 1L,https://www.woolworths.com.au/shop/productdetails/756078/woolworths-diet-blood-orange-sparkling-mineral-water,https://cdn0.woolworths.media/content/wowproductimages/medium/756078.jpg,2020-09-21 16:53:59,Average product rating out of 5: 3.7. Product score is based on 325 ratings,325,,True
3b78a3e4-1575-4770-af96-9a1ad044cccf,Woolworths Supermarket,Drinks,La Ice Cola Bottle 2l,842241,$1.50,$0.75 / 1L,https://www.woolworths.com.au/shop/productdetails/842241/la-ice-cola-bottle,https://cdn0.woolworths.media/content/wowproductimages/medium/842241.jpg,2020-09-21 16:53:59,,0,,True
595f2b93-6f47-46cd-8ab0-feceacc47b1f,Woolworths Supermarket,Drinks,Golden Circle Apple Raspberry Fruit Drink 6x250ml,049967,$3.00,$2.00 / 1L,https://www.woolworths.com.au/shop/productdetails/49967/golden-circle-apple-raspberry-fruit-drink,https://cdn0.woolworths.media/content/wowproductimages/medium/049967.jpg,2020-09-21 16:53:59,,0,,True
ebc08dc2-0a58-44e1-970e-98462e01983d,Woolworths Supermarket,Drinks,Coca-cola Vanilla Bottle 1.25l,180941,$2.00,$1.60 / 1L,https://www.woolworths.com.au/shop/productdetails/180941/coca-cola-vanilla-bottle,https://cdn0.woolworths.media/content/wowproductimages/medium/180941.jpg,2020-09-21 16:53:59,,0,,True
c0973436-aa43-48d0-af82-93a6f8cf7987,Woolworths Supermarket,Drinks,Diet Rite Soft Drink Passionfruit Bottle 1.25l,255360,$1.00,$0.80 / 1L,https://www.woolworths.com.au/shop/productdetails/255360/diet-rite-soft-drink-passionfruit-bottle,https://cdn0.woolworths.media/content/wowproductimages/medium/255360.jpg,2020-09-21 16:53:59,,0,,True
51111efd-4c0c-48a8-863e-f7d926e6edb9,Woolworths Supermarket,Drinks,Powerade Blackcurrant Flo Cap 600ml,279908,$2.00,$3.33 / 1L,https://www.woolworths.com.au/shop/productdetails/279908/powerade-blackcurrant-flo-cap,https://cdn0.woolworths.media/content/wowproductimages/medium/279908.jpg,2020-09-21 16:53:59,,0,,True
16b4f367-3d59-4df7-abc8-dea19f9ab61a,Woolworths Supermarket,Drinks,Coca-cola Mini Bottles 12x300ml pack,313019,$7.00,$1.94 / 1L,https://www.woolworths.com.au/shop/productdetails/313019/coca-cola-mini-bottles,https://cdn0.woolworths.media/content/wowproductimages/medium/313019.jpg,2020-09-21 16:53:59,,0,,True
73e7587f-2433-45ba-9ba3-79e40ffe56e1,Woolworths Supermarket,Drinks,Powerade Mountain Blast Flo Cap 600ml,365190,$2.00,$3.33 / 1L,https://www.woolworths.com.au/shop/productdetails/365190/powerade-mountain-blast-flo-cap,https://cdn0.woolworths.media/content/wowproductimages/medium/365190.jpg,2020-09-21 16:53:59,,0,,True
c43c4c8b-3fbd-47c7-b6d0-bdad9de027d7,Woolworths Supermarket,Drinks,Schweppes Lemonade Cans 10 x375ml,442185,$6.00,$1.60 / 1L,https://www.woolworths.com.au/shop/productdetails/442185/schweppes-lemonade-cans,https://cdn0.woolworths.media/content/wowproductimages/medium/442185.jpg,2020-09-21 16:53:59,,0,,True
34f6fef0-9b35-4c3c-9a1d-7900e7cc054e,Woolworths Supermarket,Drinks,Schweppes Solo Lemon Cans 10x375ml pack,442191,$6.00,$1.60 / 1L,https://www.woolworths.com.au/shop/productdetails/442191/schweppes-solo-lemon-cans,https://cdn0.woolworths.media/content/wowproductimages/medium/442191.jpg,2020-09-21 16:53:59,,0,,True
b4b5096c-bfc7-41db-8078-821e5a70c3d9,Woolworths Supermarket,Drinks,Woolworths Lemon Sparkling Mineral Water 1.25l,756081,$0.75,$0.60 / 1L,https://www.woolworths.com.au/shop/productdetails/756081/woolworths-lemon-sparkling-mineral-water,https://cdn0.woolworths.media/content/wowproductimages/medium/756081.jpg,2020-09-21 16:53:59,Average product rating out of 5: 5.0. Product score is based on 1 ratings,1,,True
5e341c1b-12ae-4f0a-95c4-94d3cfa93672,Woolworths Supermarket,Drinks,Pop Tops Apple Drink 250ml x6 pack,035849,$4.40,$2.93 / 1L,https://www.woolworths.com.au/shop/productdetails/35849/pop-tops-apple-drink,https://cdn0.woolworths.media/content/wowproductimages/medium/035849.jpg,2020-09-21 16:53:59,,0,,True
1fed5ee7-0540-49a4-b906-2dbcd31d1cb7,Woolworths Supermarket,Drinks,Schweppes Lemon Lime & Bitters Flavour Zero Sugar 1.1l,089801,,,https://www.woolworths.com.au/shop/productdetails/89801/schweppes-lemon-lime-bitters-flavour-zero-sugar,https://cdn0.woolworths.media/content/wowproductimages/medium/089801.jpg,2020-09-21 16:53:59,,0,,False
84515eda-77b2-4346-9797-d2179f838f56,Woolworths Supermarket,Drinks,Fanta Orange Mini Can 8x200ml pack,313026,$6.00,$3.75 / 1L,https://www.woolworths.com.au/shop/productdetails/313026/fanta-orange-mini-can,https://cdn0.woolworths.media/content/wowproductimages/medium/313026.jpg,2020-09-21 16:53:59,,0,Was $8.30 23/04/2018,True
29904864-3536-466f-a2d3-56a322998baa,Woolworths Supermarket,Drinks,V Energy Drink 500ml x4 pack,331936,$9.00,$4.50 / 1L,https://www.woolworths.com.au/shop/productdetails/331936/v-energy-drink,https://cdn0.woolworths.media/content/wowproductimages/medium/331936.jpg,2020-09-21 16:53:59,,0,,True
bd9463c6-b21a-4c7f-92e7-0dbdf4b40405,Woolworths Supermarket,Drinks,Powerade Berry Ice Flo Cap 600ml,365189,$2.00,$3.33 / 1L,https://www.woolworths.com.au/shop/productdetails/365189/powerade-berry-ice-flo-cap,https://cdn0.woolworths.media/content/wowproductimages/medium/365189.jpg,2020-09-21 16:53:59,,0,,True
12c79348-dbf8-4cab-8c40-97bde25f6402,Woolworths Supermarket,Drinks,Woolworths Fruit Drink 35% Tropical 6x250ml,503111,$2.00,$1.33 / 1L,https://www.woolworths.com.au/shop/productdetails/503111/woolworths-fruit-drink-35-tropical,https://cdn0.woolworths.media/content/wowproductimages/medium/503111.jpg,2020-09-21 16:53:59,Average product rating out of 5: 4.1. Product score is based on 199 ratings,199,,True
57b90a3b-7d23-4363-8095-859c1fb6e7eb,Woolworths Supermarket,Drinks,Waterfords Mineral Water Apple Berry 1l,672554,$1.80,$1.80 / 1L,https://www.woolworths.com.au/shop/productdetails/672554/waterfords-mineral-water-apple-berry,https://cdn0.woolworths.media/content/wowproductimages/medium/672554.jpg,2020-09-21 16:53:59,,0,,True
9c0f583a-bdce-4177-8752-d347ddd3a6c8,Woolworths Supermarket,Drinks,Coca-cola No Sugar Soft Drink Cans 375ml x30 case,679121,$34.45,$3.06 / 1L,https://www.woolworths.com.au/shop/productdetails/679121/coca-cola-no-sugar-soft-drink-cans,https://cdn0.woolworths.media/content/wowproductimages/medium/679121.jpg,2020-09-21 16:53:59,,0,,True
769c217c-15c2-408b-a13e-c31408f2464f,Woolworths Supermarket,Drinks,Mildura Orange Fruit Drink 3l,739656,$4.80,$1.60 / 1L,https://www.woolworths.com.au/shop/productdetails/739656/mildura-orange-fruit-drink,https://cdn0.woolworths.media/content/wowproductimages/medium/739656.jpg,2020-09-21 16:53:59,,0,,True
593de3f6-c774-41a9-bd0a-9eb8a184437a,Woolworths Supermarket,Drinks,Woolworths Lemon Lime & Bitters 1.25l,756044,$0.75,$0.60 / 1L,https://www.woolworths.com.au/shop/productdetails/756044/woolworths-lemon-lime-bitters,https://cdn0.woolworths.media/content/wowproductimages/medium/756044.jpg,2020-09-21 16:53:59,Average product rating out of 5: 3.9. Product score is based on 886 ratings,886,,True
64264a53-86d2-4441-ae68-91eca0d99ada,Woolworths Supermarket,Drinks,Woolworths Diet Orange & Passionfruit Sparkling Mineral Water 1.25l,756077,$0.75,$0.60 / 1L,https://www.woolworths.com.au/shop/productdetails/756077/woolworths-diet-orange-passionfruit-sparkling-mineral-water,https://cdn0.woolworths.media/content/wowproductimages/medium/756077.jpg,2020-09-21 16:53:59,Average product rating out of 5: 4.0. Product score is based on 250 ratings,250,,True
bbfdc5af-8e0f-4ae4-9a80-d4e3e1e527a8,Woolworths Supermarket,Drinks,Coca-cola Bottles 4x300ml,822719,$5.00,$4.17 / 1L,https://www.woolworths.com.au/shop/productdetails/822719/coca-cola-bottles,https://cdn0.woolworths.media/content/wowproductimages/medium/822719.jpg,2020-09-21 16:53:59,,0,,True
fbdc6ebf-7cb8-4ebf-b819-0411aad4f917,Woolworths Supermarket,Drinks,Bundaberg Sparkling Guava Sparkling Drink 4x375ml,886812,$5.70,$3.80 / 1L,https://www.woolworths.com.au/shop/productdetails/886812/bundaberg-sparkling-guava-sparkling-drink,https://cdn0.woolworths.media/content/wowproductimages/medium/886812.jpg,2020-09-21 16:53:59,,0,,True
32640b22-90be-4d08-9009-a1bea5ef62a3,Woolworths Supermarket,Drinks,Cascade Lemon Lime Bitters Can 4x200ml,983715,$3.60,$4.50 / 1L,https://www.woolworths.com.au/shop/productdetails/983715/cascade-lemon-lime-bitters-can,https://cdn0.woolworths.media/content/wowproductimages/medium/983715.jpg,2020-09-21 16:53:59,,0,,True
12cdf2c2-dad0-425f-872d-b97ed34ec1f3,Woolworths Supermarket,Drinks,Nescafe Blend 43 Soluble Instant Coffee 500g,035694,$20.00,$4.00 / 100G,https://www.woolworths.com.au/shop/productdetails/35694/nescafe-blend-43-soluble-instant-coffee,https://cdn0.woolworths.media/content/wowproductimages/medium/035694.jpg,2020-09-21 16:53:59,,0,,True
7e3f797b-26d5-4f03-a50a-d90fd2be0c99,Woolworths Supermarket,Drinks,Pepsi Bottle 2l,038433,$2.00,$1.00 / 1L,https://www.woolworths.com.au/shop/productdetails/38433/pepsi-bottle,https://cdn0.woolworths.media/content/wowproductimages/medium/038433.jpg,2020-09-21 16:53:59,,0,Was $3.10 12/04/2016,True
ea95ec03-71e6-44df-8fd3-08b121102479,Woolworths Supermarket,Drinks,Golden Circle Orange Drink Multipack 6x250ml,043801,$3.00,$2.00 / 1L,https://www.woolworths.com.au/shop/productdetails/43801/golden-circle-orange-drink-multipack,https://cdn0.woolworths.media/content/wowproductimages/medium/043801.jpg,2020-09-21 16:53:59,,0,,True
e7cd5a85-9b5e-439d-b1c0-dd7b798b4255,Woolworths Supermarket,Drinks,Sprite No Sugar Bottle 1.25l,062170,$2.50,$2.00 / 1L,https://www.woolworths.com.au/shop/productdetails/62170/sprite-no-sugar-bottle,https://cdn0.woolworths.media/content/wowproductimages/medium/062170.jpg,2020-09-21 16:53:59,,0,,True
cd96509a-ee10-4527-8bb7-c2116354267d,Woolworths Supermarket,Drinks,Mountain Dew No Sugar Bottle 1.25l,069142,$1.10,$0.88 / 1L,https://www.woolworths.com.au/shop/productdetails/69142/mountain-dew-no-sugar-bottle,https://cdn0.woolworths.media/content/wowproductimages/medium/069142.jpg,2020-09-21 16:53:59,,0,,True
ddd3f57f-da82-4380-a768-1a9ee58c486b,Woolworths Supermarket,Drinks,Nescafe Blend 43 Soluble Instant Coffee 300g,199136,$10.00,$3.33 / 100G,https://www.woolworths.com.au/shop/productdetails/199136/nescafe-blend-43-soluble-instant-coffee,https://cdn0.woolworths.media/content/wowproductimages/medium/199136.jpg,2020-09-21 16:53:59,,0,,True
cdd79673-9678-4e2e-bb56-8e92376c5d51,Woolworths Supermarket,Drinks,Cadbury Drinking Chocolate 400g,250360,$4.00,$1.00 / 100G,https://www.woolworths.com.au/shop/productdetails/250360/cadbury-drinking-chocolate,https://cdn0.woolworths.media/content/wowproductimages/medium/250360.jpg,2020-09-21 16:53:59,,0,Was $4.70 22/05/2017,True
608c5af6-5a5b-4b6c-bdba-ec7888ba9d25,Woolworths Supermarket,Drinks,Kirks Lemon Squash Sugar Free Cans 10x375ml pack,317388,$5.00,$1.33 / 1L,https://www.woolworths.com.au/shop/productdetails/317388/kirks-lemon-squash-sugar-free-cans,https://cdn0.woolworths.media/content/wowproductimages/medium/317388.jpg,2020-09-21 16:53:59,,0,Was $9.05 14/05/2018,True
cdb42076-83f7-45f3-89c9-5732074a7f7a,Woolworths Supermarket,Drinks,Golden Circle Apple Splash Fruit Drink Fruit Drink 1l,534560,$2.15,$2.15 / 1L,https://www.woolworths.com.au/shop/productdetails/534560/golden-circle-apple-splash-fruit-drink-fruit-drink,https://cdn0.woolworths.media/content/wowproductimages/medium/534560.jpg,2020-09-21 16:53:59,,0,,True
c885d7b8-a2f9-4d78-995a-50f3057d8d53,Woolworths Supermarket,Drinks,Nescafe Coffee Sachets Cappucino 26pk,549559,$11.00,$0.42 / 1EA,https://www.woolworths.com.au/shop/productdetails/549559/nescafe-coffee-sachets-cappucino,https://cdn0.woolworths.media/content/wowproductimages/medium/549559.jpg,2020-09-21 16:53:59,,0,,True
dd79ce07-2928-4046-bbba-c884bd0b9b5e,Woolworths Supermarket,Drinks,Schweppes Natural Mineral Water Blood Orange & Passionfruit 1.1l,634285,$1.70,$1.55 / 1L,https://www.woolworths.com.au/shop/productdetails/634285/schweppes-natural-mineral-water-blood-orange-passionfruit,https://cdn0.woolworths.media/content/wowproductimages/medium/634285.jpg,2020-09-21 16:53:59,,0,,True
da15a7fc-25a9-4ff8-930d-50c3e2c6f54c,Woolworths Supermarket,Drinks,Schweppes Agrum Citrus Blend Zero Sugar Agrum Citrus 1.1l,634291,$1.70,$1.55 / 1L,https://www.woolworths.com.au/shop/productdetails/634291/schweppes-agrum-citrus-blend-zero-sugar-agrum-citrus,https://cdn0.woolworths.media/content/wowproductimages/medium/634291.jpg,2020-09-21 16:53:59,,0,,True
8264daae-ee3f-4660-9e76-c891d8a8f246,Woolworths Supermarket,Drinks,Schweppes Lemonade Zero Sugar 1.1l,708254,$1.70,$1.55 / 1L,https://www.woolworths.com.au/shop/productdetails/708254/schweppes-lemonade-zero-sugar,https://cdn0.woolworths.media/content/wowproductimages/medium/708254.jpg,2020-09-21 16:53:59,,0,,True
4a0cd801-1db6-49b3-8963-5781d5e7596c,Woolworths Supermarket,Drinks,Woolworths Lemon Zero Sugar Bottle 1.25l,756029,$0.75,$0.60 / 1L,https://www.woolworths.com.au/shop/productdetails/756029/woolworths-lemon-zero-sugar-bottle,https://cdn0.woolworths.media/content/wowproductimages/medium/756029.jpg,2020-09-21 16:53:59,Average product rating out of 5: 3.8. Product score is based on 561 ratings,561,,True
78556606-b9e2-46db-be83-ee7fdf1f1031,Woolworths Supermarket,Drinks,Pepsi Cans 30x375ml,773147,$14.00,$1.24 / 1L,https://www.woolworths.com.au/shop/productdetails/773147/pepsi-cans,https://cdn0.woolworths.media/content/wowproductimages/medium/773147.jpg,2020-09-21 16:53:59,,0,,True
d298af90-25d1-4c60-8751-a76c777ba991,Woolworths Supermarket,Drinks,Golden Circle Apple & Blackcurrant Fruit Drink 2l,787164,$3.00,$1.50 / 1L,https://www.woolworths.com.au/shop/productdetails/787164/golden-circle-apple-blackcurrant-fruit-drink,https://cdn0.woolworths.media/content/wowproductimages/medium/787164.jpg,2020-09-21 16:53:59,,0,Was $3.79 15/05/2017,True
3167358c-d132-42bb-9eb5-a60b14f84dae,Woolworths Supermarket,Drinks,V Energy Drink 275ml x4 pack,841478,$5.60,$5.09 / 1L,https://www.woolworths.com.au/shop/productdetails/841478/v-energy-drink,https://cdn0.woolworths.media/content/wowproductimages/medium/841478.jpg,2020-09-21 16:53:59,,0,,True
47888de0-6c47-4d28-aa20-8a5c3f90d28b,Woolworths Supermarket,Drinks,Bundaberg Burgundee Creaming Soda 4x375ml,886806,$5.70,$3.80 / 1L,https://www.woolworths.com.au/shop/productdetails/886806/bundaberg-burgundee-creaming-soda,https://cdn0.woolworths.media/content/wowproductimages/medium/886806.jpg,2020-09-21 16:53:59,,0,,True
a86584d7-c680-408f-be88-773796d55d0d,Woolworths Supermarket,Drinks,Gatorade Blue Bolt Sports Drink 600ml,030486,$3.50,$5.83 / 1L,https://www.woolworths.com.au/shop/productdetails/30486/gatorade-blue-bolt-sports-drink,https://cdn0.woolworths.media/content/wowproductimages/medium/030486.jpg,2020-09-21 16:53:59,,0,,True
ec1c24ef-66ce-41ab-99a4-e17767be7be4,Woolworths Supermarket,Drinks,Golden Circle Sunshine Punch Fruit Drink 6x250ml,036182,$3.00,$2.00 / 1L,https://www.woolworths.com.au/shop/productdetails/36182/golden-circle-sunshine-punch-fruit-drink,https://cdn0.woolworths.media/content/wowproductimages/medium/036182.jpg,2020-09-21 16:53:59,,0,,True
7b8f86c1-eded-4c15-ade7-e4adf37553b1,Woolworths Supermarket,Drinks,Powerade Active Water Apple & Peach 600ml,051557,$2.00,$3.33 / 1L,https://www.woolworths.com.au/shop/productdetails/51557/powerade-active-water-apple-peach,https://cdn0.woolworths.media/content/wowproductimages/medium/051557.jpg,2020-09-21 16:53:59,,0,,True
b68decb5-38c4-4b12-a167-b90121ce4393,Woolworths Supermarket,Drinks,Diet Rite Crisp Apple 1.25l,060471,$1.00,$0.80 / 1L,https://www.woolworths.com.au/shop/productdetails/60471/diet-rite-crisp-apple,https://cdn0.woolworths.media/content/wowproductimages/medium/060471.jpg,2020-09-21 16:53:59,,0,,True
5c131966-2593-46d3-8ff2-e36841219776,Woolworths Supermarket,Drinks,Maximus Mango Passionfruit Drink 1l,061649,$1.80,$1.80 / 1L,https://www.woolworths.com.au/shop/productdetails/61649/maximus-mango-passionfruit-drink,https://cdn0.woolworths.media/content/wowproductimages/medium/061649.jpg,2020-09-21 16:53:59,,0,,True
8273707d-d9b1-4b73-aad1-e9847443fd60,Woolworths Supermarket,Drinks,V Energy Drink Raspberry Lemonade 4 pack,082139,$5.60,$5.09 / 1L,https://www.woolworths.com.au/shop/productdetails/82139/v-energy-drink-raspberry-lemonade,https://cdn0.woolworths.media/content/wowproductimages/medium/082139.jpg,2020-09-21 16:53:59,,0,,True
7105a8f0-e4c2-49c1-aa1b-22b136de9386,Woolworths Supermarket,Drinks,Sunkist Cans 24x375ml pack,162788,$15.00,$1.67 / 1L,https://www.woolworths.com.au/shop/productdetails/162788/sunkist-cans,https://cdn0.woolworths.media/content/wowproductimages/medium/162788.jpg,2020-09-21 16:53:59,,0,,True
db678001-0493-4236-a41b-8284b97ea218,Woolworths Supermarket,Drinks,Kirks Creaming Soda Sugar Free Bottle 1.25l,260366,$1.70,$1.36 / 1L,https://www.woolworths.com.au/shop/productdetails/260366/kirks-creaming-soda-sugar-free-bottle,https://cdn0.woolworths.media/content/wowproductimages/medium/260366.jpg,2020-09-21 16:53:59,,0,,True
acce5bdb-fd8d-4588-9d15-df43db737033,Woolworths Supermarket,Drinks,Schweppes Dry Ginger Ale Zero Sugar Dry Ginger Ale 1.1l,634268,$1.70,$1.55 / 1L,https://www.woolworths.com.au/shop/productdetails/634268/schweppes-dry-ginger-ale-zero-sugar-dry-ginger-ale,https://cdn0.woolworths.media/content/wowproductimages/medium/634268.jpg,2020-09-21 16:53:59,,0,,True
2b11532a-990d-4c6c-a71f-c7a52177bd11,Woolworths Supermarket,Drinks,Waterfords Lite & Fruity Orange Passion 1l,697308,$1.80,$1.80 / 1L,https://www.woolworths.com.au/shop/productdetails/697308/waterfords-lite-fruity-orange-passion,https://cdn0.woolworths.media/content/wowproductimages/medium/697308.jpg,2020-09-21 16:53:59,,0,,True
96e5e958-9435-4d5d-9f97-7c1cbf42c392,Woolworths Supermarket,Drinks,Maximus Sports Drink Grape Flavour 1l,704003,$1.80,$1.80 / 1L,https://www.woolworths.com.au/shop/productdetails/704003/maximus-sports-drink-grape-flavour,https://cdn0.woolworths.media/content/wowproductimages/medium/704003.jpg,2020-09-21 16:53:59,,0,,True
90eddd51-a410-4816-9982-3651d814eccd,Woolworths Supermarket,Drinks,Schweppes Brown Cream Soda 1.1l,707972,$1.70,$1.55 / 1L,https://www.woolworths.com.au/shop/productdetails/707972/schweppes-brown-cream-soda,https://cdn0.woolworths.media/content/wowproductimages/medium/707972.jpg,2020-09-21 16:53:59,,0,,True
76bfee4a-0c0c-4af4-8a09-593ebe1d030a,Woolworths Supermarket,Drinks,Woolworths Spring Water 1.5l bottle,749793,$0.70,$0.47 / 1L,https://www.woolworths.com.au/shop/productdetails/749793/woolworths-spring-water,https://cdn0.woolworths.media/content/wowproductimages/medium/749793.jpg,2020-09-21 16:53:59,,0,,True
7a7127ce-902f-4ae3-9f70-8e5d1db59f05,Woolworths Supermarket,Drinks,Woolworths Orange & Mango Sparkling Mineral Water 1.25l,756079,$0.75,$0.60 / 1L,https://www.woolworths.com.au/shop/productdetails/756079/woolworths-orange-mango-sparkling-mineral-water,https://cdn0.woolworths.media/content/wowproductimages/medium/756079.jpg,2020-09-21 16:53:59,Average product rating out of 5: 3.6. Product score is based on 220 ratings,220,,True
c5b0e41e-0c18-4c6c-bf98-5baf1a17427c,Woolworths Supermarket,Drinks,Maximus Sports Drink Red 1l,770293,$1.80,$1.80 / 1L,https://www.woolworths.com.au/shop/productdetails/770293/maximus-sports-drink-red,https://cdn0.woolworths.media/content/wowproductimages/medium/770293.jpg,2020-09-21 16:53:59,,0,,True
3c5df35d-9376-4ddb-a41d-c0c8afc71827,Woolworths Supermarket,Drinks,Solo Lemon Cans 30x375ml pack,773142,$14.00,$1.24 / 1L,https://www.woolworths.com.au/shop/productdetails/773142/solo-lemon-cans,https://cdn0.woolworths.media/content/wowproductimages/medium/773142.jpg,2020-09-21 16:53:59,,0,,True
ae2f8bcf-9216-449b-ae55-29821de9b0d6,Woolworths Supermarket,Drinks,Coca-cola No Sugar Vanilla 1.25l,803078,$2.00,$1.60 / 1L,https://www.woolworths.com.au/shop/productdetails/803078/coca-cola-no-sugar-vanilla,https://cdn0.woolworths.media/content/wowproductimages/medium/803078.jpg,2020-09-21 16:53:59,,0,,True
68a1c562-f28d-4a7c-a272-3df4cbcd051d,Woolworths Supermarket,Drinks,Nestle Milo Malted Drinking Chocolate 460g,875162,$7.00,$1.52 / 100G,https://www.woolworths.com.au/shop/productdetails/875162/nestle-milo-malted-drinking-chocolate,https://cdn0.woolworths.media/content/wowproductimages/medium/875162.jpg,2020-09-21 16:53:59,,0,,True
d153ba49-387a-42d0-94f3-6b7d24557dc1,Woolworths Supermarket,Drinks,Ocean Spray Low Sugar Cranberry Classic Juice Drink 1.5l,880873,$5.70,$3.80 / 1L,https://www.woolworths.com.au/shop/productdetails/880873/ocean-spray-low-sugar-cranberry-classic-juice-drink,https://cdn0.woolworths.media/content/wowproductimages/medium/880873.jpg,2020-09-21 16:53:59,,0,,True
81dcdda2-3398-41bb-a0f3-f2861919b0a0,Woolworths Supermarket,Drinks,Bundaberg Lemon Lime & Bitters 4x375ml,884260,$5.70,$3.80 / 1L,https://www.woolworths.com.au/shop/productdetails/884260/bundaberg-lemon-lime-bitters,https://cdn0.woolworths.media/content/wowproductimages/medium/884260.jpg,2020-09-21 16:53:59,,0,,True
9f673f8b-4a81-40da-81c9-413be7909500,Woolworths Supermarket,Drinks,Bundaberg Pineapple & Coconut Sparkling Drink 375ml x4 pack,886824,$5.70,$3.80 / 1L,https://www.woolworths.com.au/shop/productdetails/886824/bundaberg-pineapple-coconut-sparkling-drink,https://cdn0.woolworths.media/content/wowproductimages/medium/886824.jpg,2020-09-21 16:53:59,,0,,True
a78d2bc2-9a44-476c-90a9-299a9de5544b,Woolworths Supermarket,Drinks,Pepsi Cans 24x375ml,014310,$15.00,$1.67 / 1L,https://www.woolworths.com.au/shop/productdetails/14310/pepsi-cans,https://cdn0.woolworths.media/content/wowproductimages/medium/014310.jpg,2020-09-21 16:53:59,,0,,True
d7bab6e3-5566-4cf4-bd4f-4d9e4e0374b5,Woolworths Supermarket,Drinks,Golden Circle Orange Fruit Drink 1l,032747,$2.15,$2.15 / 1L,https://www.woolworths.com.au/shop/productdetails/32747/golden-circle-orange-fruit-drink,https://cdn0.woolworths.media/content/wowproductimages/medium/032747.jpg,2020-09-21 16:53:59,,0,,True
a7b9a714-2b67-4298-a027-4fe8a5ebaec1,Woolworths Supermarket,Drinks,Golden Circle Tropical Punch Fruit Drink 1l,033981,$2.15,$2.15 / 1L,https://www.woolworths.com.au/shop/productdetails/33981/golden-circle-tropical-punch-fruit-drink,https://cdn0.woolworths.media/content/wowproductimages/medium/033981.jpg,2020-09-21 16:53:59,,0,,True
15cb2caf-a487-439d-a3ab-9889bdf61db0,Woolworths Supermarket,Drinks,Mountain Dew Energised No Sugar Cans 375ml x10 case,068084,$6.00,$1.60 / 1L,https://www.woolworths.com.au/shop/productdetails/68084/mountain-dew-energised-no-sugar-cans,https://cdn0.woolworths.media/content/wowproductimages/medium/068084.jpg,2020-09-21 16:53:59,,0,,True
970b6d8e-9ce9-40c0-abde-9e5c45102eff,Woolworths Supermarket,Drinks,Ceda Classic Creaming Soda 1.25l,082081,$1.20,$0.96 / 1L,https://www.woolworths.com.au/shop/productdetails/82081/ceda-classic-creaming-soda,https://cdn0.woolworths.media/content/wowproductimages/medium/082081.jpg,2020-09-21 16:53:59,,0,,True
ac685d85-3990-46d0-81d5-68fa6e460ced,Woolworths Supermarket,Drinks,Mountain Dew Energised 2l,082284,$2.00,$1.00 / 1L,https://www.woolworths.com.au/shop/productdetails/82284/mountain-dew-energised,https://cdn0.woolworths.media/content/wowproductimages/medium/082284.jpg,2020-09-21 16:53:59,,0,Was $3.10 12/04/2016,True
8f464f3e-1a07-47ce-b19c-1e98432ebe11,Woolworths Supermarket,Drinks,Red Bull Red Edition 250ml,082625,$2.85,$11.40 / 1L,https://www.woolworths.com.au/shop/productdetails/82625/red-bull-red-edition,https://cdn0.woolworths.media/content/wowproductimages/medium/082625.jpg,2020-09-21 16:53:59,,0,,True
a35442cc-debb-4e01-951e-b80a87eb2217,Woolworths Supermarket,Drinks,Sprite Lemonade Bottle 2l,096114,$2.25,$1.13 / 1L,https://www.woolworths.com.au/shop/productdetails/96114/sprite-lemonade-bottle,https://cdn0.woolworths.media/content/wowproductimages/medium/096114.jpg,2020-09-21 16:53:59,,0,,True
5916ff93-0e5a-4a9d-848f-3ceafd23f9f9,Woolworths Supermarket,Drinks,Pop Tops Apple Blackcurrant Drink 250ml x6 pack,103984,$4.40,$2.93 / 1L,https://www.woolworths.com.au/shop/productdetails/103984/pop-tops-apple-blackcurrant-drink,https://cdn0.woolworths.media/content/wowproductimages/medium/103984.jpg,2020-09-21 16:53:59,,0,,True
d47fc2cc-9917-417e-9a0a-0b42d501d4d1,Woolworths Supermarket,Drinks,V Energy Blue Sugar Free 4 pack,112926,$5.60,$5.09 / 1L,https://www.woolworths.com.au/shop/productdetails/112926/v-energy-blue-sugar-free,https://cdn0.woolworths.media/content/wowproductimages/medium/112926.jpg,2020-09-21 16:53:59,,0,,True
b97fc774-ca44-45c0-b4fe-c1c5d2b79a94,Woolworths Supermarket,Drinks,Lipton Peach Ice Tea 500ml,201689,$1.75,$3.50 / 1L,https://www.woolworths.com.au/shop/productdetails/201689/lipton-peach-ice-tea,https://cdn0.woolworths.media/content/wowproductimages/medium/201689.jpg,2020-09-21 16:53:59,,0,Was $2.49 05/03/2018,True
d2347f61-4b84-4d4b-845e-6e38340061b9,Woolworths Supermarket,Drinks,Schweppes Bitter Lemon 4 x300ml,253771,$3.50,$2.92 / 1L,https://www.woolworths.com.au/shop/productdetails/253771/schweppes-bitter-lemon,https://cdn0.woolworths.media/content/wowproductimages/medium/253771.jpg,2020-09-21 16:53:59,,0,,True
4ecbbc1d-5451-4daf-ad63-64a8a363b0cc,Woolworths Supermarket,Drinks,Schweppes Dry Ginger Ale Zero Sugar 4 x300ml,253773,$3.50,$2.92 / 1L,https://www.woolworths.com.au/shop/productdetails/253773/schweppes-dry-ginger-ale-zero-sugar,https://cdn0.woolworths.media/content/wowproductimages/medium/253773.jpg,2020-09-21 16:53:59,,0,,True
9165f6b7-5941-4f39-bbb5-2a0f174e6081,Woolworths Supermarket,Drinks,Gatorade Fierce Grape Sports Drink 600ml,262841,$3.50,$5.83 / 1L,https://www.woolworths.com.au/shop/productdetails/262841/gatorade-fierce-grape-sports-drink,https://cdn0.woolworths.media/content/wowproductimages/medium/262841.jpg,2020-09-21 16:53:59,,0,,True
f4c8d207-a90d-47fb-bd0c-f8e351dcfac0,Woolworths Supermarket,Drinks,Tru Blu Pub Squash Bottle 1.25l,308101,$1.00,$0.80 / 1L,https://www.woolworths.com.au/shop/productdetails/308101/tru-blu-pub-squash-bottle,https://cdn0.woolworths.media/content/wowproductimages/medium/308101.jpg,2020-09-21 16:53:59,,0,,True
4d58cbdf-cef1-4cde-91a3-b84311e8741a,Woolworths Supermarket,Drinks,Mother Energy Drink 4x500ml,324461,$6.20,$3.10 / 1L,https://www.woolworths.com.au/shop/productdetails/324461/mother-energy-drink,https://cdn0.woolworths.media/content/wowproductimages/medium/324461.jpg,2020-09-21 16:53:59,,0,Was $11.15 25/06/2018,True
6331673a-5646-4a5b-b01f-eb5646cb1da5,Woolworths Supermarket,Drinks,Powerade Gold Rush Flo Cap 600ml,365186,$2.00,$3.33 / 1L,https://www.woolworths.com.au/shop/productdetails/365186/powerade-gold-rush-flo-cap,https://cdn0.woolworths.media/content/wowproductimages/medium/365186.jpg,2020-09-21 16:53:59,,0,,True
0dbcdf5c-8bf5-442f-80fc-79bc154eee66,Woolworths Supermarket,Drinks,Powerade Lemon Lime Flo Cap 600ml,365548,$2.00,$3.33 / 1L,https://www.woolworths.com.au/shop/productdetails/365548/powerade-lemon-lime-flo-cap,https://cdn0.woolworths.media/content/wowproductimages/medium/365548.jpg,2020-09-21 16:53:59,,0,,True
961d4924-67a7-4aff-ad72-2ddc2494c637,Woolworths Supermarket,Drinks,Mountain Dew Soft Drink Cans 10x375ml pack,442169,$6.00,$1.60 / 1L,https://www.woolworths.com.au/shop/productdetails/442169/mountain-dew-soft-drink-cans,https://cdn0.woolworths.media/content/wowproductimages/medium/442169.jpg,2020-09-21 16:53:59,,0,,True
a4cc16d5-548b-4c2d-a393-75947003ae69,Woolworths Supermarket,Drinks,Impressed Easy Greens Juice 1l,468559,$5.00,$5.00 / 1L,https://www.woolworths.com.au/shop/productdetails/468559/impressed-easy-greens-juice,https://cdn0.woolworths.media/content/wowproductimages/medium/468559.jpg,2020-09-21 16:53:59,,0,Was $6 12/06/2019,True
35a151eb-f18b-43f9-872b-666188e3f4dc,Woolworths Supermarket,Drinks,Schweppes Dry Ginger Ale 1.1l,634266,$1.70,$1.55 / 1L,https://www.woolworths.com.au/shop/productdetails/634266/schweppes-dry-ginger-ale,https://cdn0.woolworths.media/content/wowproductimages/medium/634266.jpg,2020-09-21 16:53:59,,0,,True
37e06db9-b63a-4e21-bf06-feea2b52e540,Woolworths Supermarket,Drinks,Coca-cola Vanilla Cans 10x375ml,676160,$12.30,$3.28 / 1L,https://www.woolworths.com.au/shop/productdetails/676160/coca-cola-vanilla-cans,https://cdn0.woolworths.media/content/wowproductimages/medium/676160.jpg,2020-09-21 16:53:59,,0,,True
37b4af7b-2632-492c-aab5-5f051a7df44d,Woolworths Supermarket,Drinks,Solo Zero Sugar 10x375ml,676314,$6.00,$1.60 / 1L,https://www.woolworths.com.au/shop/productdetails/676314/solo-zero-sugar,https://cdn0.woolworths.media/content/wowproductimages/medium/676314.jpg,2020-09-21 16:53:59,,0,,True
4dbd6ebe-9c32-4323-8b0b-e462b376a479,Woolworths Supermarket,Drinks,Diet Rite Soft Drink Ginger Beer Bottle 1.25l,717065,$1.00,$0.80 / 1L,https://www.woolworths.com.au/shop/productdetails/717065/diet-rite-soft-drink-ginger-beer-bottle,https://cdn0.woolworths.media/content/wowproductimages/medium/717065.jpg,2020-09-21 16:53:59,,0,,True
af0953ad-f7df-45b0-8647-283e253fd6b3,Woolworths Supermarket,Drinks,V8 Breakfast Fusion Vegetable Juice 1.25l,749778,$3.50,$2.80 / 1L,https://www.woolworths.com.au/shop/productdetails/749778/v8-breakfast-fusion-vegetable-juice,https://cdn0.woolworths.media/content/wowproductimages/medium/749778.jpg,2020-09-21 16:53:59,,0,,True
7b74d6a0-13a5-48cc-a626-3b8c21ea9b07,Woolworths Supermarket,Drinks,V8 Tropical Fusion Juice 1.25l,749812,$3.50,$2.80 / 1L,https://www.woolworths.com.au/shop/productdetails/749812/v8-tropical-fusion-juice,https://cdn0.woolworths.media/content/wowproductimages/medium/749812.jpg,2020-09-21 16:53:59,,0,,True
5e1b09d2-3310-4df0-8e17-6fdcfcfda961,Woolworths Supermarket,Drinks,Woolworths Dry Ginger Ale 1.25l,756047,$0.75,$0.60 / 1L,https://www.woolworths.com.au/shop/productdetails/756047/woolworths-dry-ginger-ale,https://cdn0.woolworths.media/content/wowproductimages/medium/756047.jpg,2020-09-21 16:53:59,Average product rating out of 5: 4.1. Product score is based on 238 ratings,238,,True
b3bc7be6-7c63-4893-b4b9-3f002a4e8286,Woolworths Supermarket,Drinks,Fanta Orange Cans 375ml x10 carton,793311,$12.30,$3.28 / 1L,https://www.woolworths.com.au/shop/productdetails/793311/fanta-orange-cans,https://cdn0.woolworths.media/content/wowproductimages/medium/793311.jpg,2020-09-21 16:53:59,,0,,True
3970d472-3ea7-4b2e-8ee0-8e9b12348424,Woolworths Supermarket,Drinks,Summer Snow Sparkling Granny Smith & Mint Apple Juice 330ml,022524,$3.50,$10.61 / 1L,https://www.woolworths.com.au/shop/productdetails/22524/summer-snow-sparkling-granny-smith-mint-apple-juice,https://cdn0.woolworths.media/content/wowproductimages/medium/022524.jpg,2020-09-21 16:53:59,,0,,True
8ac0292e-2e61-4867-a76b-f85fd0fd3930,Woolworths Supermarket,Drinks,Belvoir Lime Cordial 500ml,003033,$3.60,$7.20 / 1L,https://www.woolworths.com.au/shop/productdetails/3033/belvoir-lime-cordial,https://cdn0.woolworths.media/content/wowproductimages/medium/003033.jpg,2020-09-21 16:53:59,,0,,True
455015cd-1f7d-4d8b-909d-bb6877538eff,Woolworths Supermarket,Drinks,Bickford's Lemon Barley Cordial 750ml,003154,$4.00,$5.33 / 1L,https://www.woolworths.com.au/shop/productdetails/3154/bickford-s-lemon-barley-cordial,https://cdn0.woolworths.media/content/wowproductimages/medium/003154.jpg,2020-09-21 16:53:59,,0,,True
3e667df7-92d6-4700-b894-f4ff87cac27d,Woolworths Supermarket,Drinks,Schweppes Signature Series Bright Tonic With Javanese Cinchona Bark 4 x300ml,003405,$6.00,$5.00 / 1L,https://www.woolworths.com.au/shop/productdetails/3405/schweppes-signature-series-bright-tonic-with-javanese-cinchona-bark,https://cdn0.woolworths.media/content/wowproductimages/medium/003405.jpg,2020-09-21 16:53:59,,0,,True
9344080b-a213-4f40-9197-1b5364fba385,Woolworths Supermarket,Drinks,Schweppes Signature Series Ginger With Indian Chilli 4 x300ml,003422,$6.00,$5.00 / 1L,https://www.woolworths.com.au/shop/productdetails/3422/schweppes-signature-series-ginger-with-indian-chilli,https://cdn0.woolworths.media/content/wowproductimages/medium/003422.jpg,2020-09-21 16:53:59,,0,,True
e9e1d36f-c06c-4761-8825-97574cd1fd49,Woolworths Supermarket,Drinks,Cascade No Sugar Tonic 4x200ml,005234,$3.60,$4.50 / 1L,https://www.woolworths.com.au/shop/productdetails/5234/cascade-no-sugar-tonic,https://cdn0.woolworths.media/content/wowproductimages/medium/005234.jpg,2020-09-21 16:53:59,,0,,True
baef8809-e851-4c2d-b827-10af4b1f3491,Woolworths Supermarket,Drinks,Dilmah Ceylon Tea Bags 50 pack,005306,$3.60,$0.07 / 1EA,https://www.woolworths.com.au/shop/productdetails/5306/dilmah-ceylon-tea-bags,https://cdn0.woolworths.media/content/wowproductimages/medium/005306.jpg,2020-09-21 16:53:59,,0,,True
d44f99db-01f9-4f5e-b5bb-f8d2ad840b24,Woolworths Supermarket,Drinks,Sanitarium So Good Long Life Vanilla Bliss Soy Milk 1l,005535,$2.00,$2.00 / 1L,https://www.woolworths.com.au/shop/productdetails/5535/sanitarium-so-good-long-life-vanilla-bliss-soy-milk,https://cdn0.woolworths.media/content/wowproductimages/medium/005535.jpg,2020-09-21 16:53:59,,0,,True
52102889-7a96-4343-a7fa-5da21933b7c4,Woolworths Supermarket,Drinks,Bel Normande Sparkling White Grape 750ml,005980,$5.00,$6.67 / 1L,https://www.woolworths.com.au/shop/productdetails/5980/bel-normande-sparkling-white-grape,https://cdn0.woolworths.media/content/wowproductimages/medium/005980.jpg,2020-09-21 16:53:59,,0,,True
a681f055-a69a-4a10-a6a9-b4955ad77c01,Woolworths Supermarket,Drinks,Darrell Lea Drinking Chocolate 200g,006130,$5.00,$2.50 / 100G,https://www.woolworths.com.au/shop/productdetails/6130/darrell-lea-drinking-chocolate,https://cdn0.woolworths.media/content/wowproductimages/medium/006130.jpg,2020-09-21 16:53:59,,0,,True
8efa774b-9339-4d4b-acf5-87fb0aa74c0b,Woolworths Supermarket,Drinks,Darrell Lea Rocklea Road Mini Marshmallows 100g,006220,$3.00,$3.00 / 100G,https://www.woolworths.com.au/shop/productdetails/6220/darrell-lea-rocklea-road-mini-marshmallows,https://cdn0.woolworths.media/content/wowproductimages/medium/006220.jpg,2020-09-21 16:53:59,,0,,True
97e80d6d-32da-45fa-802e-ff66f6259477,Woolworths Supermarket,Drinks,L'or Espresso India Coffee Capsules 10 pack,006224,$4.50,$0.45 / 1EA,https://www.woolworths.com.au/shop/productdetails/6224/l-or-espresso-india-coffee-capsules,https://cdn0.woolworths.media/content/wowproductimages/medium/006224.jpg,2020-09-21 16:53:59,,0,,True
5979924a-ced6-4e1b-bdb2-fafd78fd6192,Woolworths Supermarket,Drinks,L'or Espresso Ristretto Coffee Capsules 40 pack,006232,$18.00,$0.45 / 1EA,https://www.woolworths.com.au/shop/productdetails/6232/l-or-espresso-ristretto-coffee-capsules,https://cdn0.woolworths.media/content/wowproductimages/medium/006232.jpg,2020-09-21 16:53:59,,0,,True
fa4ff70e-c599-4717-a510-3a1b1e4e7777,Woolworths Supermarket,Drinks,L'or Double Barista Selection Coffee Capsules 10 pack,006233,$11.00,$1.10 / 1EA,https://www.woolworths.com.au/shop/productdetails/6233/l-or-double-barista-selection-coffee-capsules,https://cdn0.woolworths.media/content/wowproductimages/medium/006233.jpg,2020-09-21 16:53:59,,0,,True
c8459353-f867-458b-9d3d-5aaf3617ce83,Woolworths Supermarket,Drinks,Moccona Ristretto 200g,006247,$13.00,$6.50 / 100G,https://www.woolworths.com.au/shop/productdetails/6247/moccona-ristretto,https://cdn0.woolworths.media/content/wowproductimages/medium/006247.jpg,2020-09-21 16:53:59,,0,,True
f72ea1b8-da3e-4dca-ae7e-6c1f15369dbf,Woolworths Supermarket,Drinks,Moccona Double Shot Latte 10 pack,006248,$4.50,$0.45 / 1EA,https://www.woolworths.com.au/shop/productdetails/6248/moccona-double-shot-latte,https://cdn0.woolworths.media/content/wowproductimages/medium/006248.jpg,2020-09-21 16:53:59,,0,,True
02b9fb9a-d1ec-48be-9a7e-0e50dd9b380d,Woolworths Supermarket,Drinks,Bel Normande Sparkling Red Grape 750ml,006921,$5.00,$6.67 / 1L,https://www.woolworths.com.au/shop/productdetails/6921/bel-normande-sparkling-red-grape,https://cdn0.woolworths.media/content/wowproductimages/medium/006921.jpg,2020-09-21 16:53:59,,0,,True
1afad4a0-945b-4b13-8f5a-5d5b115b9442,Woolworths Supermarket,Drinks,Bel Normande Sparkling Organic Apple 750ml,006947,$5.00,$6.67 / 1L,https://www.woolworths.com.au/shop/productdetails/6947/bel-normande-sparkling-organic-apple,https://cdn0.woolworths.media/content/wowproductimages/medium/006947.jpg,2020-09-21 16:53:59,,0,,True
28696616-98a6-42a5-b1fc-74c1edc1da18,Woolworths Supermarket,Drinks,Grapetiser Sparkling Juice Red Grape 750ml,007106,$3.20,$4.27 / 1L,https://www.woolworths.com.au/shop/productdetails/7106/grapetiser-sparkling-juice-red-grape,https://cdn0.woolworths.media/content/wowproductimages/medium/007106.jpg,2020-09-21 16:53:59,,0,,True
1b2e3c42-db0e-4fc5-8f0c-4464743ff4a5,Woolworths Supermarket,Drinks,Sunkist Sunkist Bottle 2l,007373,$2.00,$1.00 / 1L,https://www.woolworths.com.au/shop/productdetails/7373/sunkist-sunkist-bottle,https://cdn0.woolworths.media/content/wowproductimages/medium/007373.jpg,2020-09-21 16:53:59,,0,Was $3.10 12/04/2016,True
88b56c97-88cf-47fe-9a52-8ae9311028e3,Woolworths Supermarket,Drinks,Breaka Iced Coffee 6x250ml,007475,$5.00,$3.33 / 1L,https://www.woolworths.com.au/shop/productdetails/7475/breaka-iced-coffee,https://cdn0.woolworths.media/content/wowproductimages/medium/007475.jpg,2020-09-21 16:53:59,,0,Was $5.50 08/07/2019,True
3bdd5660-eefb-4262-9066-88f4e8e6a1c6,Woolworths Supermarket,Drinks,Eloments Egyptian Mint Tea 14 pack,008463,$5.90,$0.42 / 1EA,https://www.woolworths.com.au/shop/productdetails/8463/eloments-egyptian-mint-tea,https://cdn0.woolworths.media/content/wowproductimages/medium/008463.jpg,2020-09-21 16:53:59,,0,,True
59ef696c-7f1a-4dcf-ad5d-053d81f8e462,Woolworths Supermarket,Drinks,Eloments Double Lemon Tea 14 pack,008597,$5.90,$0.42 / 1EA,https://www.woolworths.com.au/shop/productdetails/8597/eloments-double-lemon-tea,https://cdn0.woolworths.media/content/wowproductimages/medium/008597.jpg,2020-09-21 16:53:59,,0,,True
62673c53-a828-4ea0-b78c-89fbd79fa748,Woolworths Supermarket,Drinks,Twinings Irish Breakfast Tea Bags 100pk 200g,008647,$11.00,$0.11 / 1EA,https://www.woolworths.com.au/shop/productdetails/8647/twinings-irish-breakfast-tea-bags,https://cdn0.woolworths.media/content/wowproductimages/medium/008647.jpg,2020-09-21 16:53:59,,0,,True
cab5be68-196e-4d3b-a836-aac6197367ea,Woolworths Supermarket,Drinks,Twinings Russian Caravan Tea Bags 10pk 20g,010109,$2.70,$0.27 / 1EA,https://www.woolworths.com.au/shop/productdetails/10109/twinings-russian-caravan-tea-bags,https://cdn0.woolworths.media/content/wowproductimages/medium/010109.jpg,2020-09-21 16:53:59,,0,,True
edc5d600-e25d-4df9-be1b-f83358b6d39d,Woolworths Supermarket,Drinks,Nescafe Blend 43 Decaffeinated Instant Coffee 250g,010927,$17.50,$7.00 / 100G,https://www.woolworths.com.au/shop/productdetails/10927/nescafe-blend-43-decaffeinated-instant-coffee,https://cdn0.woolworths.media/content/wowproductimages/medium/010927.jpg,2020-09-21 16:53:59,,0,,True
c30ad01c-750c-454d-a4b3-dba0771883eb,Woolworths Supermarket,Drinks,Nutriboost Boosted Milk Drink Chocolate 250ml,012521,$2.40,$9.60 / 1L,https://www.woolworths.com.au/shop/productdetails/12521/nutriboost-boosted-milk-drink-chocolate,https://cdn0.woolworths.media/content/wowproductimages/medium/012521.jpg,2020-09-21 16:53:59,,0,5 for $8.50 $6.80/1L,True
8d0a957a-5430-47ff-8ce8-683dc095284c,Woolworths Supermarket,Drinks,Nutriboost Boosted Milk Drink Vanilla 250ml,012550,$2.40,$9.60 / 1L,https://www.woolworths.com.au/shop/productdetails/12550/nutriboost-boosted-milk-drink-vanilla,https://cdn0.woolworths.media/content/wowproductimages/medium/012550.jpg,2020-09-21 16:53:59,,0,5 for $8.50 $6.80/1L,True
db14049d-828a-45ca-a8bb-b178f1011d28,Woolworths Supermarket,Drinks,Nutriboost Boosted Milk Drink Banana 250ml,012584,$2.40,$9.60 / 1L,https://www.woolworths.com.au/shop/productdetails/12584/nutriboost-boosted-milk-drink-banana,https://cdn0.woolworths.media/content/wowproductimages/medium/012584.jpg,2020-09-21 16:53:59,,0,5 for $8.50 $6.80/1L,True
5315c4d4-0363-4c9c-a608-e7bfc517cf96,Woolworths Supermarket,Drinks,Golden Circle Mango Nectar Fruit Drink 2l,015720,$3.00,$1.50 / 1L,https://www.woolworths.com.au/shop/productdetails/15720/golden-circle-mango-nectar-fruit-drink,https://cdn0.woolworths.media/content/wowproductimages/medium/015720.jpg,2020-09-21 16:53:59,,0,Was $3.79 08/01/2018,True
0c5e48ee-b745-453c-a0a5-5f6450ff34f5,Woolworths Supermarket,Drinks,Sanpellegrino Natural Mineral Water 6x250ml,015806,$9.89,$6.59 / 1L,https://www.woolworths.com.au/shop/productdetails/15806/sanpellegrino-natural-mineral-water,https://cdn0.woolworths.media/content/wowproductimages/medium/015806.jpg,2020-09-21 16:53:59,,0,,True
972662dd-12e6-45e2-b512-61cec1652680,Woolworths Supermarket,Drinks,Mount Franklin Still Water Bottle 1.5l,015917,$2.70,$1.80 / 1L,https://www.woolworths.com.au/shop/productdetails/15917/mount-franklin-still-water-bottle,https://cdn0.woolworths.media/content/wowproductimages/medium/015917.jpg,2020-09-21 16:53:59,,0,,True
8157c122-838f-415f-8c9b-a5e7040cd605,Woolworths Supermarket,Drinks,Sanitarium So Good Long Life Lite Soy Milk 1l,016307,$1.90,$1.90 / 1L,https://www.woolworths.com.au/shop/productdetails/16307/sanitarium-so-good-long-life-lite-soy-milk,https://cdn0.woolworths.media/content/wowproductimages/medium/016307.jpg,2020-09-21 16:53:59,,0,,True
03cc1c3e-99d9-4880-a4f4-33cc13a01c3a,Woolworths Supermarket,Drinks,Vittoria Decaffeinated Ground Coffee Espresso 200g,016485,$10.00,$5.00 / 100G,https://www.woolworths.com.au/shop/productdetails/16485/vittoria-decaffeinated-ground-coffee-espresso,https://cdn0.woolworths.media/content/wowproductimages/medium/016485.jpg,2020-09-21 16:53:59,,0,,True
f194759d-873d-4838-ac46-a94ac5d3849c,Woolworths Supermarket,Drinks,Moccona Freeze Dried Instant Coffee Indulgence 200g,017605,$13.00,$6.50 / 100G,https://www.woolworths.com.au/shop/productdetails/17605/moccona-freeze-dried-instant-coffee-indulgence,https://cdn0.woolworths.media/content/wowproductimages/medium/017605.jpg,2020-09-21 16:53:59,,0,,True
753c1753-7cc4-4353-9e6b-71d0a45c492b,Woolworths Supermarket,Drinks,Coca-cola Diet Soft Drink Bottle Caffeine Free 1.25l,017714,$2.00,$1.60 / 1L,https://www.woolworths.com.au/shop/productdetails/17714/coca-cola-diet-soft-drink-bottle-caffeine-free,https://cdn0.woolworths.media/content/wowproductimages/medium/017714.jpg,2020-09-21 16:53:59,,0,,True
1a55707f-91a8-4571-ab2c-19b76c97cdd8,Woolworths Supermarket,Drinks,Essentials Instant Coffee Granulated 200g,017950,$3.70,$1.85 / 100G,https://www.woolworths.com.au/shop/productdetails/17950/essentials-instant-coffee-granulated,https://cdn0.woolworths.media/content/wowproductimages/medium/017950.jpg,2020-09-21 16:53:59,,0,,True
42e50fec-8404-4ea4-9e54-fe4cd8bde36e,Woolworths Supermarket,Drinks,Dilmah Premium Quality Loose Leaf Tea 250g,018206,$5.30,$2.12 / 100G,https://www.woolworths.com.au/shop/productdetails/18206/dilmah-premium-quality-loose-leaf-tea,https://cdn0.woolworths.media/content/wowproductimages/medium/018206.jpg,2020-09-21 16:53:59,,0,,True
007db85e-68a4-4c6f-94a1-4f677651b405,Woolworths Supermarket,Drinks,Woolworths Tomato Juice 850ml,018468,$1.80,$2.12 / 1L,https://www.woolworths.com.au/shop/productdetails/18468/woolworths-tomato-juice,https://cdn0.woolworths.media/content/wowproductimages/medium/018468.jpg,2020-09-21 16:53:59,Average product rating out of 5: 3.9. Product score is based on 135 ratings,135,,True
6025df4a-da09-4e53-8c91-d81b758dea74,Woolworths Supermarket,Drinks,Mojo Kombucha Raspberry Blueberry 450ml,019030,$4.00,$8.89 / 1L,https://www.woolworths.com.au/shop/productdetails/19030/mojo-kombucha-raspberry-blueberry,https://cdn0.woolworths.media/content/wowproductimages/medium/019030.jpg,2020-09-21 16:53:59,,0,Was $4.30 23/05/2019,True
4e6267c2-6e91-49d8-a809-afe9aeb21312,Woolworths Supermarket,Drinks,Frantelle Still Water 1.5l,019171,$1.00,$0.67 / 1L,https://www.woolworths.com.au/shop/productdetails/19171/frantelle-still-water,https://cdn0.woolworths.media/content/wowproductimages/medium/019171.jpg,2020-09-21 16:53:59,,0,,True
b6b493d8-d0b6-4fdf-85ba-1dda555b80de,Woolworths Supermarket,Drinks,Coca-cola Diet Caffeine Free Bottle 2l,019726,$2.75,$1.38 / 1L,https://www.woolworths.com.au/shop/productdetails/19726/coca-cola-diet-caffeine-free-bottle,https://cdn0.woolworths.media/content/wowproductimages/medium/019726.jpg,2020-09-21 16:53:59,,0,Was $4.20 12/12/2017,True
518a8017-e93c-4563-bd37-d30602998efd,Woolworths Supermarket,Drinks,Caffe Aurora Ground Coffee Italian Style 250g,019742,$3.00,$1.20 / 100G,https://www.woolworths.com.au/shop/productdetails/19742/caffe-aurora-ground-coffee-italian-style,https://cdn0.woolworths.media/content/wowproductimages/medium/019742.jpg,2020-09-21 16:53:59,,0,,True
7fbfc078-a919-4b74-9bd0-a3e0efb9a17e,Woolworths Supermarket,Drinks,Schweppes Raspberry Bottle 600ml,019818,$2.90,$4.83 / 1L,https://www.woolworths.com.au/shop/productdetails/19818/schweppes-raspberry-bottle,https://cdn0.woolworths.media/content/wowproductimages/medium/019818.jpg,2020-09-21 16:53:59,,0,Was $3.60 03/04/2017,True
7319ecd5-dad3-4a43-a826-227a6560aaab,Woolworths Supermarket,Drinks,Summer Snow Sparkling Pink Lady & Raspberry Apple Juice 330ml,022538,$3.50,$10.61 / 1L,https://www.woolworths.com.au/shop/productdetails/22538/summer-snow-sparkling-pink-lady-raspberry-apple-juice,https://cdn0.woolworths.media/content/wowproductimages/medium/022538.jpg,2020-09-21 16:53:59,,0,,True
e33e92fa-d357-4b1a-831d-052c63c0459c,Woolworths Supermarket,Drinks,Nudie Proactive Antioxidant 400ml,022617,$4.50,$11.25 / 1L,https://www.woolworths.com.au/shop/productdetails/22617/nudie-proactive-antioxidant,https://cdn0.woolworths.media/content/wowproductimages/medium/022617.jpg,2020-09-21 16:53:59,,0,,True
a7fe5125-f3a6-4505-aef2-b7a82ff17734,Woolworths Supermarket,Drinks,Nescafe Gold Creme Brulee 8 pack,022768,$3.15,$0.39 / 1EA,https://www.woolworths.com.au/shop/productdetails/22768/nescafe-gold-creme-brulee,https://cdn0.woolworths.media/content/wowproductimages/medium/022768.jpg,2020-09-21 16:53:59,,0,,True
5212f768-0ff9-462b-b76d-97f21ac1a6f0,Woolworths Supermarket,Drinks,Nescafe Gold Cappuccino Intense 8 pack,022769,$3.15,$0.39 / 1EA,https://www.woolworths.com.au/shop/productdetails/22769/nescafe-gold-cappuccino-intense,https://cdn0.woolworths.media/content/wowproductimages/medium/022769.jpg,2020-09-21 16:53:59,,0,,True
a0d373be-76e5-4423-bbf5-7f737e014847,Woolworths Supermarket,Drinks,Nescafe Gold Cappucino 8 pack,022774,$3.15,$0.39 / 1EA,https://www.woolworths.com.au/shop/productdetails/22774/nescafe-gold-cappucino,https://cdn0.woolworths.media/content/wowproductimages/medium/022774.jpg,2020-09-21 16:53:59,,0,,True
7fd530d9-0a6c-44ac-9b8a-e94a850e5ae9,Woolworths Supermarket,Drinks,Nescafe Decaf Cappuccino Coffee Sachets 10 pack,022780,$3.15,$0.32 / 1EA,https://www.woolworths.com.au/shop/productdetails/22780/nescafe-decaf-cappuccino-coffee-sachets,https://cdn0.woolworths.media/content/wowproductimages/medium/022780.jpg,2020-09-21 16:53:59,,0,,True
d4452951-0426-43ba-81bb-298a6d6fcff2,Woolworths Supermarket,Drinks,Nescafe Latte 10 pack,022823,$3.15,$0.32 / 1EA,https://www.woolworths.com.au/shop/productdetails/22823/nescafe-latte,https://cdn0.woolworths.media/content/wowproductimages/medium/022823.jpg,2020-09-21 16:53:59,,0,,True
97a293bd-7431-41eb-9eee-650bdc134136,Woolworths Supermarket,Drinks,Nudie Kids Tetra Orange 200ml,022935,$1.40,$7.00 / 1L,https://www.woolworths.com.au/shop/productdetails/22935/nudie-kids-tetra-orange,https://cdn0.woolworths.media/content/wowproductimages/medium/022935.jpg,2020-09-21 16:53:59,,0,,True
83e96afc-a910-437a-b9f8-8859e4f8455d,Woolworths Supermarket,Drinks,Nudie Kids Tetra Tropical 200ml,022941,$1.40,$7.00 / 1L,https://www.woolworths.com.au/shop/productdetails/22941/nudie-kids-tetra-tropical,https://cdn0.woolworths.media/content/wowproductimages/medium/022941.jpg,2020-09-21 16:53:59,,0,,True
b9e29af5-fc10-4601-bab0-1f4fdf3d7e25,Woolworths Supermarket,Drinks,Nudie Kids Tetra Apple 200ml,022956,$1.40,$7.00 / 1L,https://www.woolworths.com.au/shop/productdetails/22956/nudie-kids-tetra-apple,https://cdn0.woolworths.media/content/wowproductimages/medium/022956.jpg,2020-09-21 16:53:59,,0,,True
614f8229-a619-466c-adbb-8343ec0329bd,Woolworths Supermarket,Drinks,Schweppes Signature Series Ginger Beer With Mexican Lime 4 x300ml,023702,$6.00,$5.00 / 1L,https://www.woolworths.com.au/shop/productdetails/23702/schweppes-signature-series-ginger-beer-with-mexican-lime,https://cdn0.woolworths.media/content/wowproductimages/medium/023702.jpg,2020-09-21 16:53:59,,0,,True
f4f0ca11-1597-4613-82d9-c71c2f94601c,Woolworths Supermarket,Drinks,Nexba Apple Pear & Ginger Kombucha Sugar Free 4x330ml,023705,$8.00,$6.06 / 1L,https://www.woolworths.com.au/shop/productdetails/23705/nexba-apple-pear-ginger-kombucha-sugar-free,https://cdn0.woolworths.media/content/wowproductimages/medium/023705.jpg,2020-09-21 16:53:59,,0,,True
8d6a0c7d-a37f-4e3c-b720-d05c95b58cc4,Woolworths Supermarket,Drinks,Nexba Rose Lemonade Kombucha Sugar Free 4x330ml,023766,$8.00,$6.06 / 1L,https://www.woolworths.com.au/shop/productdetails/23766/nexba-rose-lemonade-kombucha-sugar-free,https://cdn0.woolworths.media/content/wowproductimages/medium/023766.jpg,2020-09-21 16:53:59,,0,,True
040bf3bc-69db-4722-b6be-40cae288c060,Woolworths Supermarket,Drinks,Nexba Elderflower & Lemon Kombucha Sugar Free 1l,023770,$5.00,$5.00 / 1L,https://www.woolworths.com.au/shop/productdetails/23770/nexba-elderflower-lemon-kombucha-sugar-free,https://cdn0.woolworths.media/content/wowproductimages/medium/023770.jpg,2020-09-21 16:53:59,,0,,True
98469ebc-89bc-4651-9555-7e3a581fac4e,Woolworths Supermarket,Drinks,Nexba Mixed Berry Kombucha Sugar Free 1l,023772,$5.00,$5.00 / 1L,https://www.woolworths.com.au/shop/productdetails/23772/nexba-mixed-berry-kombucha-sugar-free,https://cdn0.woolworths.media/content/wowproductimages/medium/023772.jpg,2020-09-21 16:53:59,,0,,True
e4b82237-3bfa-42af-9208-55954381fdf2,Woolworths Supermarket,Drinks,Nexba Strawberry & Peach Kombucha Sugar Free 1l,023775,$5.00,$5.00 / 1L,https://www.woolworths.com.au/shop/productdetails/23775/nexba-strawberry-peach-kombucha-sugar-free,https://cdn0.woolworths.media/content/wowproductimages/medium/023775.jpg,2020-09-21 16:53:59,,0,,True
3dfc170f-e4f6-45eb-bec2-600c372d10af,Woolworths Supermarket,Drinks,Sanitarium So Good Long Life Regular Soy Milk 1l,024318,$1.90,$1.90 / 1L,https://www.woolworths.com.au/shop/productdetails/24318/sanitarium-so-good-long-life-regular-soy-milk,https://cdn0.woolworths.media/content/wowproductimages/medium/024318.jpg,2020-09-21 16:53:59,,0,,True
8b961fc1-647e-420b-aeea-4281c26270de,Woolworths Supermarket,Drinks,Remedy Kombucha Peach Cans 250ml x4 pack,024394,$8.75,$8.75 / 1L,https://www.woolworths.com.au/shop/productdetails/24394/remedy-kombucha-peach-cans,https://cdn0.woolworths.media/content/wowproductimages/medium/024394.jpg,2020-09-21 16:53:59,,0,,True
79db47dc-126b-4a9d-b923-82a9023dfaaa,Woolworths Supermarket,Drinks,Vittoria Chocochino Drinking Chocolate 375g,024570,$4.00,$1.07 / 100G,https://www.woolworths.com.au/shop/productdetails/24570/vittoria-chocochino-drinking-chocolate,https://cdn0.woolworths.media/content/wowproductimages/medium/024570.jpg,2020-09-21 16:53:59,,0,,True
4bc38179-0247-4f2c-9e88-9adb324e15c7,Woolworths Supermarket,Drinks,Madura Premium Blend Tea Bags 50pk 100g,024833,$5.00,$0.10 / 1EA,https://www.woolworths.com.au/shop/productdetails/24833/madura-premium-blend-tea-bags,https://cdn0.woolworths.media/content/wowproductimages/medium/024833.jpg,2020-09-21 16:53:59,,0,,True
a29bee9e-95e4-4e0f-bc2a-39fae195e599,Woolworths Supermarket,Drinks,The Apple Press Pink Lady Cold Pressed Apple 1.5l,025546,$6.50,$4.33 / 1L,https://www.woolworths.com.au/shop/productdetails/25546/the-apple-press-pink-lady-cold-pressed-apple,https://cdn0.woolworths.media/content/wowproductimages/medium/025546.jpg,2020-09-21 16:53:59,Average product rating out of 5: 4.5. Product score is based on 515 ratings,515,,True
90d2b077-f468-430e-8d6f-6fe35c26331b,Woolworths Supermarket,Drinks,Fanta Orange Can 250ml,025832,$2.10,$8.40 / 1L,https://www.woolworths.com.au/shop/productdetails/25832/fanta-orange-can,https://cdn0.woolworths.media/content/wowproductimages/medium/025832.jpg,2020-09-21 16:53:59,,0,,True
2d45845a-7665-4f01-97dd-1f74a98a4e95,Woolworths Supermarket,Drinks,Robert Timms Gold Columbia Coffee Bags 28 pack,026128,$9.65,$0.34 / 1EA,https://www.woolworths.com.au/shop/productdetails/26128/robert-timms-gold-columbia-coffee-bags,https://cdn0.woolworths.media/content/wowproductimages/medium/026128.jpg,2020-09-21 16:53:59,,0,,True
719b0b82-031f-485d-9eca-67f401888795,Woolworths Supermarket,Drinks,Bundaberg Ginger Beer 750ml,026506,$2.95,$3.93 / 1L,https://www.woolworths.com.au/shop/productdetails/26506/bundaberg-ginger-beer,https://cdn0.woolworths.media/content/wowproductimages/medium/026506.jpg,2020-09-21 16:53:59,,0,,True
6f306368-0608-4cdb-9239-56853f22c19f,Woolworths Supermarket,Drinks,Pureharvest Organic Nature's Soy Milk 1l,028196,$2.20,$2.20 / 1L,https://www.woolworths.com.au/shop/productdetails/28196/pureharvest-organic-nature-s-soy-milk,https://cdn0.woolworths.media/content/wowproductimages/medium/028196.jpg,2020-09-21 16:53:59,,0,,True
1bde74c8-eb52-4dfe-871d-beb4457a55d3,Woolworths Supermarket,Drinks,Lavazza Ristretto Capsules Intensita 11 10 pack,028344,$6.00,$0.60 / 1EA,https://www.woolworths.com.au/shop/productdetails/28344/lavazza-ristretto-capsules-intensita-11,https://cdn0.woolworths.media/content/wowproductimages/medium/028344.jpg,2020-09-21 16:53:59,,0,,True
3c9847c4-dfab-44ec-95f3-82e7ada5e749,Woolworths Supermarket,Drinks,Lavazza Qualita Rossa Beans 1kg,028404,$22.00,$2.20 / 100G,https://www.woolworths.com.au/shop/productdetails/28404/lavazza-qualita-rossa-beans,https://cdn0.woolworths.media/content/wowproductimages/medium/028404.jpg,2020-09-21 16:53:59,,0,,True
e87b3921-1f0e-408a-8c24-f65de18e7b60,Woolworths Supermarket,Drinks,Lavazza A Modo Mio Intenso 16 pack,028412,$11.00,$0.69 / 1EA,https://www.woolworths.com.au/shop/productdetails/28412/lavazza-a-modo-mio-intenso,https://cdn0.woolworths.media/content/wowproductimages/medium/028412.jpg,2020-09-21 16:53:59,,0,,True
6df9bbf2-2a6d-4b6d-94f3-4d37a76691b8,Woolworths Supermarket,Drinks,Oasis Ground Coffee Greek Style 200g,029734,$4.00,$2.00 / 100G,https://www.woolworths.com.au/shop/productdetails/29734/oasis-ground-coffee-greek-style,https://cdn0.woolworths.media/content/wowproductimages/medium/029734.jpg,2020-09-21 16:53:59,,0,,True
a3899798-e36b-4fa7-9c7e-144c62e90320,Woolworths Supermarket,Drinks,Madura Green Tea Bags 50pk 75g,030321,$4.55,$0.09 / 1EA,https://www.woolworths.com.au/shop/productdetails/30321/madura-green-tea-bags,https://cdn0.woolworths.media/content/wowproductimages/medium/030321.jpg,2020-09-21 16:53:59,,0,,True
a625efc6-999e-4e6f-924f-9a9d122846de,Woolworths Supermarket,Drinks,Gatorade Lemon Lime Sports Drink 600ml,030441,$3.50,$5.83 / 1L,https://www.woolworths.com.au/shop/productdetails/30441/gatorade-lemon-lime-sports-drink,https://cdn0.woolworths.media/content/wowproductimages/medium/030441.jpg,2020-09-21 16:53:59,,0,,True
5ee2b1c2-4ac5-44b1-bfa0-e8f22a646e9f,Woolworths Supermarket,Drinks,Gatorade Tropical Sports Drink 600ml,030446,$3.50,$5.83 / 1L,https://www.woolworths.com.au/shop/productdetails/30446/gatorade-tropical-sports-drink,https://cdn0.woolworths.media/content/wowproductimages/medium/030446.jpg,2020-09-21 16:53:59,,0,,True
f97f9ae7-811f-4677-98ed-3fcd9d97649a,Woolworths Supermarket,Drinks,Gatorade Orange Ice Sports Drink 600ml,030450,$3.50,$5.83 / 1L,https://www.woolworths.com.au/shop/productdetails/30450/gatorade-orange-ice-sports-drink,https://cdn0.woolworths.media/content/wowproductimages/medium/030450.jpg,2020-09-21 16:53:59,,0,,True
322fc6c8-7923-4383-9fe1-540aa30555a7,Woolworths Supermarket,Drinks,Liddells Full Cream Long Life Milk Lactose Free 1l,032063,$2.25,$2.25 / 1L,https://www.woolworths.com.au/shop/productdetails/32063/liddells-full-cream-long-life-milk-lactose-free,https://cdn0.woolworths.media/content/wowproductimages/medium/032063.jpg,2020-09-21 16:53:59,,0,,True
cae7ee65-e62c-4a40-b9d9-103a076fb754,Woolworths Supermarket,Drinks,Vittoria Italian Ground 200g,032179,$5.00,$2.50 / 100G,https://www.woolworths.com.au/shop/productdetails/32179/vittoria-italian-ground,https://cdn0.woolworths.media/content/wowproductimages/medium/032179.jpg,2020-09-21 16:53:59,,0,,True
1a95f6d6-b658-4a88-925e-bcd67a367440,Woolworths Supermarket,Drinks,Vittoria Espressotoria Maragogype Coffee Capsules 12 pack,032182,$4.20,$0.35 / 1EA,https://www.woolworths.com.au/shop/productdetails/32182/vittoria-espressotoria-maragogype-coffee-capsules,https://cdn0.woolworths.media/content/wowproductimages/medium/032182.jpg,2020-09-21 16:53:59,,0,,True
b23e0d48-7f20-470d-8767-b1ed0c269c5b,Woolworths Supermarket,Drinks,Vittoria Organic Beans 500g,032187,$11.40,$2.28 / 100G,https://www.woolworths.com.au/shop/productdetails/32187/vittoria-organic-beans,https://cdn0.woolworths.media/content/wowproductimages/medium/032187.jpg,2020-09-21 16:53:59,,0,,True
2cc6924e-5427-4243-84bc-ee9bb25306c1,Woolworths Supermarket,Drinks,Vittoria Mt Grown Ground 500g,032216,$15.00,$3.00 / 100G,https://www.woolworths.com.au/shop/productdetails/32216/vittoria-mt-grown-ground,https://cdn0.woolworths.media/content/wowproductimages/medium/032216.jpg,2020-09-21 16:53:59,,0,,True
06963715-5718-42bf-91aa-b10484303287,Woolworths Supermarket,Drinks,Moccona Freeze Dried Instant Coffee Classic Medium Roast 50g,032695,$6.00,$12.00 / 100G,https://www.woolworths.com.au/shop/productdetails/32695/moccona-freeze-dried-instant-coffee-classic-medium-roast,https://cdn0.woolworths.media/content/wowproductimages/medium/032695.jpg,2020-09-21 16:53:59,,0,,True
8c60b5c8-1e4e-45bb-b3fc-7b3f5c41e8b3,Woolworths Supermarket,Drinks,Golden Circle Pineapple Juice 1l,032748,$2.25,$2.25 / 1L,https://www.woolworths.com.au/shop/productdetails/32748/golden-circle-pineapple-juice,https://cdn0.woolworths.media/content/wowproductimages/medium/032748.jpg,2020-09-21 16:53:59,,0,,True
e69e8c66-77fe-40b8-99ae-6bcf10d894de,Woolworths Supermarket,Drinks,Golden Circle Pine Orange Fruit Drink 1l,032749,$2.15,$2.15 / 1L,https://www.woolworths.com.au/shop/productdetails/32749/golden-circle-pine-orange-fruit-drink,https://cdn0.woolworths.media/content/wowproductimages/medium/032749.jpg,2020-09-21 16:53:59,,0,,True
eaec5f99-bf58-4b65-a031-1b7ac3b01407,Woolworths Supermarket,Drinks,Nerada Loose Leaf Tea 250g,033072,$3.00,$1.20 / 100G,https://www.woolworths.com.au/shop/productdetails/33072/nerada-loose-leaf-tea,https://cdn0.woolworths.media/content/wowproductimages/medium/033072.jpg,2020-09-21 16:53:59,,0,,True
1906a01e-e165-4fb7-bc5a-7b4296916d18,Woolworths Supermarket,Drinks,Amplify Peach And Mango 330ml,033380,$3.00,$9.09 / 1L,https://www.woolworths.com.au/shop/productdetails/33380/amplify-peach-and-mango,https://cdn0.woolworths.media/content/wowproductimages/medium/033380.jpg,2020-09-21 16:53:59,,0,,True
3dc37828-6dbf-44fd-b456-5d6b11d4088f,Woolworths Supermarket,Drinks,Nestle Carnation Creamy Evaporated Milk 375ml,033517,$2.70,$7.20 / 1L,https://www.woolworths.com.au/shop/productdetails/33517/nestle-carnation-creamy-evaporated-milk,https://cdn0.woolworths.media/content/wowproductimages/medium/033517.jpg,2020-09-21 16:53:59,,0,Was $3.00 14/08/2017,True
9d954ab1-d1c3-4020-add4-4fcd7252de0a,Woolworths Supermarket,Drinks,Devondale 100% Pure Full Cream Long Life Milk 1l,033557,$1.45,$1.45 / 1L,https://www.woolworths.com.au/shop/productdetails/33557/devondale-100-pure-full-cream-long-life-milk,https://cdn0.woolworths.media/content/wowproductimages/medium/033557.jpg,2020-09-21 16:53:59,,0,,True
905400d5-f8f3-4720-a593-e51051a289eb,Woolworths Supermarket,Drinks,Devondale Skim Long Life Milk 1l,033637,$1.45,$1.45 / 1L,https://www.woolworths.com.au/shop/productdetails/33637/devondale-skim-long-life-milk,https://cdn0.woolworths.media/content/wowproductimages/medium/033637.jpg,2020-09-21 16:53:59,,0,,True
82b2465c-754f-4210-90c3-056f7c0b9471,Woolworths Supermarket,Drinks,Nestle Carnation Evaporated Milk Light & Creamy 375ml,033719,$2.70,$7.20 / 1L,https://www.woolworths.com.au/shop/productdetails/33719/nestle-carnation-evaporated-milk-light-creamy,https://cdn0.woolworths.media/content/wowproductimages/medium/033719.jpg,2020-09-21 16:53:59,,0,Was $3.00 14/08/2017,True
40fd14be-f3b1-4675-89b2-e81d4e088b8c,Woolworths Supermarket,Drinks,Bushells Blue Label Loose Leaf Tea 250g,033804,$3.00,$1.20 / 100G,https://www.woolworths.com.au/shop/productdetails/33804/bushells-blue-label-loose-leaf-tea,https://cdn0.woolworths.media/content/wowproductimages/medium/033804.jpg,2020-09-21 16:53:59,,0,Was $4.00 13/08/2018,True
4e055d3c-c6b5-4d6d-a767-6334fc8a4c0d,Woolworths Supermarket,Drinks,Bushells Lan Choo Loose Leaf Tea 250g,033811,$4.00,$1.60 / 100G,https://www.woolworths.com.au/shop/productdetails/33811/bushells-lan-choo-loose-leaf-tea,https://cdn0.woolworths.media/content/wowproductimages/medium/033811.jpg,2020-09-21 16:53:59,,0,,True
dbe57e8e-a360-4f25-a553-849b4c7f4aac,Woolworths Supermarket,Drinks,Lipton Quality Tips Loose Leaf Tea 250g,033817,$3.75,$1.50 / 100G,https://www.woolworths.com.au/shop/productdetails/33817/lipton-quality-tips-loose-leaf-tea,https://cdn0.woolworths.media/content/wowproductimages/medium/033817.jpg,2020-09-21 16:53:59,,0,,True
b5e0562e-d8f2-4b4d-9912-a1299b7dcb77,Woolworths Supermarket,Drinks,Nescafe Blend 43 Instant Coffee 50g,033832,$5.00,$10.00 / 100G,https://www.woolworths.com.au/shop/productdetails/33832/nescafe-blend-43-instant-coffee,https://cdn0.woolworths.media/content/wowproductimages/medium/033832.jpg,2020-09-21 16:53:59,,0,,True
9f7bad71-aad1-4cd0-a73e-e548ad8f4b3a,Woolworths Supermarket,Drinks,Nescafe Blend 43 Instant Coffee 150g,033835,$9.40,$6.27 / 100G,https://www.woolworths.com.au/shop/productdetails/33835/nescafe-blend-43-instant-coffee,https://cdn0.woolworths.media/content/wowproductimages/medium/033835.jpg,2020-09-21 16:53:59,,0,,True
0e203aa2-aa00-472f-9973-79d6cb8a8bcd,Woolworths Supermarket,Drinks,Bushells Coffee Essence Sweet Chicory 250ml,033839,$4.30,$1.72 / 100ML,https://www.woolworths.com.au/shop/productdetails/33839/bushells-coffee-essence-sweet-chicory,https://cdn0.woolworths.media/content/wowproductimages/medium/033839.jpg,2020-09-21 16:53:59,,0,,True
d232aa39-bbca-4834-8e9c-f8bb17c00762,Woolworths Supermarket,Drinks,Nestle Coffee Mate Instant Coffee & Milk 385g,033882,$4.10,$1.06 / 100G,https://www.woolworths.com.au/shop/productdetails/33882/nestle-coffee-mate-instant-coffee-milk,https://cdn0.woolworths.media/content/wowproductimages/medium/033882.jpg,2020-09-21 16:53:59,,0,,True
3897cbb1-dcc3-41c3-868c-51ef121231ad,Woolworths Supermarket,Drinks,Nesquik Chocolate 500g,033889,$5.60,$1.12 / 100G,https://www.woolworths.com.au/shop/productdetails/33889/nesquik-chocolate,https://cdn0.woolworths.media/content/wowproductimages/medium/033889.jpg,2020-09-21 16:53:59,,0,,True
396249cc-aeef-464b-8700-07f83fe3f2a1,Woolworths Supermarket,Drinks,Nesquik Strawberry Flavour 250g,033890,$2.80,$1.12 / 100G,https://www.woolworths.com.au/shop/productdetails/33890/nesquik-strawberry-flavour,https://cdn0.woolworths.media/content/wowproductimages/medium/033890.jpg,2020-09-21 16:53:59,,0,,True
e57caba3-e7a3-4cf6-8f19-1a8be9757d16,Woolworths Supermarket,Drinks,Devondale Sparkling Juice Apple 750ml,034925,$2.50,$3.33 / 1L,https://www.woolworths.com.au/shop/productdetails/34925/devondale-sparkling-juice-apple,https://cdn0.woolworths.media/content/wowproductimages/medium/034925.jpg,2020-09-21 16:53:59,,0,,True
b46bf240-9ffb-4fe7-aa6b-7ea8da30f5d8,Woolworths Supermarket,Drinks,Delta Chicco D'oro Ground Coffee 200g,035051,$3.00,$1.50 / 100G,https://www.woolworths.com.au/shop/productdetails/35051/delta-chicco-d-oro-ground-coffee,https://cdn0.woolworths.media/content/wowproductimages/medium/035051.jpg,2020-09-21 16:53:59,,0,,True
305f6576-c4b8-4527-ac2f-a9bbdc08b259,Woolworths Supermarket,Drinks,Vitasoy Original Soy Milk 1l,035617,$3.00,$3.00 / 1L,https://www.woolworths.com.au/shop/productdetails/35617/vitasoy-original-soy-milk,https://cdn0.woolworths.media/content/wowproductimages/medium/035617.jpg,2020-09-21 16:53:59,,0,,True
3e8a8f69-cc8c-4a27-95ae-cd57132252d3,Woolworths Supermarket,Drinks,Moccona Freeze Dried Instant Coffee Classic Medium Roast 200g,035681,$10.00,$5.00 / 100G,https://www.woolworths.com.au/shop/productdetails/35681/moccona-freeze-dried-instant-coffee-classic-medium-roast,https://cdn0.woolworths.media/content/wowproductimages/medium/035681.jpg,2020-09-21 16:53:59,,0,,True
2006a0d4-7c37-4534-b323-f8fe8ad669e2,Woolworths Supermarket,Drinks,Solo Lemon Zero Sugar 600ml,036171,$2.90,$4.83 / 1L,https://www.woolworths.com.au/shop/productdetails/36171/solo-lemon-zero-sugar,https://cdn0.woolworths.media/content/wowproductimages/medium/036171.jpg,2020-09-21 16:53:59,,0,,True
bc8bf433-8aea-4f2b-aa36-882bb892886f,Woolworths Supermarket,Drinks,Frantelle Pineapple & Orange Sparkling Water 375ml,036221,$1.70,$4.53 / 1L,https://www.woolworths.com.au/shop/productdetails/36221/frantelle-pineapple-orange-sparkling-water,https://cdn0.woolworths.media/content/wowproductimages/medium/036221.jpg,2020-09-21 16:53:59,,0,,True
fb05a510-98ba-48e8-bd75-59e9574dffd6,Woolworths Supermarket,Drinks,Bickford's Lime Cordial 750ml,036298,$4.00,$5.33 / 1L,https://www.woolworths.com.au/shop/productdetails/36298/bickford-s-lime-cordial,https://cdn0.woolworths.media/content/wowproductimages/medium/036298.jpg,2020-09-21 16:53:59,,0,,True
f718c11d-5962-4627-9bc5-230307b728e1,Woolworths Supermarket,Drinks,Bushells Blue Label Tea Bags Black 50 pack,036643,$2.00,$0.04 / 1EA,https://www.woolworths.com.au/shop/productdetails/36643/bushells-blue-label-tea-bags-black,https://cdn0.woolworths.media/content/wowproductimages/medium/036643.jpg,2020-09-21 16:53:59,,0,Was $2.67 13/08/2018,True
146106f4-39a5-4ad1-a8dc-c47aee553e05,Woolworths Supermarket,Drinks,Bushells Blue Label Black Tea 100 pack,036655,$3.50,$0.04 / 1EA,https://www.woolworths.com.au/shop/productdetails/36655/bushells-blue-label-black-tea,https://cdn0.woolworths.media/content/wowproductimages/medium/036655.jpg,2020-09-21 16:53:59,,0,Was $4.29 05/02/2018,True
6f16b0d7-7f01-4d5c-948f-4e2d36e1236f,Woolworths Supermarket,Drinks,Breaka Chocolate Milk 6x250ml,036686,$5.00,$3.33 / 1L,https://www.woolworths.com.au/shop/productdetails/36686/breaka-chocolate-milk,https://cdn0.woolworths.media/content/wowproductimages/medium/036686.jpg,2020-09-21 16:53:59,,0,Was $5.50 08/07/2019,True
cfc7a1c1-faf2-4486-a1ae-4dffb0a6b3b3,Woolworths Supermarket,Drinks,Vittoria Espresso Ground Coffee 200g,037831,$8.00,$4.00 / 100G,https://www.woolworths.com.au/shop/productdetails/37831/vittoria-espresso-ground-coffee,https://cdn0.woolworths.media/content/wowproductimages/medium/037831.jpg,2020-09-21 16:53:59,,0,,True
427c5ca5-8a1f-4467-b528-ff63f52959aa,Woolworths Supermarket,Drinks,Prima No Added Sugar Drink Apple Blackcurrant 6 x200ml,037861,$2.50,$2.08 / 1L,https://www.woolworths.com.au/shop/productdetails/37861/prima-no-added-sugar-drink-apple-blackcurrant,https://cdn0.woolworths.media/content/wowproductimages/medium/037861.jpg,2020-09-21 16:53:59,,0,Was $3.49 22/01/2018,True
af158c75-d29c-4754-bc28-d0b4a4f5c3d6,Woolworths Supermarket,Drinks,Prima No Added Sugar Drink Tropical 6 x200ml,037942,$2.50,$2.08 / 1L,https://www.woolworths.com.au/shop/productdetails/37942/prima-no-added-sugar-drink-tropical,https://cdn0.woolworths.media/content/wowproductimages/medium/037942.jpg,2020-09-21 16:53:59,,0,Was $3.49 22/01/2018,True
a6f7a853-6700-441c-8f4d-ee6e00eb67ff,Woolworths Supermarket,Drinks,Moccona Freeze Dried Instant Coffee Classic Medium Roast 100g,038078,$9.95,$9.95 / 100G,https://www.woolworths.com.au/shop/productdetails/38078/moccona-freeze-dried-instant-coffee-classic-medium-roast,https://cdn0.woolworths.media/content/wowproductimages/medium/038078.jpg,2020-09-21 16:53:59,,0,,True
c15179ec-4670-42e5-9df7-c896794393ce,Woolworths Supermarket,Drinks,Dilmah Premium Quality Tea Bags 100 pack,038288,$5.50,$0.06 / 1EA,https://www.woolworths.com.au/shop/productdetails/38288/dilmah-premium-quality-tea-bags,https://cdn0.woolworths.media/content/wowproductimages/medium/038288.jpg,2020-09-21 16:53:59,,0,,True
6646cc3e-6dad-42fa-8454-07209c9ce55a,Woolworths Supermarket,Drinks,Schweppes Lime Juice Cordial 750ml,038435,$4.00,$5.33 / 1L,https://www.woolworths.com.au/shop/productdetails/38435/schweppes-lime-juice-cordial,https://cdn0.woolworths.media/content/wowproductimages/medium/038435.jpg,2020-09-21 16:53:59,,0,Was $4.50 21/05/2018,True
bedf18d6-77a0-4dbc-80be-cfdb92c76a94,Woolworths Supermarket,Drinks,Pureau Noble Ultra Pure Water 5l,038724,$5.30,$1.06 / 1L,https://www.woolworths.com.au/shop/productdetails/38724/pureau-noble-ultra-pure-water,https://cdn0.woolworths.media/content/wowproductimages/medium/038724.jpg,2020-09-21 16:53:59,,0,,True
eb90f05a-555a-4748-b225-5633d3a706de,Woolworths Supermarket,Drinks,Diet Rite Apple Blackcurrant Cordial 1l,039154,$3.00,$3.00 / 1L,https://www.woolworths.com.au/shop/productdetails/39154/diet-rite-apple-blackcurrant-cordial,https://cdn0.woolworths.media/content/wowproductimages/medium/039154.jpg,2020-09-21 16:53:59,,0,Was $3.50 21/05/2018,True
e536300e-85f7-4523-9276-602becedd120,Woolworths Supermarket,Drinks,Diet Rite Multi Fruits Cordial 1l,039208,$3.00,$3.00 / 1L,https://www.woolworths.com.au/shop/productdetails/39208/diet-rite-multi-fruits-cordial,https://cdn0.woolworths.media/content/wowproductimages/medium/039208.jpg,2020-09-21 16:53:59,,0,Was $3.50 21/05/2018,True
36320b35-2cd6-4d6a-815a-0524ce9e382b,Woolworths Supermarket,Drinks,Australia's Own Like Milk Unsweetened 1l,039482,$4.00,$4.00 / 1L,https://www.woolworths.com.au/shop/productdetails/39482/australia-s-own-like-milk-unsweetened,https://cdn0.woolworths.media/content/wowproductimages/medium/039482.jpg,2020-09-21 16:53:59,,0,,True
711b477a-ffbb-4d65-a8d4-2479d5d20f37,Woolworths Supermarket,Drinks,Golden Circle Cordial Orange Crush 2l,040445,$3.00,$1.50 / 1L,https://www.woolworths.com.au/shop/productdetails/40445/golden-circle-cordial-orange-crush,https://cdn0.woolworths.media/content/wowproductimages/medium/040445.jpg,2020-09-21 16:53:59,,0,Was $4.00 02/01/2017,True
94b16272-77db-4d23-8c6e-8138be53ecc4,Woolworths Supermarket,Drinks,Golden Circle Cordial Fruit Cup Crush 2l,040448,$3.00,$1.50 / 1L,https://www.woolworths.com.au/shop/productdetails/40448/golden-circle-cordial-fruit-cup-crush,https://cdn0.woolworths.media/content/wowproductimages/medium/040448.jpg,2020-09-21 16:53:59,,0,Was $4.00 02/01/2017,True
1d43f52f-78dc-46f5-9e9c-e1776ca32a74,Woolworths Supermarket,Drinks,Pepsi Light Caffeine Free Bottle 1.25l,040895,$1.10,$0.88 / 1L,https://www.woolworths.com.au/shop/productdetails/40895/pepsi-light-caffeine-free-bottle,https://cdn0.woolworths.media/content/wowproductimages/medium/040895.jpg,2020-09-21 16:53:59,,0,,True
a42a4af3-4d9b-4d4a-8b4f-427f4b9fd00e,Woolworths Supermarket,Drinks,Pureharvest Organic Aussie Dream Rice Milk 1l,041225,$2.20,$2.20 / 1L,https://www.woolworths.com.au/shop/productdetails/41225/pureharvest-organic-aussie-dream-rice-milk,https://cdn0.woolworths.media/content/wowproductimages/medium/041225.jpg,2020-09-21 16:53:59,,0,,True
9e2eb427-6c3c-4442-8a4f-8b2852d0a094,Woolworths Supermarket,Drinks,Twinings English Breakfast Loose Leaf Tea 125g,041853,$7.00,$5.60 / 100G,https://www.woolworths.com.au/shop/productdetails/41853/twinings-english-breakfast-loose-leaf-tea,https://cdn0.woolworths.media/content/wowproductimages/medium/041853.jpg,2020-09-21 16:53:59,,0,,True
d74c0326-52ea-4f68-83df-9d0047cd3536,Woolworths Supermarket,Drinks,Twinings Earl Grey Loose Leaf Tea 125g,041859,$7.00,$5.60 / 100G,https://www.woolworths.com.au/shop/productdetails/41859/twinings-earl-grey-loose-leaf-tea,https://cdn0.woolworths.media/content/wowproductimages/medium/041859.jpg,2020-09-21 16:53:59,,0,,True
974213b3-a5fb-48af-b698-9034a11b7d1f,Woolworths Supermarket,Drinks,Twinings Earl Grey Tea Bags 10pk 20g,041944,$2.70,$0.27 / 1EA,https://www.woolworths.com.au/shop/productdetails/41944/twinings-earl-grey-tea-bags,https://cdn0.woolworths.media/content/wowproductimages/medium/041944.jpg,2020-09-21 16:53:59,,0,,True
b7f9c3fb-ea9e-4858-9c56-ac56d3008817,Woolworths Supermarket,Drinks,Twinings English Breakfast Tea Bags 10 pack,041946,$2.70,$0.27 / 1EA,https://www.woolworths.com.au/shop/productdetails/41946/twinings-english-breakfast-tea-bags,https://cdn0.woolworths.media/content/wowproductimages/medium/041946.jpg,2020-09-21 16:53:59,,0,,True
296cc23a-d0fb-41dd-8a04-b2468099b9c8,Woolworths Supermarket,Drinks,Twinings Darjeeling Tea Bags 10pk 20g,041949,$2.70,$0.27 / 1EA,https://www.woolworths.com.au/shop/productdetails/41949/twinings-darjeeling-tea-bags,https://cdn0.woolworths.media/content/wowproductimages/medium/041949.jpg,2020-09-21 16:53:59,,0,,True
5bbb1535-0fb2-4525-9af0-045f7151230b,Woolworths Supermarket,Drinks,Harris Filter Papers 10-12 Cup 40pk,042312,$2.20,$0.06 / 1EA,https://www.woolworths.com.au/shop/productdetails/42312/harris-filter-papers-10-12-cup,https://cdn0.woolworths.media/content/wowproductimages/medium/042312.jpg,2020-09-21 16:53:59,,0,,True
f5168cb1-8221-4490-a38d-95fc97710b4d,Woolworths Supermarket,Drinks,Jarrah Hot Choc Drinking Chocolate 285g,042348,$6.00,$2.11 / 100G,https://www.woolworths.com.au/shop/productdetails/42348/jarrah-hot-choc-drinking-chocolate,https://cdn0.woolworths.media/content/wowproductimages/medium/042348.jpg,2020-09-21 16:53:59,,0,,True
fb51cde7-ef29-463d-bbb3-c3da0de8d0a8,Woolworths Supermarket,Drinks,Evian Spring Still Water 330ml,042729,$1.40,$4.24 / 1L,https://www.woolworths.com.au/shop/productdetails/42729/evian-spring-still-water,https://cdn0.woolworths.media/content/wowproductimages/medium/042729.jpg,2020-09-21 16:53:59,,0,,True
83f025b8-2cab-41b5-83a7-247856a73e7e,Woolworths Supermarket,Drinks,Twinings Russian Caravan Loose Leaf Tea 125g,042861,$7.00,$5.60 / 100G,https://www.woolworths.com.au/shop/productdetails/42861/twinings-russian-caravan-loose-leaf-tea,https://cdn0.woolworths.media/content/wowproductimages/medium/042861.jpg,2020-09-21 16:53:59,,0,,True
31d93a2b-db28-4c82-83af-597ae4e8f839,Woolworths Supermarket,Drinks,Vitasoy Calci Plus Soy Milk 1l,042937,$3.00,$3.00 / 1L,https://www.woolworths.com.au/shop/productdetails/42937/vitasoy-calci-plus-soy-milk,https://cdn0.woolworths.media/content/wowproductimages/medium/042937.jpg,2020-09-21 16:53:59,,0,,True
d60d3fe8-9985-4752-a6ea-0c73ea88150b,Woolworths Supermarket,Drinks,Twinings Earl Grey Tea Bags 50pk 100g,042980,$7.00,$0.14 / 1EA,https://www.woolworths.com.au/shop/productdetails/42980/twinings-earl-grey-tea-bags,https://cdn0.woolworths.media/content/wowproductimages/medium/042980.jpg,2020-09-21 16:53:59,,0,,True
2639c369-ea26-478a-9e60-53db0e6e2a9d,Woolworths Supermarket,Drinks,Twinings English Breakfast Tea Bags 50pk 100g,042982,$7.00,$0.14 / 1EA,https://www.woolworths.com.au/shop/productdetails/42982/twinings-english-breakfast-tea-bags,https://cdn0.woolworths.media/content/wowproductimages/medium/042982.jpg,2020-09-21 16:53:59,,0,,True
f5d58c29-0c54-4a01-aa21-8f647e49ab87,Woolworths Supermarket,Drinks,Golden Circle Cordial Lime Crush 2l,043474,$3.00,$1.50 / 1L,https://www.woolworths.com.au/shop/productdetails/43474/golden-circle-cordial-lime-crush,https://cdn0.woolworths.media/content/wowproductimages/medium/043474.jpg,2020-09-21 16:53:59,,0,Was $4.00 02/01/2017,True
4178cf2e-6aca-4f1f-8892-c57cbb7148ae,Woolworths Supermarket,Drinks,Golden Circle Cordial Raspberry Crush 2l,043476,$3.00,$1.50 / 1L,https://www.woolworths.com.au/shop/productdetails/43476/golden-circle-cordial-raspberry-crush,https://cdn0.woolworths.media/content/wowproductimages/medium/043476.jpg,2020-09-21 16:53:59,,0,Was $4.00 02/01/2017,True
6e42378a-3578-4ec5-ab56-375604fff751,Woolworths Supermarket,Drinks,Golden Circle Pine Orange Fruit Drink 6x250ml,043800,$3.00,$2.00 / 1L,https://www.woolworths.com.au/shop/productdetails/43800/golden-circle-pine-orange-fruit-drink,https://cdn0.woolworths.media/content/wowproductimages/medium/043800.jpg,2020-09-21 16:53:59,,0,,True
73b30ec5-1a29-419b-b24c-d77e4280d4e4,Woolworths Supermarket,Drinks,Fanta Orange Bottle 2l,043982,$2.25,$1.13 / 1L,https://www.woolworths.com.au/shop/productdetails/43982/fanta-orange-bottle,https://cdn0.woolworths.media/content/wowproductimages/medium/043982.jpg,2020-09-21 16:53:59,,0,,True
629fbf82-9485-4429-8115-b61dd09d543a,Woolworths Supermarket,Drinks,Negrita Ground Coffee Turkish Dark Roast 200g,044917,$4.50,$2.25 / 100G,https://www.woolworths.com.au/shop/productdetails/44917/negrita-ground-coffee-turkish-dark-roast,https://cdn0.woolworths.media/content/wowproductimages/medium/044917.jpg,2020-09-21 16:53:59,,0,,True
c2b6073c-3200-4fe1-a642-5e0466222680,Woolworths Supermarket,Drinks,Moccona Freeze Dried Instant Coffee Espresso 400g,045058,$24.00,$6.00 / 100G,https://www.woolworths.com.au/shop/productdetails/45058/moccona-freeze-dried-instant-coffee-espresso,https://cdn0.woolworths.media/content/wowproductimages/medium/045058.jpg,2020-09-21 16:53:59,,0,,True
7489f605-2e25-4b07-8abb-66427d05369a,Woolworths Supermarket,Drinks,Mount Franklin Still Water Bottle 600ml,045533,$2.00,$3.33 / 1L,https://www.woolworths.com.au/shop/productdetails/45533/mount-franklin-still-water-bottle,https://cdn0.woolworths.media/content/wowproductimages/medium/045533.jpg,2020-09-21 16:53:59,,0,Was $2.15 26/02/2018,True
3c15014e-9fba-41f6-8303-859551689241,Woolworths Supermarket,Drinks,Bickford's Pomegranate Juice 250ml,045884,$2.50,$10.00 / 1L,https://www.woolworths.com.au/shop/productdetails/45884/bickford-s-pomegranate-juice,https://cdn0.woolworths.media/content/wowproductimages/medium/045884.jpg,2020-09-21 16:53:59,,0,,True
751c9c60-a8ee-43cd-914b-3ccb90ae5f09,Woolworths Supermarket,Drinks,Jarrah Hot Chocolate Sachets 10pk,046127,$5.00,$0.50 / 1EA,https://www.woolworths.com.au/shop/productdetails/46127/jarrah-hot-chocolate-sachets,https://cdn0.woolworths.media/content/wowproductimages/medium/046127.jpg,2020-09-21 16:53:59,,0,,True
f35988f7-9509-4875-8477-90246f1d91be,Woolworths Supermarket,Drinks,Bickford's Tropical Cordial 750ml,046667,$4.00,$5.33 / 1L,https://www.woolworths.com.au/shop/productdetails/46667/bickford-s-tropical-cordial,https://cdn0.woolworths.media/content/wowproductimages/medium/046667.jpg,2020-09-21 16:53:59,,0,,True
9b551186-bcfa-48be-82ab-a9a9bf09a792,Woolworths Supermarket,Drinks,Bickford's Diet Lime Cordial 750ml,046779,$4.00,$5.33 / 1L,https://www.woolworths.com.au/shop/productdetails/46779/bickford-s-diet-lime-cordial,https://cdn0.woolworths.media/content/wowproductimages/medium/046779.jpg,2020-09-21 16:53:59,,0,,True
95f1758d-25f1-421b-a260-587a63009c25,Woolworths Supermarket,Drinks,Bickford's Diet Lemon Lime & Bitters Cordial 750ml,046788,$4.00,$5.33 / 1L,https://www.woolworths.com.au/shop/productdetails/46788/bickford-s-diet-lemon-lime-bitters-cordial,https://cdn0.woolworths.media/content/wowproductimages/medium/046788.jpg,2020-09-21 16:53:59,,0,,True
aaa07218-eab1-4226-bf9d-47183e0a0368,Woolworths Supermarket,Drinks,Daily Juice Orange Juice No Added Sugar 2l,047123,$5.00,$2.50 / 1L,https://www.woolworths.com.au/shop/productdetails/47123/daily-juice-orange-juice-no-added-sugar,https://cdn0.woolworths.media/content/wowproductimages/medium/047123.jpg,2020-09-21 16:53:59,,0,,True
b2157ac4-4d85-473e-9901-2862e505f605,Woolworths Supermarket,Drinks,Daily Juice Apple Juice No Added Sugar 2l,047193,$5.00,$2.50 / 1L,https://www.woolworths.com.au/shop/productdetails/47193/daily-juice-apple-juice-no-added-sugar,https://cdn0.woolworths.media/content/wowproductimages/medium/047193.jpg,2020-09-21 16:53:59,,0,,True
0aa6dc60-94bd-4b5a-820e-0013fd5042a9,Woolworths Supermarket,Drinks,Bickford's Prune Juice 1l,049045,$6.00,$6.00 / 1L,https://www.woolworths.com.au/shop/productdetails/49045/bickford-s-prune-juice,https://cdn0.woolworths.media/content/wowproductimages/medium/049045.jpg,2020-09-21 16:53:59,,0,,True
2666c68d-472c-418d-a4c9-a37244be92f9,Woolworths Supermarket,Drinks,Golden Circle Summer Berries Fruit Drink 6x250ml,049969,$3.00,$2.00 / 1L,https://www.woolworths.com.au/shop/productdetails/49969/golden-circle-summer-berries-fruit-drink,https://cdn0.woolworths.media/content/wowproductimages/medium/049969.jpg,2020-09-21 16:53:59,,0,,True
e5e966b5-6f00-49bd-9010-181ea7d6fb90,Woolworths Supermarket,Drinks,Powerade Active Water Mango 600ml,051569,$2.00,$3.33 / 1L,https://www.woolworths.com.au/shop/productdetails/51569/powerade-active-water-mango,https://cdn0.woolworths.media/content/wowproductimages/medium/051569.jpg,2020-09-21 16:53:59,,0,,True
8354a4ef-fe5e-4f9b-b8b6-8df4b3de5455,Woolworths Supermarket,Drinks,Powerade Active Water Lemon 600ml,051570,$2.00,$3.33 / 1L,https://www.woolworths.com.au/shop/productdetails/51570/powerade-active-water-lemon,https://cdn0.woolworths.media/content/wowproductimages/medium/051570.jpg,2020-09-21 16:53:59,,0,,True
2600615f-de51-4d21-8ea3-906d07c252aa,Woolworths Supermarket,Drinks,Golden Circle Apple Mango & Banana Juice 2l,051655,$3.00,$1.50 / 1L,https://www.woolworths.com.au/shop/productdetails/51655/golden-circle-apple-mango-banana-juice,https://cdn0.woolworths.media/content/wowproductimages/medium/051655.jpg,2020-09-21 16:53:59,,0,,True
a011e999-b962-4d2f-a76d-eaa82801ca4d,Woolworths Supermarket,Drinks,Golden Circle Multivitamin Juice 2l,051656,$3.00,$1.50 / 1L,https://www.woolworths.com.au/shop/productdetails/51656/golden-circle-multivitamin-juice,https://cdn0.woolworths.media/content/wowproductimages/medium/051656.jpg,2020-09-21 16:53:59,,0,,True
4a6833a8-a835-41d1-83e2-d4986f8742db,Woolworths Supermarket,Drinks,Golden Circle Grape Juice 2l,051657,$3.00,$1.50 / 1L,https://www.woolworths.com.au/shop/productdetails/51657/golden-circle-grape-juice,https://cdn0.woolworths.media/content/wowproductimages/medium/051657.jpg,2020-09-21 16:53:59,,0,,True
5f6867fd-430f-4bfe-9914-27feebd469d7,Woolworths Supermarket,Drinks,Golden Circle Tomato Juice 2l,051659,$3.00,$1.50 / 1L,https://www.woolworths.com.au/shop/productdetails/51659/golden-circle-tomato-juice,https://cdn0.woolworths.media/content/wowproductimages/medium/051659.jpg,2020-09-21 16:53:59,,0,,True
baae7dfd-0890-4975-9779-5d680df26cd7,Woolworths Supermarket,Drinks,Kirks Olde Stoney Ginger Beer Bottle 1.25l,052547,$1.70,$1.36 / 1L,https://www.woolworths.com.au/shop/productdetails/52547/kirks-olde-stoney-ginger-beer-bottle,https://cdn0.woolworths.media/content/wowproductimages/medium/052547.jpg,2020-09-21 16:53:59,,0,,True
0f11482e-0176-4231-aff1-df3868015872,Woolworths Supermarket,Drinks,Kirks Lemonade Bottle 1.25l,052558,$1.70,$1.36 / 1L,https://www.woolworths.com.au/shop/productdetails/52558/kirks-lemonade-bottle,https://cdn0.woolworths.media/content/wowproductimages/medium/052558.jpg,2020-09-21 16:53:59,,0,,True
712499cd-9e38-424a-9b2a-0bfd2173be53,Woolworths Supermarket,Drinks,Bundaberg Ginger Beer & Lemon Myrtle 375ml x4 pack,053113,$5.70,$3.80 / 1L,https://www.woolworths.com.au/shop/productdetails/53113/bundaberg-ginger-beer-lemon-myrtle,https://cdn0.woolworths.media/content/wowproductimages/medium/053113.jpg,2020-09-21 16:53:59,,0,,True
d6b7aead-5869-40f1-8e77-a22f3792a1cf,Woolworths Supermarket,Drinks,Bundaberg Ginger Beer Mini Can 6x200ml,053114,$6.00,$5.00 / 1L,https://www.woolworths.com.au/shop/productdetails/53114/bundaberg-ginger-beer-mini-can,https://cdn0.woolworths.media/content/wowproductimages/medium/053114.jpg,2020-09-21 16:53:59,,0,,True
b436c4f9-d359-458a-8ee5-4c9e0202e209,Woolworths Supermarket,Drinks,Frantelle Pineapple & Orange Sparkling Water 375ml x10 pack,054122,$6.00,$1.60 / 1L,https://www.woolworths.com.au/shop/productdetails/54122/frantelle-pineapple-orange-sparkling-water,https://cdn0.woolworths.media/content/wowproductimages/medium/054122.jpg,2020-09-21 16:53:59,,0,,True
c7e49273-50bc-4cb3-b436-511894e27831,Woolworths Supermarket,Drinks,Frantelle Lime & Lemon Sparkling Water 375ml x10 pack,054319,$6.00,$1.60 / 1L,https://www.woolworths.com.au/shop/productdetails/54319/frantelle-lime-lemon-sparkling-water,https://cdn0.woolworths.media/content/wowproductimages/medium/054319.jpg,2020-09-21 16:53:59,,0,,True
7f2cf092-f207-4db4-a4d6-ed4b0a9468c9,Woolworths Supermarket,Drinks,Grinders Coffee Capsules Smooth Espresso Caffitaly System 10 pack,054354,$6.00,$0.60 / 1EA,https://www.woolworths.com.au/shop/productdetails/54354/grinders-coffee-capsules-smooth-espresso-caffitaly-system,https://cdn0.woolworths.media/content/wowproductimages/medium/054354.jpg,2020-09-21 16:53:59,,0,,True
772b17c2-ed8d-4074-b485-58a0095b9c0e,Woolworths Supermarket,Drinks,Bodiez Vitalise Lemon Lime 15g Protein Water 500ml,054675,$3.50,$7.00 / 1L,https://www.woolworths.com.au/shop/productdetails/54675/bodiez-vitalise-lemon-lime-15g-protein-water,https://cdn0.woolworths.media/content/wowproductimages/medium/054675.jpg,2020-09-21 16:53:59,,0,,True
bc90c312-1557-4996-88bf-e392346241af,Woolworths Supermarket,Drinks,Bodiez Vitalise Berry 15g Protein Water 500ml,054686,$3.50,$7.00 / 1L,https://www.woolworths.com.au/shop/productdetails/54686/bodiez-vitalise-berry-15g-protein-water,https://cdn0.woolworths.media/content/wowproductimages/medium/054686.jpg,2020-09-21 16:53:59,,0,,True
f6fc0b7b-a376-4680-8732-db3ba61caea6,Woolworths Supermarket,Drinks,Woolworths Multivitamin Juice 2l,055070,$2.00,$1.00 / 1L,https://www.woolworths.com.au/shop/productdetails/55070/woolworths-multivitamin-juice,https://cdn0.woolworths.media/content/wowproductimages/medium/055070.jpg,2020-09-21 16:53:59,Average product rating out of 5: 4.1. Product score is based on 365 ratings,365,,True
b5c6aadc-e786-4e0d-87d4-1ff76ed499c3,Woolworths Supermarket,Drinks,Woolworths Breakfast Juice 2l,055071,$2.00,$1.00 / 1L,https://www.woolworths.com.au/shop/productdetails/55071/woolworths-breakfast-juice,https://cdn0.woolworths.media/content/wowproductimages/medium/055071.jpg,2020-09-21 16:53:59,Average product rating out of 5: 4.1. Product score is based on 273 ratings,273,,True
87e01a33-596b-421f-9208-e36286056253,Woolworths Supermarket,Drinks,Pureau Pure Water 9x600ml,055072,$5.70,$1.06 / 1L,https://www.woolworths.com.au/shop/productdetails/55072/pureau-pure-water,https://cdn0.woolworths.media/content/wowproductimages/medium/055072.jpg,2020-09-21 16:53:59,,0,,True
db66c7f1-e9a4-4512-a8a1-39245af6d64e,Woolworths Supermarket,Drinks,Madura Premium Blend Tea Bags 100pk 200g,055696,$8.30,$0.08 / 1EA,https://www.woolworths.com.au/shop/productdetails/55696/madura-premium-blend-tea-bags,https://cdn0.woolworths.media/content/wowproductimages/medium/055696.jpg,2020-09-21 16:53:59,,0,,True
8de40e74-e359-41e4-9419-0b88982546e2,Woolworths Supermarket,Drinks,Illy Espresso Intenso Capsules 10 pack,055910,$7.50,$0.75 / 1EA,https://www.woolworths.com.au/shop/productdetails/55910/illy-espresso-intenso-capsules,https://cdn0.woolworths.media/content/wowproductimages/medium/055910.jpg,2020-09-21 16:53:59,,0,,True
ca2d8136-a6f3-4150-bf03-a9c313947c35,Woolworths Supermarket,Drinks,Illy Classico Espresso Capsules 10 pack,055934,$7.50,$0.75 / 1EA,https://www.woolworths.com.au/shop/productdetails/55934/illy-classico-espresso-capsules,https://cdn0.woolworths.media/content/wowproductimages/medium/055934.jpg,2020-09-21 16:53:59,,0,,True
3edcb29f-4020-4d20-878d-9e03045e732c,Woolworths Supermarket,Drinks,Illy Espresso Forte Capsules 10 pack,055936,$7.50,$0.75 / 1EA,https://www.woolworths.com.au/shop/productdetails/55936/illy-espresso-forte-capsules,https://cdn0.woolworths.media/content/wowproductimages/medium/055936.jpg,2020-09-21 16:53:59,,0,,True
ea378b09-1efd-4a65-a63b-d0c0c54ecb76,Woolworths Supermarket,Drinks,Remedy Organic Kombucha Cherry Plum 750ml,056244,$7.50,$10.00 / 1L,https://www.woolworths.com.au/shop/productdetails/56244/remedy-organic-kombucha-cherry-plum,https://cdn0.woolworths.media/content/wowproductimages/medium/056244.jpg,2020-09-21 16:53:59,,0,,True
9af5fa21-cb8a-480f-b511-6e4fab882d5c,Woolworths Supermarket,Drinks,V Energy Pure Energy Drink 250ml x4 pack,056702,$5.60,$5.60 / 1L,https://www.woolworths.com.au/shop/productdetails/56702/v-energy-pure-energy-drink,https://cdn0.woolworths.media/content/wowproductimages/medium/056702.jpg,2020-09-21 16:53:59,,0,,True
c8719fbe-46b1-4128-9eda-1c49ed9cda82,Woolworths Supermarket,Drinks,Bonsoy Long Life Soy Milk 1l,056731,$4.90,$4.90 / 1L,https://www.woolworths.com.au/shop/productdetails/56731/bonsoy-long-life-soy-milk,https://cdn0.woolworths.media/content/wowproductimages/medium/056731.jpg,2020-09-21 16:53:59,,0,,True
c676e4e7-1308-4f12-84d0-05626a788cf7,Woolworths Supermarket,Drinks,Tetley Cold Infusions Strawberry & Watermelon 14 pack,057623,$5.00,$0.36 / 1EA,https://www.woolworths.com.au/shop/productdetails/57623/tetley-cold-infusions-strawberry-watermelon,https://cdn0.woolworths.media/content/wowproductimages/medium/057623.jpg,2020-09-21 16:53:59,,0,,True
e9a67b9c-55c2-438e-ab26-a21e7580e054,Woolworths Supermarket,Drinks,Tetley Cold Infusions 4 Flavour Multipack 4 pack,057624,$2.00,$0.50 / 1EA,https://www.woolworths.com.au/shop/productdetails/57624/tetley-cold-infusions-4-flavour-multipack,https://cdn0.woolworths.media/content/wowproductimages/medium/057624.jpg,2020-09-21 16:53:59,,0,,True
da47996a-5f2a-4aa1-be48-7838b3731e3e,Woolworths Supermarket,Drinks,Tetley Cold Infusions Mint Lemon & Cucumber 14 pack,057639,$5.00,$0.36 / 1EA,https://www.woolworths.com.au/shop/productdetails/57639/tetley-cold-infusions-mint-lemon-cucumber,https://cdn0.woolworths.media/content/wowproductimages/medium/057639.jpg,2020-09-21 16:53:59,,0,,True
ec4e50b4-37ce-4a0e-b097-1c79ec109f2d,Woolworths Supermarket,Drinks,Twinings Infuse Peach & Passionfruit 12 pack,058520,$5.50,$0.46 / 1EA,https://www.woolworths.com.au/shop/productdetails/58520/twinings-infuse-peach-passionfruit,https://cdn0.woolworths.media/content/wowproductimages/medium/058520.jpg,2020-09-21 16:53:59,,0,,True
f4f29c2d-5cf5-4f98-90ff-406224535faa,Woolworths Supermarket,Drinks,Twinings Infuse Pink Grapefruit & Orange 12 pack,058542,$5.50,$0.46 / 1EA,https://www.woolworths.com.au/shop/productdetails/58542/twinings-infuse-pink-grapefruit-orange,https://cdn0.woolworths.media/content/wowproductimages/medium/058542.jpg,2020-09-21 16:53:59,,0,,True
18470d36-784e-4b02-9667-5e1fba115506,Woolworths Supermarket,Drinks,Spc Pear Juice 850ml,059298,$3.05,$3.59 / 1L,https://www.woolworths.com.au/shop/productdetails/59298/spc-pear-juice,https://cdn0.woolworths.media/content/wowproductimages/medium/059298.jpg,2020-09-21 16:53:59,,0,,True
4f8c3683-4012-42dd-93a1-bd906a2aa41d,Woolworths Supermarket,Drinks,Starbucks By Nespresso Blonde Espresso Roast Coffee Pods 10 pack,059352,$6.90,$0.69 / 1EA,https://www.woolworths.com.au/shop/productdetails/59352/starbucks-by-nespresso-blonde-espresso-roast-coffee-pods,https://cdn0.woolworths.media/content/wowproductimages/medium/059352.jpg,2020-09-21 16:53:59,,0,,True
6737be84-9a18-4d24-8026-699f027808dd,Woolworths Supermarket,Drinks,Woolworths No Added Sugar Pineapple Juice 1l,059561,$1.85,$1.85 / 1L,https://www.woolworths.com.au/shop/productdetails/59561/woolworths-no-added-sugar-pineapple-juice,https://cdn0.woolworths.media/content/wowproductimages/medium/059561.jpg,2020-09-21 16:53:59,,0,,True
c2086e65-04b2-4897-a12e-40d4c5680b15,Woolworths Supermarket,Drinks,Starbucks Caffe Verona Coffee Pods 10 pack,059693,$6.90,$0.69 / 1EA,https://www.woolworths.com.au/shop/productdetails/59693/starbucks-caffe-verona-coffee-pods,https://cdn0.woolworths.media/content/wowproductimages/medium/059693.jpg,2020-09-21 16:53:59,,0,,True
1e5bd5ff-2443-478a-950b-7ecd881d4196,Woolworths Supermarket,Drinks,Starbucks By Nespresso Single Origin Colombia Coffee Pods 10 pack,059694,$6.90,$0.69 / 1EA,https://www.woolworths.com.au/shop/productdetails/59694/starbucks-by-nespresso-single-origin-colombia-coffee-pods,https://cdn0.woolworths.media/content/wowproductimages/medium/059694.jpg,2020-09-21 16:53:59,,0,,True
b412dfdf-ea6f-4ac4-82ac-b9417811de7e,Woolworths Supermarket,Drinks,Starbucks By Nespresso Single Origin Sumatra Coffee Pods 10 pack,059695,$6.90,$0.69 / 1EA,https://www.woolworths.com.au/shop/productdetails/59695/starbucks-by-nespresso-single-origin-sumatra-coffee-pods,https://cdn0.woolworths.media/content/wowproductimages/medium/059695.jpg,2020-09-21 16:53:59,,0,,True
bafd339b-485e-4aaf-8dea-ccfa87ac68dd,Woolworths Supermarket,Drinks,Starbucks By Nespresso Espresso Roast Coffee Pods 10 pack,059704,$6.90,$0.69 / 1EA,https://www.woolworths.com.au/shop/productdetails/59704/starbucks-by-nespresso-espresso-roast-coffee-pods,https://cdn0.woolworths.media/content/wowproductimages/medium/059704.jpg,2020-09-21 16:53:59,,0,,True
30cec3ff-7e2f-44d9-a203-52c92a66ec7f,Woolworths Supermarket,Drinks,Starbucks By Nespresso House Blend Coffee Pods 10 pack,059706,$6.90,$0.69 / 1EA,https://www.woolworths.com.au/shop/productdetails/59706/starbucks-by-nespresso-house-blend-coffee-pods,https://cdn0.woolworths.media/content/wowproductimages/medium/059706.jpg,2020-09-21 16:53:59,,0,,True
b464d6b2-8067-4faa-90d0-07aa2d655cab,Woolworths Supermarket,Drinks,Woolworths No Added Sugar Tomato Juice 1l,059722,$1.85,$1.85 / 1L,https://www.woolworths.com.au/shop/productdetails/59722/woolworths-no-added-sugar-tomato-juice,https://cdn0.woolworths.media/content/wowproductimages/medium/059722.jpg,2020-09-21 16:53:59,,0,,True
09663040-4b21-47c4-b0fd-d13ae636f26a,Woolworths Supermarket,Drinks,Pepsi Max Creaming Soda Bottle 1.25l,060754,$1.10,$0.88 / 1L,https://www.woolworths.com.au/shop/productdetails/60754/pepsi-max-creaming-soda-bottle,https://cdn0.woolworths.media/content/wowproductimages/medium/060754.jpg,2020-09-21 16:53:59,,0,,True
388c156f-fb32-4365-9704-8479e322d808,Woolworths Supermarket,Drinks,Pepsi Max Creaming Soda 10 pack,061853,$6.00,$1.60 / 1L,https://www.woolworths.com.au/shop/productdetails/61853/pepsi-max-creaming-soda,https://cdn0.woolworths.media/content/wowproductimages/medium/061853.jpg,2020-09-21 16:53:59,,0,,True
7f9c278b-9f17-4614-ba5e-01f6e02bbf77,Woolworths Supermarket,Drinks,Pepsi Max Bottles 300ml x4 pack,061962,$3.50,$2.92 / 1L,https://www.woolworths.com.au/shop/productdetails/61962/pepsi-max-bottles,https://cdn0.woolworths.media/content/wowproductimages/medium/061962.jpg,2020-09-21 16:53:59,,0,,True
39550ea7-2510-4253-81e3-2bec8d914e18,Woolworths Supermarket,Drinks,Nescafe Blend 43 Black Roast Instant Coffee 100g,062211,$9.40,$9.40 / 100G,https://www.woolworths.com.au/shop/productdetails/62211/nescafe-blend-43-black-roast-instant-coffee,https://cdn0.woolworths.media/content/wowproductimages/medium/062211.jpg,2020-09-21 16:53:59,,0,,True
58677b34-74eb-4488-b653-874e917ce189,Woolworths Supermarket,Drinks,Monster Ultra Paradise Energy Drink 500ml,062911,$2.60,$5.20 / 1L,https://www.woolworths.com.au/shop/productdetails/62911/monster-ultra-paradise-energy-drink,https://cdn0.woolworths.media/content/wowproductimages/medium/062911.jpg,2020-09-21 16:53:59,,0,,True
3d3c83b6-e2d1-4884-bfce-8ab3d56be9be,Woolworths Supermarket,Drinks,Monster Ultra Paradise Energy Drink 4 pack,062964,$11.70,$5.85 / 1L,https://www.woolworths.com.au/shop/productdetails/62964/monster-ultra-paradise-energy-drink,https://cdn0.woolworths.media/content/wowproductimages/medium/062964.jpg,2020-09-21 16:53:59,,0,,True
b1b5a63d-7ad5-4037-bd26-fcb2a1049d8a,Woolworths Supermarket,Drinks,Twinings Green Tea Bags 10pk 15g,063010,$2.70,$0.27 / 1EA,https://www.woolworths.com.au/shop/productdetails/63010/twinings-green-tea-bags,https://cdn0.woolworths.media/content/wowproductimages/medium/063010.jpg,2020-09-21 16:53:59,,0,,True
0ceb968a-022f-4fdb-a729-1068240997ae,Woolworths Supermarket,Drinks,The Juice Brothers Mulberry & Strawberry 1.5l,063814,$6.00,$4.00 / 1L,https://www.woolworths.com.au/shop/productdetails/63814/the-juice-brothers-mulberry-strawberry,https://cdn0.woolworths.media/content/wowproductimages/medium/063814.jpg,2020-09-21 16:53:59,,0,,True
f7464781-8fa8-4ebe-8684-d1f9928a8b31,Woolworths Supermarket,Drinks,Nudie Nothing But Orange Pulp Free 400ml,064365,$3.20,$8.00 / 1L,https://www.woolworths.com.au/shop/productdetails/64365/nudie-nothing-but-orange-pulp-free,https://cdn0.woolworths.media/content/wowproductimages/medium/064365.jpg,2020-09-21 16:53:59,,0,,True
2e0ff0ca-eefc-4aa3-8fb7-b92698543fd0,Woolworths Supermarket,Drinks,Nudie Nothing But Aloha Blend 400ml,064375,$3.20,$8.00 / 1L,https://www.woolworths.com.au/shop/productdetails/64375/nudie-nothing-but-aloha-blend,https://cdn0.woolworths.media/content/wowproductimages/medium/064375.jpg,2020-09-21 16:53:59,,0,,True
14f00240-e22e-4b18-93b7-3e1c64d619d6,Woolworths Supermarket,Drinks,Australia's Own Barista Almond 1l,064810,$4.50,$4.50 / 1L,https://www.woolworths.com.au/shop/productdetails/64810/australia-s-own-barista-almond,https://cdn0.woolworths.media/content/wowproductimages/medium/064810.jpg,2020-09-21 16:53:59,,0,,True
d854e036-a2be-483e-b4b7-8a1f8c54806a,Woolworths Supermarket,Drinks,Impressed Essentials Orange Juice Pulp Free 1l,065347,$3.50,$3.50 / 1L,https://www.woolworths.com.au/shop/productdetails/65347/impressed-essentials-orange-juice-pulp-free,https://cdn0.woolworths.media/content/wowproductimages/medium/065347.jpg,2020-09-21 16:53:59,,0,Was $4.00 07/06/2020,True
18eaaf97-f956-45b8-9317-fb005b463030,Woolworths Supermarket,Drinks,Lipton Lightly Sweetened Ice Tea Peach Nectarine 1.5l,065416,$3.79,$2.53 / 1L,https://www.woolworths.com.au/shop/productdetails/65416/lipton-lightly-sweetened-ice-tea-peach-nectarine,https://cdn0.woolworths.media/content/wowproductimages/medium/065416.jpg,2020-09-21 16:53:59,,0,2 for $6.00 $2.00/1L,True
df838600-9ced-4048-843f-da30dcce8d0b,Woolworths Supermarket,Drinks,Impressed Essentials Orange Juice With Plup 1l,065513,$3.50,$3.50 / 1L,https://www.woolworths.com.au/shop/productdetails/65513/impressed-essentials-orange-juice-with-plup,https://cdn0.woolworths.media/content/wowproductimages/medium/065513.jpg,2020-09-21 16:53:59,,0,Was $4.00 07/06/2020,True
47892298-394c-46b4-97f5-07d8947c5c5b,Woolworths Supermarket,Drinks,Impressed Essentials Tropical Juice 1l,065620,$3.50,$3.50 / 1L,https://www.woolworths.com.au/shop/productdetails/65620/impressed-essentials-tropical-juice,https://cdn0.woolworths.media/content/wowproductimages/medium/065620.jpg,2020-09-21 16:53:59,,0,Was $4.00 07/06/2020,True
94279190-1c81-4e06-bb93-1b57f35cb1c9,Woolworths Supermarket,Drinks,Mildura Quencher Apple Watermelon Strawberry 500ml,065683,$2.00,$4.00 / 1L,https://www.woolworths.com.au/shop/productdetails/65683/mildura-quencher-apple-watermelon-strawberry,https://cdn0.woolworths.media/content/wowproductimages/medium/065683.jpg,2020-09-21 16:53:59,,0,,True
877826bc-af9d-4d9f-9768-49bed4fdd7fa,Woolworths Supermarket,Drinks,Nudie Nothing But Tropical Breakfast 400ml,065694,$3.20,$8.00 / 1L,https://www.woolworths.com.au/shop/productdetails/65694/nudie-nothing-but-tropical-breakfast,https://cdn0.woolworths.media/content/wowproductimages/medium/065694.jpg,2020-09-21 16:53:59,,0,,True
17cc2eda-6c38-4e49-921e-14c1deabf421,Woolworths Supermarket,Drinks,Madura Earl Grey Tea Bags 50pk 100g,065701,$5.00,$0.10 / 1EA,https://www.woolworths.com.au/shop/productdetails/65701/madura-earl-grey-tea-bags,https://cdn0.woolworths.media/content/wowproductimages/medium/065701.jpg,2020-09-21 16:53:59,,0,,True
6b377d81-c076-4a94-be76-a5c378be626a,Woolworths Supermarket,Drinks,Madura English Breakfast Tea Bags 50pk 100g,065702,$5.00,$0.10 / 1EA,https://www.woolworths.com.au/shop/productdetails/65702/madura-english-breakfast-tea-bags,https://cdn0.woolworths.media/content/wowproductimages/medium/065702.jpg,2020-09-21 16:53:59,,0,,True
59a46973-842e-4290-9374-d8520bbef162,Woolworths Supermarket,Drinks,Almond Breeze Blue Diamond Unsweetened Almond Milk 2l,066069,$4.50,$2.25 / 1L,https://www.woolworths.com.au/shop/productdetails/66069/almond-breeze-blue-diamond-unsweetened-almond-milk,https://cdn0.woolworths.media/content/wowproductimages/medium/066069.jpg,2020-09-21 16:53:59,,0,,True
1e56db78-4a85-41c0-9f8c-e0a52acb30e0,Woolworths Supermarket,Drinks,Australia's Own Organic Almond Unsweetened 2l,066071,$5.00,$2.50 / 1L,https://www.woolworths.com.au/shop/productdetails/66071/australia-s-own-organic-almond-unsweetened,https://cdn0.woolworths.media/content/wowproductimages/medium/066071.jpg,2020-09-21 16:53:59,,0,,True
f7fb55af-d336-4d5a-9640-2157e6650df5,Woolworths Supermarket,Drinks,Golden Circle Orange Juice 2l,067056,$3.00,$1.50 / 1L,https://www.woolworths.com.au/shop/productdetails/67056/golden-circle-orange-juice,https://cdn0.woolworths.media/content/wowproductimages/medium/067056.jpg,2020-09-21 16:53:59,,0,Was $3.79 15/05/2017,True
ca172731-9f8f-4793-b99f-d529a05310c8,Woolworths Supermarket,Drinks,Golden Circle Apple & Mango Juice 2l,067057,$3.00,$1.50 / 1L,https://www.woolworths.com.au/shop/productdetails/67057/golden-circle-apple-mango-juice,https://cdn0.woolworths.media/content/wowproductimages/medium/067057.jpg,2020-09-21 16:53:59,,0,Was $3.79 15/05/2017,True
d25832a8-128e-4622-af11-addbed3e65fb,Woolworths Supermarket,Drinks,Golden Circle Tropical Fruit Juice 2l,067058,$3.00,$1.50 / 1L,https://www.woolworths.com.au/shop/productdetails/67058/golden-circle-tropical-fruit-juice,https://cdn0.woolworths.media/content/wowproductimages/medium/067058.jpg,2020-09-21 16:53:59,,0,Was $3.79 15/05/2017,True
3a7b443e-9015-489d-8bde-64889e078d96,Woolworths Supermarket,Drinks,Golden Circle Pineapple Juice 2l,067059,$3.80,$1.90 / 1L,https://www.woolworths.com.au/shop/productdetails/67059/golden-circle-pineapple-juice,https://cdn0.woolworths.media/content/wowproductimages/medium/067059.jpg,2020-09-21 16:53:59,,0,,True
9d8997ae-808a-4d07-90c0-caf148f435b5,Woolworths Supermarket,Drinks,Golden Circle Apple Juice 2l,067060,$3.00,$1.50 / 1L,https://www.woolworths.com.au/shop/productdetails/67060/golden-circle-apple-juice,https://cdn0.woolworths.media/content/wowproductimages/medium/067060.jpg,2020-09-21 16:53:59,,0,Was $3.79 15/05/2017,True
11ca1b87-68fd-4abb-a149-806b986076f0,Woolworths Supermarket,Drinks,Preshafruit Pink Lady Apple Juice 2l,067622,$7.00,$3.50 / 1L,https://www.woolworths.com.au/shop/productdetails/67622/preshafruit-pink-lady-apple-juice,https://cdn0.woolworths.media/content/wowproductimages/medium/067622.jpg,2020-09-21 16:53:59,,0,,True
eb3f1aa2-23bc-44f2-bf73-33ec380181f4,Woolworths Supermarket,Drinks,Roar Organic Cucumber Watermelon 532ml,068960,$3.50,$6.58 / 1L,https://www.woolworths.com.au/shop/productdetails/68960/roar-organic-cucumber-watermelon,https://cdn0.woolworths.media/content/wowproductimages/medium/068960.jpg,2020-09-21 16:53:59,,0,,True
91cec654-fe90-4d61-851b-a44beab7b6e7,Woolworths Supermarket,Drinks,Arizona Iced Tea Peach 1.5l,069391,$3.25,$2.17 / 1L,https://www.woolworths.com.au/shop/productdetails/69391/arizona-iced-tea-peach,https://cdn0.woolworths.media/content/wowproductimages/medium/069391.jpg,2020-09-21 16:53:59,,0,,True
b5c8c83f-2f5e-48da-8ef8-b17573bfc0c4,Woolworths Supermarket,Drinks,Arizona Green Iced Tea 1.5l,069418,$3.25,$2.17 / 1L,https://www.woolworths.com.au/shop/productdetails/69418/arizona-green-iced-tea,https://cdn0.woolworths.media/content/wowproductimages/medium/069418.jpg,2020-09-21 16:53:59,,0,,True
3067c958-ca2e-44e1-b3cf-495f9451e25a,Woolworths Supermarket,Drinks,Nexba Sugar Free Classic Tonic Water 250ml x4 pack,069837,$4.50,$4.50 / 1L,https://www.woolworths.com.au/shop/productdetails/69837/nexba-sugar-free-classic-tonic-water,https://cdn0.woolworths.media/content/wowproductimages/medium/069837.jpg,2020-09-21 16:53:59,,0,,True
6cca3e95-f779-4503-a4ca-aea04688833c,Woolworths Supermarket,Drinks,Lipton Lightly Sweetened Citrus Blend 1.5l,070660,$3.79,$2.53 / 1L,https://www.woolworths.com.au/shop/productdetails/70660/lipton-lightly-sweetened-citrus-blend,https://cdn0.woolworths.media/content/wowproductimages/medium/070660.jpg,2020-09-21 16:53:59,,0,2 for $6.00 $2.00/1L,True
e9ac3b83-9124-4016-9090-2ce2098dbdc8,Woolworths Supermarket,Drinks,Roar Organic Blueberry Acai 532ml,070735,$3.50,$6.58 / 1L,https://www.woolworths.com.au/shop/productdetails/70735/roar-organic-blueberry-acai,https://cdn0.woolworths.media/content/wowproductimages/medium/070735.jpg,2020-09-21 16:53:59,,0,,True
e75446dd-65e6-4acf-8d07-cd1f083f04b5,Woolworths Supermarket,Drinks,Macro Organic Medium Industrially Compostable Coffee Capsules 10 pack,070748,$6.00,$0.60 / 1EA,https://www.woolworths.com.au/shop/productdetails/70748/macro-organic-medium-industrially-compostable-coffee-capsules,https://cdn0.woolworths.media/content/wowproductimages/medium/070748.jpg,2020-09-21 16:53:59,,0,,True
907fc17c-c988-4386-b995-a0cb6dfbb4c3,Woolworths Supermarket,Drinks,Macro Organic Strong Industrially Compostable Coffee Capsules 10 pack,070749,$6.00,$0.60 / 1EA,https://www.woolworths.com.au/shop/productdetails/70749/macro-organic-strong-industrially-compostable-coffee-capsules,https://cdn0.woolworths.media/content/wowproductimages/medium/070749.jpg,2020-09-21 16:53:59,,0,,True
ee119e5d-973b-404f-9f66-00d0536459de,Woolworths Supermarket,Drinks,Macro Organic Intense Industrially Compostable Coffee Capsules 10 pack,070750,$6.00,$0.60 / 1EA,https://www.woolworths.com.au/shop/productdetails/70750/macro-organic-intense-industrially-compostable-coffee-capsules,https://cdn0.woolworths.media/content/wowproductimages/medium/070750.jpg,2020-09-21 16:53:59,,0,,True
24d5e2c6-f200-4a47-a12b-1b9e4e2cec69,Woolworths Supermarket,Drinks,Roar Organic Mango Clementine 532ml,070882,$3.50,$6.58 / 1L,https://www.woolworths.com.au/shop/productdetails/70882/roar-organic-mango-clementine,https://cdn0.woolworths.media/content/wowproductimages/medium/070882.jpg,2020-09-21 16:53:59,,0,,True
058e75fe-7043-4943-a6fd-0e6ce510bc06,Woolworths Supermarket,Drinks,Nexba Sugar Free Lime Cucumber & Mint Tonic Water 250ml x4 pack,071289,,,https://www.woolworths.com.au/shop/productdetails/71289/nexba-sugar-free-lime-cucumber-mint-tonic-water,https://cdn0.woolworths.media/content/wowproductimages/medium/071289.jpg,2020-09-21 16:53:59,,0,,False
00aa0617-59ab-44fd-b996-1b4ca1325c6b,Woolworths Supermarket,Drinks,Moccona Freeze Dried Instant Coffee Indulgence 100g,071481,$11.00,$11.00 / 100G,https://www.woolworths.com.au/shop/productdetails/71481/moccona-freeze-dried-instant-coffee-indulgence,https://cdn0.woolworths.media/content/wowproductimages/medium/071481.jpg,2020-09-21 16:53:59,,0,,True
e467960d-b4cd-499c-8209-6eb1ba7dafeb,Woolworths Supermarket,Drinks,Golden Circle Sparkling Apple Orange & Blood Orange 250ml x4 pack,071675,$6.00,$6.00 / 1L,https://www.woolworths.com.au/shop/productdetails/71675/golden-circle-sparkling-apple-orange-blood-orange,https://cdn0.woolworths.media/content/wowproductimages/medium/071675.jpg,2020-09-21 16:53:59,,0,,True
9c9b9895-9216-4264-8661-ab3238a10d8c,Woolworths Supermarket,Drinks,Golden Circle Sarsaparilla Cordial 2l,072377,$3.00,$1.50 / 1L,https://www.woolworths.com.au/shop/productdetails/72377/golden-circle-sarsaparilla-cordial,https://cdn0.woolworths.media/content/wowproductimages/medium/072377.jpg,2020-09-21 16:53:59,,0,Was $4.00 02/01/2017,True
a14a3e1d-a3fc-4fce-993b-a9b986c3f8fe,Woolworths Supermarket,Drinks,Twinings Earl Grey Tea Bags 100 pack,072617,$11.00,$0.11 / 1EA,https://www.woolworths.com.au/shop/productdetails/72617/twinings-earl-grey-tea-bags,https://cdn0.woolworths.media/content/wowproductimages/medium/072617.jpg,2020-09-21 16:53:59,,0,,True
b8aa0654-3e54-4cb6-bae0-847b1224d3aa,Woolworths Supermarket,Drinks,Twinings English Breakfast Tea Bags 100pk 200g,072618,$11.00,$0.11 / 1EA,https://www.woolworths.com.au/shop/productdetails/72618/twinings-english-breakfast-tea-bags,https://cdn0.woolworths.media/content/wowproductimages/medium/072618.jpg,2020-09-21 16:53:59,,0,,True
e7db168a-0552-4bca-93cc-3048df451336,Woolworths Supermarket,Drinks,Remedy Soda Lemon Lime & Bitters 330ml,072884,$4.00,$12.12 / 1L,https://www.woolworths.com.au/shop/productdetails/72884/remedy-soda-lemon-lime-bitters,https://cdn0.woolworths.media/content/wowproductimages/medium/072884.jpg,2020-09-21 16:53:59,,0,,True
d8d6a7b4-a7bc-4939-849e-b0386d08035d,Woolworths Supermarket,Drinks,Remedy Kombucha Ginger Beer 330ml,072908,$4.00,$12.12 / 1L,https://www.woolworths.com.au/shop/productdetails/72908/remedy-kombucha-ginger-beer,https://cdn0.woolworths.media/content/wowproductimages/medium/072908.jpg,2020-09-21 16:53:59,,0,,True
59ae6aaa-ec46-4dc1-8ee8-23d424d8a322,Woolworths Supermarket,Drinks,Remedy Kombucha Soda 330ml,073222,$4.00,$12.12 / 1L,https://www.woolworths.com.au/shop/productdetails/73222/remedy-kombucha-soda,https://cdn0.woolworths.media/content/wowproductimages/medium/073222.jpg,2020-09-21 16:53:59,,0,,True
68614b79-527b-4343-b8d5-95c6cc6dff4e,Woolworths Supermarket,Drinks,Kopparberg Non Alcoholic Apple Cider 330ml x4 pack,073624,$7.00,$5.30 / 1L,https://www.woolworths.com.au/shop/productdetails/73624/kopparberg-non-alcoholic-apple-cider,https://cdn0.woolworths.media/content/wowproductimages/medium/073624.jpg,2020-09-21 16:53:59,,0,,True
e62beb4c-3d99-4dc2-894f-712cad3a11b8,Woolworths Supermarket,Drinks,Kopparberg Non Alcoholic Strawberry Lime Cider 330ml x4 pack,073625,$7.00,$5.30 / 1L,https://www.woolworths.com.au/shop/productdetails/73625/kopparberg-non-alcoholic-strawberry-lime-cider,https://cdn0.woolworths.media/content/wowproductimages/medium/073625.jpg,2020-09-21 16:53:59,,0,,True
3ccf770f-967c-4012-91c9-59211808584c,Woolworths Supermarket,Drinks,Lavazza Qualita Oro Coffee Beans 1kg,074006,$30.00,$3.00 / 100G,https://www.woolworths.com.au/shop/productdetails/74006/lavazza-qualita-oro-coffee-beans,https://cdn0.woolworths.media/content/wowproductimages/medium/074006.jpg,2020-09-21 16:53:59,,0,,True
cdf21c4d-6f6c-43c8-89c5-e0b559024c39,Woolworths Supermarket,Drinks,Sunraysia Natural Prune Juice 250ml,075396,$2.90,$11.60 / 1L,https://www.woolworths.com.au/shop/productdetails/75396/sunraysia-natural-prune-juice,https://cdn0.woolworths.media/content/wowproductimages/medium/075396.jpg,2020-09-21 16:53:59,,0,,True
98ec6f55-8771-431a-8069-c32225705b53,Woolworths Supermarket,Drinks,Nerada Tea Bags 200pk 400g,075979,$4.25,$0.02 / 1EA,https://www.woolworths.com.au/shop/productdetails/75979/nerada-tea-bags,https://cdn0.woolworths.media/content/wowproductimages/medium/075979.jpg,2020-09-21 16:53:59,,0,,True
eb9e959f-7e45-40cc-a699-700383485785,Woolworths Supermarket,Drinks,Schweppes Cordial Raspberry 750ml,076286,$4.00,$5.33 / 1L,https://www.woolworths.com.au/shop/productdetails/76286/schweppes-cordial-raspberry,https://cdn0.woolworths.media/content/wowproductimages/medium/076286.jpg,2020-09-21 16:53:59,,0,Was $4.50 21/05/2018,True
a7dad401-4f05-4d72-86d0-b04c0134af87,Woolworths Supermarket,Drinks,Nerada Tea Bags 100pk 200g,076493,$4.70,$0.05 / 1EA,https://www.woolworths.com.au/shop/productdetails/76493/nerada-tea-bags,https://cdn0.woolworths.media/content/wowproductimages/medium/076493.jpg,2020-09-21 16:53:59,,0,,True
746c167f-aaa7-432e-a875-2ac944c6a25a,Woolworths Supermarket,Drinks,Schweppes Solo Bottle 600ml,076803,$2.90,$4.83 / 1L,https://www.woolworths.com.au/shop/productdetails/76803/schweppes-solo-bottle,https://cdn0.woolworths.media/content/wowproductimages/medium/076803.jpg,2020-09-21 16:53:59,,0,Was $3.60 03/04/2017,True
d8dedf50-676d-4d10-a7f0-41a4c6d321ce,Woolworths Supermarket,Drinks,Waterfords Lite & Fruity Kids Raspberry 6x300ml,076873,$5.00,$2.78 / 1L,https://www.woolworths.com.au/shop/productdetails/76873/waterfords-lite-fruity-kids-raspberry,https://cdn0.woolworths.media/content/wowproductimages/medium/076873.jpg,2020-09-21 16:53:59,,0,,True
ce78701a-efbe-4b01-bd33-9b75659322b8,Woolworths Supermarket,Drinks,Waterfords Lite & Fruity Blackcurrent Sparkling Fruit Drink 6 x300ml,076935,$5.00,$2.78 / 1L,https://www.woolworths.com.au/shop/productdetails/76935/waterfords-lite-fruity-blackcurrent-sparkling-fruit-drink,https://cdn0.woolworths.media/content/wowproductimages/medium/076935.jpg,2020-09-21 16:53:59,,0,,True
ca79ecf0-8df3-4c60-9929-731548e2267f,Woolworths Supermarket,Drinks,Mount Franklin Lightly Sparkling Lime 10x375ml,077938,$12.30,$3.28 / 1L,https://www.woolworths.com.au/shop/productdetails/77938/mount-franklin-lightly-sparkling-lime,https://cdn0.woolworths.media/content/wowproductimages/medium/077938.jpg,2020-09-21 16:53:59,,0,,True
d7710860-c8a7-4aa9-8026-9307951e8e71,Woolworths Supermarket,Drinks,V8 Fruit & Veg Super Orange 1.25l,078050,$3.50,$2.80 / 1L,https://www.woolworths.com.au/shop/productdetails/78050/v8-fruit-veg-super-orange,https://cdn0.woolworths.media/content/wowproductimages/medium/078050.jpg,2020-09-21 16:53:59,,0,,True
f715022a-3c4c-4aad-8297-a3bb4bf4d4d1,Woolworths Supermarket,Drinks,V8 Fruit & Veg Healthy Apple 1.25l,078069,$3.50,$2.80 / 1L,https://www.woolworths.com.au/shop/productdetails/78069/v8-fruit-veg-healthy-apple,https://cdn0.woolworths.media/content/wowproductimages/medium/078069.jpg,2020-09-21 16:53:59,,0,,True
65792098-5700-44a9-9112-6625550f5be7,Woolworths Supermarket,Drinks,Fiji Still Natural Artesian Water 700ml,078139,$2.60,$3.71 / 1L,https://www.woolworths.com.au/shop/productdetails/78139/fiji-still-natural-artesian-water,https://cdn0.woolworths.media/content/wowproductimages/medium/078139.jpg,2020-09-21 16:53:59,,0,,True
50a50707-88df-4a63-9b34-e36de1fb0265,Woolworths Supermarket,Drinks,V8 Healthy Apple Juice 300ml,078174,$2.30,$7.67 / 1L,https://www.woolworths.com.au/shop/productdetails/78174/v8-healthy-apple-juice,https://cdn0.woolworths.media/content/wowproductimages/medium/078174.jpg,2020-09-21 16:53:59,,0,,True
424f9065-1fdf-4eb8-8596-210650f91246,Woolworths Supermarket,Drinks,V8 Fruit & Veg Super Orange 300ml,078200,$2.30,$7.67 / 1L,https://www.woolworths.com.au/shop/productdetails/78200/v8-fruit-veg-super-orange,https://cdn0.woolworths.media/content/wowproductimages/medium/078200.jpg,2020-09-21 16:53:59,,0,,True
eba28918-c4d5-48d3-b686-c5a0040c7177,Woolworths Supermarket,Drinks,Vittoria Coffee Beans Special Italian Blend 1kg,078476,$19.00,$1.90 / 100G,https://www.woolworths.com.au/shop/productdetails/78476/vittoria-coffee-beans-special-italian-blend,https://cdn0.woolworths.media/content/wowproductimages/medium/078476.jpg,2020-09-21 16:53:59,,0,,True
a7e2b124-bd59-40e2-93f6-f730e477987d,Woolworths Supermarket,Drinks,Nexba Live Sparkling Water Watermelon Cucumber & Mint 4x375ml,079127,$7.00,$4.67 / 1L,https://www.woolworths.com.au/shop/productdetails/79127/nexba-live-sparkling-water-watermelon-cucumber-mint,https://cdn0.woolworths.media/content/wowproductimages/medium/079127.jpg,2020-09-21 16:53:59,,0,,True
49412259-19a2-46e1-949a-4346ca0db4e0,Woolworths Supermarket,Drinks,Mount Franklin Lightly Sparkling Raspberry 10x375ml,080047,$12.30,$3.28 / 1L,https://www.woolworths.com.au/shop/productdetails/80047/mount-franklin-lightly-sparkling-raspberry,https://cdn0.woolworths.media/content/wowproductimages/medium/080047.jpg,2020-09-21 16:53:59,,0,,True
3ff8ec40-1609-4970-a7a9-455dfd4ab7c0,Woolworths Supermarket,Drinks,Nexba Live Sparkling Water Pure 4x375ml,080363,$7.00,$4.67 / 1L,https://www.woolworths.com.au/shop/productdetails/80363/nexba-live-sparkling-water-pure,https://cdn0.woolworths.media/content/wowproductimages/medium/080363.jpg,2020-09-21 16:53:59,,0,,True
dcaf17fa-6632-4f94-aedc-e4a7202b824c,Woolworths Supermarket,Drinks,Nexba Live Sparkling Water Passionfruit 4x375ml,080366,$7.00,$4.67 / 1L,https://www.woolworths.com.au/shop/productdetails/80366/nexba-live-sparkling-water-passionfruit,https://cdn0.woolworths.media/content/wowproductimages/medium/080366.jpg,2020-09-21 16:53:59,,0,,True
8f2bff5e-6ac6-444a-a743-d91768f2b0bc,Woolworths Supermarket,Drinks,Sanpellegrino Sparkling Natural Mineral Water Slim Cans 8x330ml,080504,$7.00,$2.65 / 1L,https://www.woolworths.com.au/shop/productdetails/80504/sanpellegrino-sparkling-natural-mineral-water-slim-cans,https://cdn0.woolworths.media/content/wowproductimages/medium/080504.jpg,2020-09-21 16:53:59,,0,,True
81d30b34-a3b7-477b-9035-3a84b9fd0c6e,Woolworths Supermarket,Drinks,Schweppes Infused Natural Mineral Water With Blood Orange & Mango 1.1l,080533,$1.70,$1.55 / 1L,https://www.woolworths.com.au/shop/productdetails/80533/schweppes-infused-natural-mineral-water-with-blood-orange-mango,https://cdn0.woolworths.media/content/wowproductimages/medium/080533.jpg,2020-09-21 16:53:59,,0,,True
764d2bb2-58c6-4900-bb2b-831a03d84999,Woolworths Supermarket,Drinks,Schweppes Infused Natural Mineral Water With Grapefruit 1.1l,080544,$1.70,$1.55 / 1L,https://www.woolworths.com.au/shop/productdetails/80544/schweppes-infused-natural-mineral-water-with-grapefruit,https://cdn0.woolworths.media/content/wowproductimages/medium/080544.jpg,2020-09-21 16:53:59,,0,,True
1d9af1fe-678e-4780-9d78-1c1f57b7afa9,Woolworths Supermarket,Drinks,Woolworths 100% Prune Juice 1l,080569,$3.50,$3.50 / 1L,https://www.woolworths.com.au/shop/productdetails/80569/woolworths-100-prune-juice,https://cdn0.woolworths.media/content/wowproductimages/medium/080569.jpg,2020-09-21 16:53:59,,0,,True
88089a18-6d57-4e66-a0f6-c028c7a22c50,Woolworths Supermarket,Drinks,Nexba Live Sparkling Water Mixed Berry 4x375ml,080600,$7.00,$4.67 / 1L,https://www.woolworths.com.au/shop/productdetails/80600/nexba-live-sparkling-water-mixed-berry,https://cdn0.woolworths.media/content/wowproductimages/medium/080600.jpg,2020-09-21 16:53:59,,0,,True
0fa2a920-3b45-4870-92dd-9ed14bc10243,Woolworths Supermarket,Drinks,Alka Power Active Ph9+ Water 1l,081273,$3.50,$3.50 / 1L,https://www.woolworths.com.au/shop/productdetails/81273/alka-power-active-ph9-water,https://cdn0.woolworths.media/content/wowproductimages/medium/081273.jpg,2020-09-21 16:53:59,,0,,True
d6a0a810-c102-4b7a-bf16-d8c74ed5069c,Woolworths Supermarket,Drinks,Nu Pure Still Spring Water 20x600ml,081274,$6.00,$0.50 / 1L,https://www.woolworths.com.au/shop/productdetails/81274/nu-pure-still-spring-water,https://cdn0.woolworths.media/content/wowproductimages/medium/081274.jpg,2020-09-21 16:53:59,,0,,True
5d0dbb7b-74db-4c95-9d31-4ce3fde59576,Woolworths Supermarket,Drinks,H2coco Pure+ Collagen Coconut Water 750ml,081498,$3.50,$4.67 / 1L,https://www.woolworths.com.au/shop/productdetails/81498/h2coco-pure-collagen-coconut-water,https://cdn0.woolworths.media/content/wowproductimages/medium/081498.jpg,2020-09-21 16:53:59,,0,,True
dbb720d6-d062-4d33-a693-c1673aa6b4ee,Woolworths Supermarket,Drinks,Woolworths 100% Cloudy Pear Juice 1l,081540,$3.50,$3.50 / 1L,https://www.woolworths.com.au/shop/productdetails/81540/woolworths-100-cloudy-pear-juice,https://cdn0.woolworths.media/content/wowproductimages/medium/081540.jpg,2020-09-21 16:53:59,,0,,True
71bd1cb6-096d-4b83-b4f9-96c77e69ca80,Woolworths Supermarket,Drinks,H2juice Passionfruit With Prebiotic 1l,081568,$3.85,$3.85 / 1L,https://www.woolworths.com.au/shop/productdetails/81568/h2juice-passionfruit-with-prebiotic,https://cdn0.woolworths.media/content/wowproductimages/medium/081568.jpg,2020-09-21 16:53:59,,0,,True
195e7258-d89e-400e-8312-d66c94229b5e,Woolworths Supermarket,Drinks,H2juice Pink Guava With Prebiotic 1l,081988,$3.85,$3.85 / 1L,https://www.woolworths.com.au/shop/productdetails/81988/h2juice-pink-guava-with-prebiotic,https://cdn0.woolworths.media/content/wowproductimages/medium/081988.jpg,2020-09-21 16:53:59,,0,,True
79722f30-3aba-4c0e-8855-df6f0efc0ce1,Woolworths Supermarket,Drinks,Ceda Creaming Soda Pineapple 1.25l,082116,$1.20,$0.96 / 1L,https://www.woolworths.com.au/shop/productdetails/82116/ceda-creaming-soda-pineapple,https://cdn0.woolworths.media/content/wowproductimages/medium/082116.jpg,2020-09-21 16:53:59,,0,,True
9b76f400-c6d4-48cc-a7c2-157165561458,Woolworths Supermarket,Drinks,Ceda Creaming Soda Lime 1.25l,082202,$1.20,$0.96 / 1L,https://www.woolworths.com.au/shop/productdetails/82202/ceda-creaming-soda-lime,https://cdn0.woolworths.media/content/wowproductimages/medium/082202.jpg,2020-09-21 16:53:59,,0,,True
ff486082-1cdc-4624-82d4-b480af91147c,Woolworths Supermarket,Drinks,Ceda Orange Creaming Soda 1.25l,082203,$1.20,$0.96 / 1L,https://www.woolworths.com.au/shop/productdetails/82203/ceda-orange-creaming-soda,https://cdn0.woolworths.media/content/wowproductimages/medium/082203.jpg,2020-09-21 16:53:59,,0,,True
40936eac-96d8-43cb-9ddf-2ffb7c2bb0ee,Woolworths Supermarket,Drinks,Monster Mule Energy Drink 500ml,082273,$2.60,$5.20 / 1L,https://www.woolworths.com.au/shop/productdetails/82273/monster-mule-energy-drink,https://cdn0.woolworths.media/content/wowproductimages/medium/082273.jpg,2020-09-21 16:53:59,,0,,True
6d5e8d3a-5cd8-4599-bbd3-a84da75b8b26,Woolworths Supermarket,Drinks,Mother Epic Swell Energy Drink 500ml,082274,$2.75,$5.50 / 1L,https://www.woolworths.com.au/shop/productdetails/82274/mother-epic-swell-energy-drink,https://cdn0.woolworths.media/content/wowproductimages/medium/082274.jpg,2020-09-21 16:53:59,,0,,True
8a6e9364-9174-4e86-abc0-0f7917c47aad,Woolworths Supermarket,Drinks,V Energy Drink Raspberry Lemonade 500ml,082413,$3.00,$6.00 / 1L,https://www.woolworths.com.au/shop/productdetails/82413/v-energy-drink-raspberry-lemonade,https://cdn0.woolworths.media/content/wowproductimages/medium/082413.jpg,2020-09-21 16:53:59,,0,,True
467593a8-1015-4412-801b-d3bfd34ec0da,Woolworths Supermarket,Drinks,H2coco Pure Pink Coconut Water 750ml,082857,$3.50,$4.67 / 1L,https://www.woolworths.com.au/shop/productdetails/82857/h2coco-pure-pink-coconut-water,https://cdn0.woolworths.media/content/wowproductimages/medium/082857.jpg,2020-09-21 16:53:59,,0,,True
7217cc8f-d747-441e-92aa-9c30322f42d6,Woolworths Supermarket,Drinks,Vitasoy Soy & Protein Unsweetened Milk 1l,083114,$4.50,$4.50 / 1L,https://www.woolworths.com.au/shop/productdetails/83114/vitasoy-soy-protein-unsweetened-milk,https://cdn0.woolworths.media/content/wowproductimages/medium/083114.jpg,2020-09-21 16:53:59,,0,,True
35e8497d-f453-411c-9aa8-b81ad6bf441d,Woolworths Supermarket,Drinks,Sanitarium So Good Barista Edition Oat Milk 1l,083273,$4.00,$4.00 / 1L,https://www.woolworths.com.au/shop/productdetails/83273/sanitarium-so-good-barista-edition-oat-milk,https://cdn0.woolworths.media/content/wowproductimages/medium/083273.jpg,2020-09-21 16:53:59,,0,,True
a825794f-02d7-4b75-a6fe-9c05cbe5c372,Woolworths Supermarket,Drinks,Vitasoy Prebiotic Almond Milk 1l,083287,$2.00,$2.00 / 1L,https://www.woolworths.com.au/shop/productdetails/83287/vitasoy-prebiotic-almond-milk,https://cdn0.woolworths.media/content/wowproductimages/medium/083287.jpg,2020-09-21 16:53:59,,0,,True
f2bd4940-debd-4fea-994c-c9ac77a21f50,Woolworths Supermarket,Drinks,Almond Breeze Protein Uht Almond Milk 1l,083289,$2.80,$2.80 / 1L,https://www.woolworths.com.au/shop/productdetails/83289/almond-breeze-protein-uht-almond-milk,https://cdn0.woolworths.media/content/wowproductimages/medium/083289.jpg,2020-09-21 16:53:59,,0,,True
92bf1a50-c9b6-40e5-8caa-b33cded5313d,Woolworths Supermarket,Drinks,Vitasoy Prebiotic Oat Milk 1l,083494,$2.00,$2.00 / 1L,https://www.woolworths.com.au/shop/productdetails/83494/vitasoy-prebiotic-oat-milk,https://cdn0.woolworths.media/content/wowproductimages/medium/083494.jpg,2020-09-21 16:53:59,,0,,True
ca8c86d9-77a7-4399-ab56-cc27ab2d4daa,Woolworths Supermarket,Drinks,Essentials Instant Coffee Whitener 500g,083628,$3.20,$0.64 / 100G,https://www.woolworths.com.au/shop/productdetails/83628/essentials-instant-coffee-whitener,https://cdn0.woolworths.media/content/wowproductimages/medium/083628.jpg,2020-09-21 16:53:59,,0,,True
85c749d5-0131-48e2-aac4-728e4cfff8a0,Woolworths Supermarket,Drinks,Sanitarium So Good Barista Edition Almond Milk 1l,083836,$4.00,$4.00 / 1L,https://www.woolworths.com.au/shop/productdetails/83836/sanitarium-so-good-barista-edition-almond-milk,https://cdn0.woolworths.media/content/wowproductimages/medium/083836.jpg,2020-09-21 16:53:59,,0,,True
27238dc2-1108-494c-bf38-5f918f805709,Woolworths Supermarket,Drinks,Vitasoy Prebiotic Soy Milk 1l,083860,$2.00,$2.00 / 1L,https://www.woolworths.com.au/shop/productdetails/83860/vitasoy-prebiotic-soy-milk,https://cdn0.woolworths.media/content/wowproductimages/medium/083860.jpg,2020-09-21 16:53:59,,0,,True
75a81e71-55e1-4ba3-b8a0-29e95606102d,Woolworths Supermarket,Drinks,Sanitarium So Good Barista Edition Soy Milk 1l,083995,$3.00,$3.00 / 1L,https://www.woolworths.com.au/shop/productdetails/83995/sanitarium-so-good-barista-edition-soy-milk,https://cdn0.woolworths.media/content/wowproductimages/medium/083995.jpg,2020-09-21 16:53:59,,0,,True
b83380aa-b29d-449d-92d1-74b1117d3108,Woolworths Supermarket,Drinks,Vitasoy Almond & Protein Unsweetened Milk 1l,085042,$4.50,$4.50 / 1L,https://www.woolworths.com.au/shop/productdetails/85042/vitasoy-almond-protein-unsweetened-milk,https://cdn0.woolworths.media/content/wowproductimages/medium/085042.jpg,2020-09-21 16:53:59,,0,,True
ef041b49-4508-47af-94e7-9a916016c5a1,Woolworths Supermarket,Drinks,Coca-cola Diet Soft Drink Multipack Cans 375ml x30 case,085159,$34.45,$3.06 / 1L,https://www.woolworths.com.au/shop/productdetails/85159/coca-cola-diet-soft-drink-multipack-cans,https://cdn0.woolworths.media/content/wowproductimages/medium/085159.jpg,2020-09-21 16:53:59,,0,,True
cc89f62f-24ac-4869-8bc5-87acd958725a,Woolworths Supermarket,Drinks,Bonsoy Almond Milk 1l,085169,$4.90,$4.90 / 1L,https://www.woolworths.com.au/shop/productdetails/85169/bonsoy-almond-milk,https://cdn0.woolworths.media/content/wowproductimages/medium/085169.jpg,2020-09-21 16:53:59,,0,,True
e6b8a323-a91a-4f3b-ba69-59f1e780ed23,Woolworths Supermarket,Drinks,Pureharvest Organic Oat Milk 1l,086298,$2.80,$2.80 / 1L,https://www.woolworths.com.au/shop/productdetails/86298/pureharvest-organic-oat-milk,https://cdn0.woolworths.media/content/wowproductimages/medium/086298.jpg,2020-09-21 16:53:59,,0,,True
1f6ee4ad-c432-4e7b-adf5-94ed44ac1657,Woolworths Supermarket,Drinks,Sustagen Vanilla Flavour 550g,086399,$7.50,$1.36 / 100G,https://www.woolworths.com.au/shop/productdetails/86399/sustagen-vanilla-flavour,https://cdn0.woolworths.media/content/wowproductimages/medium/086399.jpg,2020-09-21 16:53:59,,0,,True
897eae56-c108-4dc0-8c8b-db752d4fbe46,Woolworths Supermarket,Drinks,Milo Ready To Drink 200ml x3 pack,086672,$3.00,$0.50 / 100ML,https://www.woolworths.com.au/shop/productdetails/86672/milo-ready-to-drink,https://cdn0.woolworths.media/content/wowproductimages/medium/086672.jpg,2020-09-21 16:53:59,,0,,True
6e7a141c-c222-41ca-8b70-6a2b39915d21,Woolworths Supermarket,Drinks,Sustagen Dutch Chocolate Flavour 550g,086696,$7.50,$1.36 / 100G,https://www.woolworths.com.au/shop/productdetails/86696/sustagen-dutch-chocolate-flavour,https://cdn0.woolworths.media/content/wowproductimages/medium/086696.jpg,2020-09-21 16:53:59,,0,,True
e9a7267a-9f62-490e-a673-9a6a4f1c349a,Woolworths Supermarket,Drinks,Lavazza Qualita Oro Ground Coffee 500g,086917,$16.00,$3.20 / 100G,https://www.woolworths.com.au/shop/productdetails/86917/lavazza-qualita-oro-ground-coffee,https://cdn0.woolworths.media/content/wowproductimages/medium/086917.jpg,2020-09-21 16:53:59,,0,,True
de7c96c1-a414-46e8-97df-6412c1d121a1,Woolworths Supermarket,Drinks,Lipton Black Tea Decaffeinated 50 pack,087040,$4.00,$0.08 / 1EA,https://www.woolworths.com.au/shop/productdetails/87040/lipton-black-tea-decaffeinated,https://cdn0.woolworths.media/content/wowproductimages/medium/087040.jpg,2020-09-21 16:53:59,,0,,True
1aef4494-e713-43d7-ae19-01dd211a7f37,Woolworths Supermarket,Drinks,Westgold Full Cream Uht Milk 1kg,087769,$1.50,$1.50 / 1L,https://www.woolworths.com.au/shop/productdetails/87769/westgold-full-cream-uht-milk,https://cdn0.woolworths.media/content/wowproductimages/medium/087769.jpg,2020-09-21 16:53:59,,0,,True
f5cc625e-c17a-4df9-8578-5e5b06b20239,Woolworths Supermarket,Drinks,Westgold Full Cream Milk Powder 1l,088194,$10.00,$1.00 / 100G,https://www.woolworths.com.au/shop/productdetails/88194/westgold-full-cream-milk-powder,https://cdn0.woolworths.media/content/wowproductimages/medium/088194.jpg,2020-09-21 16:53:59,,0,,True
5d4d1780-304f-4f4d-95b6-2b15eada954d,Woolworths Supermarket,Drinks,Original Juice Orange Juice 1.5l,088470,$5.65,$3.77 / 1L,https://www.woolworths.com.au/shop/productdetails/88470/original-juice-orange-juice,https://cdn0.woolworths.media/content/wowproductimages/medium/088470.jpg,2020-09-21 16:53:59,,0,,True
6041368e-9206-49f5-9ce7-4a56d9bfd36b,Woolworths Supermarket,Drinks,Remedy Organic Kombucha Peach 750ml,089993,$7.50,$10.00 / 1L,https://www.woolworths.com.au/shop/productdetails/89993/remedy-organic-kombucha-peach,https://cdn0.woolworths.media/content/wowproductimages/medium/089993.jpg,2020-09-21 16:53:59,,0,,True
e587dd1a-00b2-448d-b981-dd8b7f8733de,Woolworths Supermarket,Drinks,Daily Juice Pulp Free Orange Juice 2l,090211,$5.00,$2.50 / 1L,https://www.woolworths.com.au/shop/productdetails/90211/daily-juice-pulp-free-orange-juice,https://cdn0.woolworths.media/content/wowproductimages/medium/090211.jpg,2020-09-21 16:53:59,,0,,True
e758ff42-703c-4634-bae2-686af1a2034c,Woolworths Supermarket,Drinks,Bushells Extra Strong Leaf Tea 250g,090832,$3.60,$1.44 / 100G,https://www.woolworths.com.au/shop/productdetails/90832/bushells-extra-strong-leaf-tea,https://cdn0.woolworths.media/content/wowproductimages/medium/090832.jpg,2020-09-21 16:53:59,,0,Was $4.49 13/08/2018,True
0b470473-0ddb-4185-b0f2-b5ac7e5a9982,Woolworths Supermarket,Drinks,L'or Espresso Colombia Andes Coffee Capsules 20 pack,090847,$11.00,$0.55 / 1EA,https://www.woolworths.com.au/shop/productdetails/90847/l-or-espresso-colombia-andes-coffee-capsules,https://cdn0.woolworths.media/content/wowproductimages/medium/090847.jpg,2020-09-21 16:53:59,,0,,True
4c0fa85e-9380-47a5-ad34-ddea595dc73e,Woolworths Supermarket,Drinks,Remedy Soda Cola 750ml,090864,$7.50,$10.00 / 1L,https://www.woolworths.com.au/shop/productdetails/90864/remedy-soda-cola,https://cdn0.woolworths.media/content/wowproductimages/medium/090864.jpg,2020-09-21 16:53:59,,0,,True
4ee9702b-f2d1-416b-a96d-df5b04eefa8a,Woolworths Supermarket,Drinks,L'or Espresso Onyx Coffee Capsules 40 pack,090979,$18.00,$0.45 / 1EA,https://www.woolworths.com.au/shop/productdetails/90979/l-or-espresso-onyx-coffee-capsules,https://cdn0.woolworths.media/content/wowproductimages/medium/090979.jpg,2020-09-21 16:53:59,,0,,True
2ba4caee-5d52-4371-9320-092ed7130776,Woolworths Supermarket,Drinks,Remedy Organic Kombucha Mango Passion 750ml,091082,$7.50,$10.00 / 1L,https://www.woolworths.com.au/shop/productdetails/91082/remedy-organic-kombucha-mango-passion,https://cdn0.woolworths.media/content/wowproductimages/medium/091082.jpg,2020-09-21 16:53:59,,0,,True
6c29df27-80bf-441f-a07c-3d2aa4a022b8,Woolworths Supermarket,Drinks,Remedy Organic Switchel Blood Orange 750ml,091092,$7.50,$10.00 / 1L,https://www.woolworths.com.au/shop/productdetails/91092/remedy-organic-switchel-blood-orange,https://cdn0.woolworths.media/content/wowproductimages/medium/091092.jpg,2020-09-21 16:53:59,,0,,True
b7b93400-0c7b-4b83-b406-d74061aa1f66,Woolworths Supermarket,Drinks,Harris Coffee Ground Strong 1kg,091149,$15.00,$1.50 / 100G,https://www.woolworths.com.au/shop/productdetails/91149/harris-coffee-ground-strong,https://cdn0.woolworths.media/content/wowproductimages/medium/091149.jpg,2020-09-21 16:53:59,,0,,True
17f8473e-856b-4224-8b08-d0d98cae0fce,Woolworths Supermarket,Drinks,Harris Coffee Ground Organic 200g,091215,$8.50,$4.25 / 100G,https://www.woolworths.com.au/shop/productdetails/91215/harris-coffee-ground-organic,https://cdn0.woolworths.media/content/wowproductimages/medium/091215.jpg,2020-09-21 16:53:59,,0,,True
fc15c4bf-4a0d-490f-adc4-6e836c7b4495,Woolworths Supermarket,Drinks,Vittoria Family Cup Nespresso Compatible Coffee Capsules pack 10,091420,$6.00,$0.60 / 1EA,https://www.woolworths.com.au/shop/productdetails/91420/vittoria-family-cup-nespresso-compatible-coffee-capsules,https://cdn0.woolworths.media/content/wowproductimages/medium/091420.jpg,2020-09-21 16:53:59,,0,,True
d6a37144-6140-4459-986c-2e50bd2cea10,Woolworths Supermarket,Drinks,Vittoria Oro Nespresso Compatible Coffee Capsules pack 10,091421,$7.00,$0.70 / 1EA,https://www.woolworths.com.au/shop/productdetails/91421/vittoria-oro-nespresso-compatible-coffee-capsules,https://cdn0.woolworths.media/content/wowproductimages/medium/091421.jpg,2020-09-21 16:53:59,,0,,True
2370b84c-5103-4339-928e-cd497926ecb1,Woolworths Supermarket,Drinks,Celestial Sleepy Time Herbal Tea Bags 40 pack,091905,$8.00,$0.20 / 1EA,https://www.woolworths.com.au/shop/productdetails/91905/celestial-sleepy-time-herbal-tea-bags,https://cdn0.woolworths.media/content/wowproductimages/medium/091905.jpg,2020-09-21 16:53:59,,0,,True
59e670e5-3698-415b-b6f9-7dabdd28dd5e,Woolworths Supermarket,Drinks,Nerada Tea Bags 50pk 100g,091963,$2.00,$0.04 / 1EA,https://www.woolworths.com.au/shop/productdetails/91963/nerada-tea-bags,https://cdn0.woolworths.media/content/wowproductimages/medium/091963.jpg,2020-09-21 16:53:59,,0,,True
4d9b945e-425c-469f-8c2e-39da7b728f99,Woolworths Supermarket,Drinks,Moccona Oat Cappuccino 8 pack,092074,$4.50,$0.56 / 1EA,https://www.woolworths.com.au/shop/productdetails/92074/moccona-oat-cappuccino,https://cdn0.woolworths.media/content/wowproductimages/medium/092074.jpg,2020-09-21 16:53:59,,0,Was $5.59 14/11/16,True
96261931-b3c2-45be-b5de-d92a8f096bcc,Woolworths Supermarket,Drinks,Vittoria Mountain Grown Nespresso Compatible Coffee Capsules pack 10,092148,$7.00,$0.70 / 1EA,https://www.woolworths.com.au/shop/productdetails/92148/vittoria-mountain-grown-nespresso-compatible-coffee-capsules,https://cdn0.woolworths.media/content/wowproductimages/medium/092148.jpg,2020-09-21 16:53:59,,0,,True
a0c7ada3-741c-459c-8f70-0e79abaa7018,Woolworths Supermarket,Drinks,Vittoria Italian Nespresso Compatible Coffee Capsules pack 10,092150,$6.00,$0.60 / 1EA,https://www.woolworths.com.au/shop/productdetails/92150/vittoria-italian-nespresso-compatible-coffee-capsules,https://cdn0.woolworths.media/content/wowproductimages/medium/092150.jpg,2020-09-21 16:53:59,,0,,True
755297ae-acec-476f-92f6-e607cabe1ae6,Woolworths Supermarket,Drinks,Vittoria Lungo Nespresso Compatible Coffee Capsules pack 10,092151,$6.00,$0.60 / 1EA,https://www.woolworths.com.au/shop/productdetails/92151/vittoria-lungo-nespresso-compatible-coffee-capsules,https://cdn0.woolworths.media/content/wowproductimages/medium/092151.jpg,2020-09-21 16:53:59,,0,,True
a3f7a9a1-bd2f-4091-a482-7e04b6fe9d58,Woolworths Supermarket,Drinks,Harris Coffee Ground Smooth 200g,092218,$7.00,$3.50 / 100G,https://www.woolworths.com.au/shop/productdetails/92218/harris-coffee-ground-smooth,https://cdn0.woolworths.media/content/wowproductimages/medium/092218.jpg,2020-09-21 16:53:59,,0,,True
5213b29c-4fb8-4a83-b88a-e51968598078,Woolworths Supermarket,Drinks,Moccona Soy Cappuccino 8 pack,092219,$4.50,$0.56 / 1EA,https://www.woolworths.com.au/shop/productdetails/92219/moccona-soy-cappuccino,https://cdn0.woolworths.media/content/wowproductimages/medium/092219.jpg,2020-09-21 16:53:59,,0,Was $5.59 14/11/16,True
5622da55-2c9b-4973-bb66-1de519c81da5,Woolworths Supermarket,Drinks,Moccona Latte 30 pack,092227,$10.50,$0.35 / 1EA,https://www.woolworths.com.au/shop/productdetails/92227/moccona-latte,https://cdn0.woolworths.media/content/wowproductimages/medium/092227.jpg,2020-09-21 16:53:59,,0,,True
afa16761-5592-45dc-b794-2ddef3d49f49,Woolworths Supermarket,Drinks,Moccona Coconut Cappuccino 8 pack,092305,$4.50,$0.56 / 1EA,https://www.woolworths.com.au/shop/productdetails/92305/moccona-coconut-cappuccino,https://cdn0.woolworths.media/content/wowproductimages/medium/092305.jpg,2020-09-21 16:53:59,,0,Was $5.59 14/11/16,True
20d33ca3-117c-4400-97fe-12037f7c985b,Woolworths Supermarket,Drinks,L'or Espresso Supremo Coffee Capsules 20 pack,092327,$11.00,$0.55 / 1EA,https://www.woolworths.com.au/shop/productdetails/92327/l-or-espresso-supremo-coffee-capsules,https://cdn0.woolworths.media/content/wowproductimages/medium/092327.jpg,2020-09-21 16:53:59,,0,,True
f5ee446f-3764-4433-8372-b74433f1be50,Woolworths Supermarket,Drinks,Moccona Ristretto Strong Coffee Capsules 20 pack,092328,$9.00,$0.45 / 1EA,https://www.woolworths.com.au/shop/productdetails/92328/moccona-ristretto-strong-coffee-capsules,https://cdn0.woolworths.media/content/wowproductimages/medium/092328.jpg,2020-09-21 16:53:59,,0,,True
a9653761-5cb8-4506-9ea6-d59b691df5e2,Woolworths Supermarket,Drinks,L'or Espresso Ultimo Coffee Capsules 10 pack,092329,$4.50,,https://www.woolworths.com.au/shop/productdetails/92329/l-or-espresso-ultimo-coffee-capsules,https://cdn0.woolworths.media/content/wowproductimages/medium/092329.jpg,2020-09-21 16:53:59,,0,,True
408b4de2-4ed4-4f2d-af1b-21d4f1caafde,Woolworths Supermarket,Drinks,Moccona Dark & Intense Dried Coffee 200g,092393,$13.00,$6.50 / 100G,https://www.woolworths.com.au/shop/productdetails/92393/moccona-dark-intense-dried-coffee,https://cdn0.woolworths.media/content/wowproductimages/medium/092393.jpg,2020-09-21 16:53:59,,0,,True
b963420b-073a-4196-85b8-6a3d42e4076d,Woolworths Supermarket,Drinks,Vittoria Valentina Nespresso Compatible Coffee Capsules pack 10,092399,$6.00,$0.60 / 1EA,https://www.woolworths.com.au/shop/productdetails/92399/vittoria-valentina-nespresso-compatible-coffee-capsules,https://cdn0.woolworths.media/content/wowproductimages/medium/092399.jpg,2020-09-21 16:53:59,,0,,True
c1fe816f-9ef5-429f-b904-8a20ff6153c6,Woolworths Supermarket,Drinks,Moccona Strong Cappuccino Sachets 30 pack,092523,$10.50,$0.35 / 1EA,https://www.woolworths.com.au/shop/productdetails/92523/moccona-strong-cappuccino-sachets,https://cdn0.woolworths.media/content/wowproductimages/medium/092523.jpg,2020-09-21 16:53:59,,0,,True
44c167b4-bf9c-4868-a5f5-37f965d94b6d,Woolworths Supermarket,Drinks,L'or Espresso Guatemala Huehuetenango Coffee Capsules 10 pack,092524,$4.50,$0.45 / 1EA,https://www.woolworths.com.au/shop/productdetails/92524/l-or-espresso-guatemala-huehuetenango-coffee-capsules,https://cdn0.woolworths.media/content/wowproductimages/medium/092524.jpg,2020-09-21 16:53:59,,0,,True
d9553c3d-5496-41fe-9a8b-c3f895e18a32,Woolworths Supermarket,Drinks,Caffe Aurora Espresso Nespresso Compatible Coffee Capsules pack 10,092857,$4.00,$0.40 / 1EA,https://www.woolworths.com.au/shop/productdetails/92857/caffe-aurora-espresso-nespresso-compatible-coffee-capsules,https://cdn0.woolworths.media/content/wowproductimages/medium/092857.jpg,2020-09-21 16:53:59,,0,,True
041b35c4-1307-4f24-81b0-6a3056f2dff0,Woolworths Supermarket,Drinks,Vittoria Italian Nespresso Compatible Coffee Capsules pack 20,092859,$8.80,$0.44 / 1EA,https://www.woolworths.com.au/shop/productdetails/92859/vittoria-italian-nespresso-compatible-coffee-capsules,https://cdn0.woolworths.media/content/wowproductimages/medium/092859.jpg,2020-09-21 16:53:59,,0,,True
a120e833-c8b0-459a-a4ce-2849e1745d24,Woolworths Supermarket,Drinks,Harris Coffee Ground Smooth 1kg,093039,,,https://www.woolworths.com.au/shop/productdetails/93039/harris-coffee-ground-smooth,https://cdn0.woolworths.media/content/wowproductimages/medium/093039.jpg,2020-09-21 16:53:59,,0,,False
1c208735-44d0-425f-8da6-6bb9656e42fa,Woolworths Supermarket,Drinks,Vittoria Ristretto Nespresso Compatible Coffee Capsules pack 10,093045,$6.00,$0.60 / 1EA,https://www.woolworths.com.au/shop/productdetails/93045/vittoria-ristretto-nespresso-compatible-coffee-capsules,https://cdn0.woolworths.media/content/wowproductimages/medium/093045.jpg,2020-09-21 16:53:59,,0,,True
f0311b53-07f1-46b9-bdd3-a3a52afbcde6,Woolworths Supermarket,Drinks,Cottee's Sparkling Raspberry Citrus Cans 375ml x10 pack,093083,$11.50,$3.07 / 1L,https://www.woolworths.com.au/shop/productdetails/93083/cottee-s-sparkling-raspberry-citrus-cans,https://cdn0.woolworths.media/content/wowproductimages/medium/093083.jpg,2020-09-21 16:53:59,,0,,True
38a2d8ae-11db-4207-8135-c63cfd376d03,Woolworths Supermarket,Drinks,Vittoria Maragogype Nespresso Compatible Coffee Capsules pack 10,093084,$7.00,$0.70 / 1EA,https://www.woolworths.com.au/shop/productdetails/93084/vittoria-maragogype-nespresso-compatible-coffee-capsules,https://cdn0.woolworths.media/content/wowproductimages/medium/093084.jpg,2020-09-21 16:53:59,,0,,True
4103bbe0-6c14-4b0b-9be6-644889b232f8,Woolworths Supermarket,Drinks,Cottee's Coola Lime Flavour Cans 375ml x10 pack,093093,$11.50,$3.07 / 1L,https://www.woolworths.com.au/shop/productdetails/93093/cottee-s-coola-lime-flavour-cans,https://cdn0.woolworths.media/content/wowproductimages/medium/093093.jpg,2020-09-21 16:53:59,,0,,True
e57d04d6-91e1-4367-96b1-8915f02f5459,Woolworths Supermarket,Drinks,Vittoria Black Valley Nespresso Compatible Coffee Capsules pack 10,093095,$7.00,$0.70 / 1EA,https://www.woolworths.com.au/shop/productdetails/93095/vittoria-black-valley-nespresso-compatible-coffee-capsules,https://cdn0.woolworths.media/content/wowproductimages/medium/093095.jpg,2020-09-21 16:53:59,,0,,True
8957be36-bbd9-4251-b72a-7b7358bfbbb1,Woolworths Supermarket,Drinks,Coca-cola Diet Bottle 600ml,093166,$3.00,$5.00 / 1L,https://www.woolworths.com.au/shop/productdetails/93166/coca-cola-diet-bottle,https://cdn0.woolworths.media/content/wowproductimages/medium/093166.jpg,2020-09-21 16:53:59,,0,,True
c35e5a51-f2b4-43ff-a46b-01f8752c8475,Woolworths Supermarket,Drinks,Coca-cola Bottle 600ml,093167,$3.00,$5.00 / 1L,https://www.woolworths.com.au/shop/productdetails/93167/coca-cola-bottle,https://cdn0.woolworths.media/content/wowproductimages/medium/093167.jpg,2020-09-21 16:53:59,,0,,True
1f688146-0d46-4e62-b73d-86f4d7c24290,Woolworths Supermarket,Drinks,Fanta Orange Bottle 600ml,093182,$3.00,$5.00 / 1L,https://www.woolworths.com.au/shop/productdetails/93182/fanta-orange-bottle,https://cdn0.woolworths.media/content/wowproductimages/medium/093182.jpg,2020-09-21 16:53:59,,0,,True
ed4cc2d4-4412-4324-96f4-6024320c9c93,Woolworths Supermarket,Drinks,Sprite Bottle 600ml,093187,$3.00,$5.00 / 1L,https://www.woolworths.com.au/shop/productdetails/93187/sprite-bottle,https://cdn0.woolworths.media/content/wowproductimages/medium/093187.jpg,2020-09-21 16:53:59,,0,,True
80e162bf-7f4e-4f09-b273-beb5e0258b1d,Woolworths Supermarket,Drinks,Vittoria Espresso Nespresso Compatible Coffee Capsules pack 10,093221,$6.00,$0.60 / 1EA,https://www.woolworths.com.au/shop/productdetails/93221/vittoria-espresso-nespresso-compatible-coffee-capsules,https://cdn0.woolworths.media/content/wowproductimages/medium/093221.jpg,2020-09-21 16:53:59,,0,,True
c56a1d64-ea12-4afd-9c16-000022a66626,Woolworths Supermarket,Drinks,Vittoria Colombia Nespresso Compatible Coffee Capsules pack 10,093385,$7.00,$0.70 / 1EA,https://www.woolworths.com.au/shop/productdetails/93385/vittoria-colombia-nespresso-compatible-coffee-capsules,https://cdn0.woolworths.media/content/wowproductimages/medium/093385.jpg,2020-09-21 16:53:59,,0,,True
97da50f2-2ffa-4e2a-8790-e57d5fcb919f,Woolworths Supermarket,Drinks,Connect Foods Kombucha Infusion Black Tea Bags Pomegranate & Hibiscus 15 pack,093404,$7.00,$0.47 / 1EA,https://www.woolworths.com.au/shop/productdetails/93404/connect-foods-kombucha-infusion-black-tea-bags-pomegranate-hibiscus,https://cdn0.woolworths.media/content/wowproductimages/medium/093404.jpg,2020-09-21 16:53:59,,0,,True
9d485280-f2b8-40d6-b4b1-ae24a52c4e92,Woolworths Supermarket,Drinks,Connect Foods Kombucha Infusion Black Tea Bags 15 pack,093405,$7.00,$0.47 / 1EA,https://www.woolworths.com.au/shop/productdetails/93405/connect-foods-kombucha-infusion-black-tea-bags,https://cdn0.woolworths.media/content/wowproductimages/medium/093405.jpg,2020-09-21 16:53:59,,0,,True
aca865a0-8505-48da-a585-888a65ad5a19,Woolworths Supermarket,Drinks,Vittoria Latte Nespresso Compatible Coffee Capsules pack 10,093466,$6.00,$0.60 / 1EA,https://www.woolworths.com.au/shop/productdetails/93466/vittoria-latte-nespresso-compatible-coffee-capsules,https://cdn0.woolworths.media/content/wowproductimages/medium/093466.jpg,2020-09-21 16:53:59,,0,,True
7d752d91-df32-4266-8435-82a5a3de34a4,Woolworths Supermarket,Drinks,Connect Foods Connect Foods Bags Raspberry & Blueberry 15 pack,093476,$7.00,$0.47 / 1EA,https://www.woolworths.com.au/shop/productdetails/93476/connect-foods-connect-foods-bags-raspberry-blueberry,https://cdn0.woolworths.media/content/wowproductimages/medium/093476.jpg,2020-09-21 16:53:59,,0,,True
301ac5d0-b934-4917-8dd6-9f35a3988594,Woolworths Supermarket,Drinks,Vittoria Espresso Nespresso Compatible Coffee Capsules pack 20,093852,$8.80,$0.44 / 1EA,https://www.woolworths.com.au/shop/productdetails/93852/vittoria-espresso-nespresso-compatible-coffee-capsules,https://cdn0.woolworths.media/content/wowproductimages/medium/093852.jpg,2020-09-21 16:53:59,,0,,True
12910c16-b9e8-4770-a7e5-e19a9375f286,Woolworths Supermarket,Drinks,Connect Foods Kombucha Infusion Black Tea Bags Apple Cinnamon 15 pack,093863,$7.00,$0.47 / 1EA,https://www.woolworths.com.au/shop/productdetails/93863/connect-foods-kombucha-infusion-black-tea-bags-apple-cinnamon,https://cdn0.woolworths.media/content/wowproductimages/medium/093863.jpg,2020-09-21 16:53:59,,0,,True
f174aaed-3f4f-4e7c-9603-8bc289eadaec,Woolworths Supermarket,Drinks,Connect Foods Kombucha Infusion Black Tea Bags Lemon & Ginger 15 pack,093944,$7.00,$0.47 / 1EA,https://www.woolworths.com.au/shop/productdetails/93944/connect-foods-kombucha-infusion-black-tea-bags-lemon-ginger,https://cdn0.woolworths.media/content/wowproductimages/medium/093944.jpg,2020-09-21 16:53:59,,0,,True
c7f45ada-9f9c-4bfb-89bd-ffc59b497d0b,Woolworths Supermarket,Drinks,Pureau Ultra Pure Water 10l,094005,$8.45,$0.85 / 1L,https://www.woolworths.com.au/shop/productdetails/94005/pureau-ultra-pure-water,https://cdn0.woolworths.media/content/wowproductimages/medium/094005.jpg,2020-09-21 16:53:59,,0,,True
bb70dedb-3aa8-49cf-aae1-b640e84a1b7d,Woolworths Supermarket,Drinks,Vittoria Espresso Ground Coffee 1kg,094131,$19.00,$1.90 / 100G,https://www.woolworths.com.au/shop/productdetails/94131/vittoria-espresso-ground-coffee,https://cdn0.woolworths.media/content/wowproductimages/medium/094131.jpg,2020-09-21 16:53:59,,0,,True
f68212c1-9ae5-4a88-89d3-6bb3741d087b,Woolworths Supermarket,Drinks,Twinings Chai Vanilla Flavoures Tea Bags 80 pack,094179,$11.00,$0.14 / 1EA,https://www.woolworths.com.au/shop/productdetails/94179/twinings-chai-vanilla-flavoures-tea-bags,https://cdn0.woolworths.media/content/wowproductimages/medium/094179.jpg,2020-09-21 16:53:59,,0,,True
314f587b-6699-4d9a-9230-860d3fd602df,Woolworths Supermarket,Drinks,Twinings Cranberry & Pomegranate Fruit Infusions 40 pack,094268,$7.00,$0.18 / 1EA,https://www.woolworths.com.au/shop/productdetails/94268/twinings-cranberry-pomegranate-fruit-infusions,https://cdn0.woolworths.media/content/wowproductimages/medium/094268.jpg,2020-09-21 16:53:59,,0,,True
a214609e-de90-42f5-a87e-1b3093c099b3,Woolworths Supermarket,Drinks,Nestle Milo Plant Based 395g,094324,$6.30,$1.59 / 100G,https://www.woolworths.com.au/shop/productdetails/94324/nestle-milo-plant-based,https://cdn0.woolworths.media/content/wowproductimages/medium/094324.jpg,2020-09-21 16:53:59,,0,,True
429f52e2-47e6-430b-9a01-722bc1fdbf05,Woolworths Supermarket,Drinks,Twinings Strawberry Raspberry & Loganberry Fruit Infusions 40 pack,094339,$7.00,$0.18 / 1EA,https://www.woolworths.com.au/shop/productdetails/94339/twinings-strawberry-raspberry-loganberry-fruit-infusions,https://cdn0.woolworths.media/content/wowproductimages/medium/094339.jpg,2020-09-21 16:53:59,,0,,True
495ce771-f3d0-422b-aa54-21795acfcb2b,Woolworths Supermarket,Drinks,Twinings Camomile Honey & Vanilla Hebal Infusions 40 pack,094370,$7.00,$0.18 / 1EA,https://www.woolworths.com.au/shop/productdetails/94370/twinings-camomile-honey-vanilla-hebal-infusions,https://cdn0.woolworths.media/content/wowproductimages/medium/094370.jpg,2020-09-21 16:53:59,,0,,True
ca9df14b-adaf-4faa-bf20-c1679f6e87db,Woolworths Supermarket,Drinks,Coca-cola Diet Soft Drink Bottle 1.25l,094493,$2.00,$1.60 / 1L,https://www.woolworths.com.au/shop/productdetails/94493/coca-cola-diet-soft-drink-bottle,https://cdn0.woolworths.media/content/wowproductimages/medium/094493.jpg,2020-09-21 16:53:59,,0,,True
85b46943-b1be-48ed-95a5-df021de08608,Woolworths Supermarket,Drinks,Coca-cola Light/diet Coke Diet Bottle 2l,094496,$2.75,$1.38 / 1L,https://www.woolworths.com.au/shop/productdetails/94496/coca-cola-light-diet-coke-diet-bottle,https://cdn0.woolworths.media/content/wowproductimages/medium/094496.jpg,2020-09-21 16:53:59,,0,Was $4.20 12/12/2017,True
7e003f1b-855e-489f-ad6c-66d432d0c910,Woolworths Supermarket,Drinks,Arkadia Chai Tea Low Sugar 240g,094606,$5.50,$2.29 / 100G,https://www.woolworths.com.au/shop/productdetails/94606/arkadia-chai-tea-low-sugar,https://cdn0.woolworths.media/content/wowproductimages/medium/094606.jpg,2020-09-21 16:53:59,,0,,True
1282846c-f95f-4cc3-b9cf-99af9037bcb5,Woolworths Supermarket,Drinks,Vittoria Mountain Grown Ground Coffee 200g,094686,$8.00,$4.00 / 100G,https://www.woolworths.com.au/shop/productdetails/94686/vittoria-mountain-grown-ground-coffee,https://cdn0.woolworths.media/content/wowproductimages/medium/094686.jpg,2020-09-21 16:53:59,,0,,True
57805892-f05c-453a-96a2-43d2e264d83e,Woolworths Supermarket,Drinks,Jarrah Honey & Almond Latte 210g,095027,$6.00,$2.86 / 100G,https://www.woolworths.com.au/shop/productdetails/95027/jarrah-honey-almond-latte,https://cdn0.woolworths.media/content/wowproductimages/medium/095027.jpg,2020-09-21 16:53:59,,0,,True
10653cc4-2ec9-4ffc-a459-1157e671e041,Woolworths Supermarket,Drinks,Starbucks By Nespresso Pike Place Roast Lungo Coffee Pods 10 pack,095082,$6.90,$0.69 / 1EA,https://www.woolworths.com.au/shop/productdetails/95082/starbucks-by-nespresso-pike-place-roast-lungo-coffee-pods,https://cdn0.woolworths.media/content/wowproductimages/medium/095082.jpg,2020-09-21 16:53:59,,0,,True
7a9a1845-bc08-4600-9d65-96406f634399,Woolworths Supermarket,Drinks,Twinings Assam Bold 40 pack,095172,$7.00,$0.18 / 1EA,https://www.woolworths.com.au/shop/productdetails/95172/twinings-assam-bold,https://cdn0.woolworths.media/content/wowproductimages/medium/095172.jpg,2020-09-21 16:53:59,,0,,True
109fe802-425c-417f-abe9-602ba4ef64e3,Woolworths Supermarket,Drinks,Higher Living Peppermint & Licorice Tea 15 pack,095185,$3.70,$0.25 / 1EA,https://www.woolworths.com.au/shop/productdetails/95185/higher-living-peppermint-licorice-tea,https://cdn0.woolworths.media/content/wowproductimages/medium/095185.jpg,2020-09-21 16:53:59,,0,,True
3742fc82-8c8f-4f4a-97ff-12f90045af3a,Woolworths Supermarket,Drinks,Jarrah Coffee Chai Latte 210g,095236,$6.00,$2.86 / 100G,https://www.woolworths.com.au/shop/productdetails/95236/jarrah-coffee-chai-latte,https://cdn0.woolworths.media/content/wowproductimages/medium/095236.jpg,2020-09-21 16:53:59,,0,,True
16773562-63a7-411b-ad13-dd0209fed344,Woolworths Supermarket,Drinks,Cottee's Pineapple & Passionfruit Cans 375ml x10 pack,095402,$11.50,$3.07 / 1L,https://www.woolworths.com.au/shop/productdetails/95402/cottee-s-pineapple-passionfruit-cans,https://cdn0.woolworths.media/content/wowproductimages/medium/095402.jpg,2020-09-21 16:53:59,,0,,True
6ff2c1e2-43a2-4e5d-ade9-bf6f6e622a7e,Woolworths Supermarket,Drinks,Glee Bubblegum Grape Flavoured Cordial 350ml,095835,$1.25,$3.57 / 1L,https://www.woolworths.com.au/shop/productdetails/95835/glee-bubblegum-grape-flavoured-cordial,https://cdn0.woolworths.media/content/wowproductimages/medium/095835.jpg,2020-09-21 16:53:59,,0,,True
b74f6eba-731f-42e8-bdb2-0a6b254b30c9,Woolworths Supermarket,Drinks,Twinings Asha Turmeric Temple Herbal Infusions 18 pack,095879,$6.00,$0.33 / 1EA,https://www.woolworths.com.au/shop/productdetails/95879/twinings-asha-turmeric-temple-herbal-infusions,https://cdn0.woolworths.media/content/wowproductimages/medium/095879.jpg,2020-09-21 16:53:59,,0,,True
eaff883a-a142-4a92-a9b2-db0d89e6a425,Woolworths Supermarket,Drinks,Glee Raspberry Flavoured Cordial Cordial 350ml,095898,$1.25,$3.57 / 1L,https://www.woolworths.com.au/shop/productdetails/95898/glee-raspberry-flavoured-cordial-cordial,https://cdn0.woolworths.media/content/wowproductimages/medium/095898.jpg,2020-09-21 16:53:59,,0,,True
b41c21b8-d6b5-4fd2-a9ca-26ce389c76e6,Woolworths Supermarket,Drinks,Glee Blue Lemonade Flavoured Cordial 350ml,095958,$1.25,$3.57 / 1L,https://www.woolworths.com.au/shop/productdetails/95958/glee-blue-lemonade-flavoured-cordial,https://cdn0.woolworths.media/content/wowproductimages/medium/095958.jpg,2020-09-21 16:53:59,,0,,True
380e7751-b642-4756-b05a-bf3c479e309d,Woolworths Supermarket,Drinks,Box Mixers Cosmopolitan 750ml,097221,$5.50,$7.33 / 1L,https://www.woolworths.com.au/shop/productdetails/97221/box-mixers-cosmopolitan,https://cdn0.woolworths.media/content/wowproductimages/medium/097221.jpg,2020-09-21 16:53:59,,0,,True
b974fd1a-0bb9-4c00-aeac-bce8e5ea0026,Woolworths Supermarket,Drinks,Gatorade Sport Electrolyte Powder Lemon Lime 560g,097410,$8.50,$1.52 / 100G,https://www.woolworths.com.au/shop/productdetails/97410/gatorade-sport-electrolyte-powder-lemon-lime,https://cdn0.woolworths.media/content/wowproductimages/medium/097410.jpg,2020-09-21 16:53:59,,0,,True
1fd43efe-c892-42cb-82a3-c9a0e9f99228,Woolworths Supermarket,Drinks,Bellyup Shotz Bio-fermented Organic Ginger 6 pack,097487,$8.50,$28.33 / 1L,https://www.woolworths.com.au/shop/productdetails/97487/bellyup-shotz-bio-fermented-organic-ginger,https://cdn0.woolworths.media/content/wowproductimages/medium/097487.jpg,2020-09-21 16:53:59,,0,,True
44035018-c846-4eca-a250-58d2b66a8ed2,Woolworths Supermarket,Drinks,Twinings Asha Vanilla Retreat Herbal Infusions 18 pack,097501,$6.00,$0.33 / 1EA,https://www.woolworths.com.au/shop/productdetails/97501/twinings-asha-vanilla-retreat-herbal-infusions,https://cdn0.woolworths.media/content/wowproductimages/medium/097501.jpg,2020-09-21 16:53:59,,0,,True
3f0d14ab-2d69-4945-9366-ce4f583362d6,Woolworths Supermarket,Drinks,Box Mixers Classic Margarita 750ml,098005,$5.50,$7.33 / 1L,https://www.woolworths.com.au/shop/productdetails/98005/box-mixers-classic-margarita,https://cdn0.woolworths.media/content/wowproductimages/medium/098005.jpg,2020-09-21 16:53:59,,0,,True
b7eb22f3-ab05-423b-8e49-e811fbeccee1,Woolworths Supermarket,Drinks,Bellyup Shotz Bio-fermented Lychee With Green Tea 6 pack,098055,$8.50,$28.33 / 1L,https://www.woolworths.com.au/shop/productdetails/98055/bellyup-shotz-bio-fermented-lychee-with-green-tea,https://cdn0.woolworths.media/content/wowproductimages/medium/098055.jpg,2020-09-21 16:53:59,,0,,True
5931e0d3-3a21-43bc-a1bd-0ff3922e5a4b,Woolworths Supermarket,Drinks,Buderim Ginger & Lemongrass Cordial 750ml,098072,$3.60,$4.80 / 1L,https://www.woolworths.com.au/shop/productdetails/98072/buderim-ginger-lemongrass-cordial,https://cdn0.woolworths.media/content/wowproductimages/medium/098072.jpg,2020-09-21 16:53:59,,0,,True
f884d962-845f-451e-bb19-e5eb1547bbc0,Woolworths Supermarket,Drinks,Bundaberg Ginger Beer 375ml,098838,$2.80,$7.47 / 1L,https://www.woolworths.com.au/shop/productdetails/98838/bundaberg-ginger-beer,https://cdn0.woolworths.media/content/wowproductimages/medium/098838.jpg,2020-09-21 16:53:59,,0,,True
3ccf13db-1171-4262-9a51-55bb0dcc60e7,Woolworths Supermarket,Drinks,Lo Bros Organic Kombucha Lemon Lime & Bitters 4 pack,099050,$12.00,$9.09 / 1L,https://www.woolworths.com.au/shop/productdetails/99050/lo-bros-organic-kombucha-lemon-lime-bitters,https://cdn0.woolworths.media/content/wowproductimages/medium/099050.jpg,2020-09-21 16:53:59,,0,,True
304852c1-9509-4df4-9844-8cf81c39a15d,Woolworths Supermarket,Drinks,Lo Bros Organic Kombucha Cola 4 pack,099506,$12.00,$9.09 / 1L,https://www.woolworths.com.au/shop/productdetails/99506/lo-bros-organic-kombucha-cola,https://cdn0.woolworths.media/content/wowproductimages/medium/099506.jpg,2020-09-21 16:53:59,,0,,True
2b136fd4-2c94-4ff4-97b6-1fb2b2665ae3,Woolworths Supermarket,Drinks,Daily Juice Nourish Happy Gut 1l,101030,$5.00,$5.00 / 1L,https://www.woolworths.com.au/shop/productdetails/101030/daily-juice-nourish-happy-gut,https://cdn0.woolworths.media/content/wowproductimages/medium/101030.jpg,2020-09-21 16:53:59,,0,,True
381082d2-77d6-4ede-a6b7-d72b256be8ba,Woolworths Supermarket,Drinks,Mildura Quencher Lemonade 500ml,101233,$2.00,$4.00 / 1L,https://www.woolworths.com.au/shop/productdetails/101233/mildura-quencher-lemonade,https://cdn0.woolworths.media/content/wowproductimages/medium/101233.jpg,2020-09-21 16:53:59,,0,,True
0d3a26c4-3a45-45c4-b7cc-4e08b3f000f3,Woolworths Supermarket,Drinks,Daily Juice Nourish Immunity 1l,101266,$5.00,$5.00 / 1L,https://www.woolworths.com.au/shop/productdetails/101266/daily-juice-nourish-immunity,https://cdn0.woolworths.media/content/wowproductimages/medium/101266.jpg,2020-09-21 16:53:59,,0,,True
8e9b1f1d-a98b-4e8b-ada9-a874d59a0bc8,Woolworths Supermarket,Drinks,Lo Bros Organic Kombucha Raspberry & Lemon 4 pack,101457,$12.00,$9.09 / 1L,https://www.woolworths.com.au/shop/productdetails/101457/lo-bros-organic-kombucha-raspberry-lemon,https://cdn0.woolworths.media/content/wowproductimages/medium/101457.jpg,2020-09-21 16:53:59,,0,,True
9ccbe27b-b7ea-4586-b87d-834c626dca7e,Woolworths Supermarket,Drinks,Lo Bros Organic Kombucha Passionfruit 330ml,101532,$2.50,$7.58 / 1L,https://www.woolworths.com.au/shop/productdetails/101532/lo-bros-organic-kombucha-passionfruit,https://cdn0.woolworths.media/content/wowproductimages/medium/101532.jpg,2020-09-21 16:53:59,,0,,True
f6dd4c91-3142-4b00-ab1d-2c8829c3d17e,Woolworths Supermarket,Drinks,"Golden Circle 50% Less Sugar Pear, Pine & Passionfruit Juice 2l",101939,$3.20,$1.60 / 1L,https://www.woolworths.com.au/shop/productdetails/101939/golden-circle-50-less-sugar-pear-pine-passionfruit-juice,https://cdn0.woolworths.media/content/wowproductimages/medium/101939.jpg,2020-09-21 16:53:59,,0,Was $4.30 31/08/2020,True
95e9da10-1255-4d67-b42f-eaf30512b56c,Woolworths Supermarket,Drinks,V8 Power Blend Golden Glow 1.25l,102077,$3.50,$2.80 / 1L,https://www.woolworths.com.au/shop/productdetails/102077/v8-power-blend-golden-glow,https://cdn0.woolworths.media/content/wowproductimages/medium/102077.jpg,2020-09-21 16:53:59,,0,,True
a57848b2-4613-4315-921a-948eda9b6dd6,Woolworths Supermarket,Drinks,Remedy Kombucha Mango Passion 330ml,102323,$4.00,$12.12 / 1L,https://www.woolworths.com.au/shop/productdetails/102323/remedy-kombucha-mango-passion,https://cdn0.woolworths.media/content/wowproductimages/medium/102323.jpg,2020-09-21 16:53:59,,0,,True
dd29dc37-04ed-4fd6-986d-ff6274f76992,Woolworths Supermarket,Drinks,Original Juice Black Label Orange & Blood Orange 1.5l,102328,$5.65,$3.77 / 1L,https://www.woolworths.com.au/shop/productdetails/102328/original-juice-black-label-orange-blood-orange,https://cdn0.woolworths.media/content/wowproductimages/medium/102328.jpg,2020-09-21 16:53:59,,0,,True
040f60ea-09ed-4e3e-bf0f-3baa7c5a1361,Woolworths Supermarket,Drinks,Nudie Extra Defence 400ml,102642,$4.50,$11.25 / 1L,https://www.woolworths.com.au/shop/productdetails/102642/nudie-extra-defence,https://cdn0.woolworths.media/content/wowproductimages/medium/102642.jpg,2020-09-21 16:53:59,,0,,True
7a0f0165-d11b-43bc-94ce-a370d9439877,Woolworths Supermarket,Drinks,Nestle Malted Milk 500g,103284,$9.50,$1.90 / 100G,https://www.woolworths.com.au/shop/productdetails/103284/nestle-malted-milk,https://cdn0.woolworths.media/content/wowproductimages/medium/103284.jpg,2020-09-21 16:53:59,,0,,True
fa32b5f9-4e2c-41f3-b68b-baae10f4ff20,Woolworths Supermarket,Drinks,Golden Circle 50% Less Sugar Apple Juice 2l,103682,$3.20,$1.60 / 1L,https://www.woolworths.com.au/shop/productdetails/103682/golden-circle-50-less-sugar-apple-juice,https://cdn0.woolworths.media/content/wowproductimages/medium/103682.jpg,2020-09-21 16:53:59,,0,Was $4.30 31/08/2020,True
1f660a61-d8af-4327-84e7-f7d67a2b9daf,Woolworths Supermarket,Drinks,Golden Circle 50% Less Sugar Orange Juice 2l,103692,$3.20,$1.60 / 1L,https://www.woolworths.com.au/shop/productdetails/103692/golden-circle-50-less-sugar-orange-juice,https://cdn0.woolworths.media/content/wowproductimages/medium/103692.jpg,2020-09-21 16:53:59,,0,Was $4.30 31/08/2020,True
162ac50f-279c-46e6-b096-fac19d162055,Woolworths Supermarket,Drinks,Oak Flavoured Milk Strawberry 500ml,103792,$2.90,$5.80 / 1L,https://www.woolworths.com.au/shop/productdetails/103792/oak-flavoured-milk-strawberry,https://cdn0.woolworths.media/content/wowproductimages/medium/103792.jpg,2020-09-21 16:53:59,,0,,True
fcb202d1-ed70-4683-b0f0-adceff701dc4,Woolworths Supermarket,Drinks,Golden Circle Pine Orange Fruit Juice 2l,104407,$3.00,$1.50 / 1L,https://www.woolworths.com.au/shop/productdetails/104407/golden-circle-pine-orange-fruit-juice,https://cdn0.woolworths.media/content/wowproductimages/medium/104407.jpg,2020-09-21 16:53:59,,0,Was $3.79 15/05/2017,True
22151831-a866-4705-8ce7-04759830a1b1,Woolworths Supermarket,Drinks,Milo Refill Pack 750g,105853,$8.50,$1.13 / 100G,https://www.woolworths.com.au/shop/productdetails/105853/milo-refill-pack,https://cdn0.woolworths.media/content/wowproductimages/medium/105853.jpg,2020-09-21 16:53:59,,0,,True
56478999-5cb3-4f9a-8f3f-951b442987ad,Woolworths Supermarket,Drinks,Nestle Sweetened Skim Condensed Milk 400g,105913,$3.20,$0.80 / 100G,https://www.woolworths.com.au/shop/productdetails/105913/nestle-sweetened-skim-condensed-milk,https://cdn0.woolworths.media/content/wowproductimages/medium/105913.jpg,2020-09-21 16:53:59,,0,,True
0e84af62-00a9-4b54-a34e-637806642d3a,Woolworths Supermarket,Drinks,Nestle Sweetened Condensed Milk 395g,105914,$3.20,$0.81 / 100G,https://www.woolworths.com.au/shop/productdetails/105914/nestle-sweetened-condensed-milk,https://cdn0.woolworths.media/content/wowproductimages/medium/105914.jpg,2020-09-21 16:53:59,,0,,True
efb2a734-10d9-4b8d-97d3-8067d1a0bb56,Woolworths Supermarket,Drinks,Original Juice Grapefruit Juice 1.5l,106351,$5.65,$3.77 / 1L,https://www.woolworths.com.au/shop/productdetails/106351/original-juice-grapefruit-juice,https://cdn0.woolworths.media/content/wowproductimages/medium/106351.jpg,2020-09-21 16:53:59,,0,,True
3dcfe84d-c3f0-497f-b74f-90f49e54e689,Woolworths Supermarket,Drinks,H2coco Pure Coconut Water 355ml x4 pack,106497,$8.50,$5.99 / 1L,https://www.woolworths.com.au/shop/productdetails/106497/h2coco-pure-coconut-water,https://cdn0.woolworths.media/content/wowproductimages/medium/106497.jpg,2020-09-21 16:53:59,,0,,True
cee7dabb-f1d5-4197-aa3b-a15ab3547b2c,Woolworths Supermarket,Drinks,Australia's Own Barista Macadamia Milk 1l,106509,$4.50,$4.50 / 1L,https://www.woolworths.com.au/shop/productdetails/106509/australia-s-own-barista-macadamia-milk,https://cdn0.woolworths.media/content/wowproductimages/medium/106509.jpg,2020-09-21 16:53:59,,0,,True
e1a4e96d-6257-4812-940c-d9228447d55c,Woolworths Supermarket,Drinks,Juicy Isle Organic Apple Juice 1.5l,106537,$4.00,$2.67 / 1L,https://www.woolworths.com.au/shop/productdetails/106537/juicy-isle-organic-apple-juice,https://cdn0.woolworths.media/content/wowproductimages/medium/106537.jpg,2020-09-21 16:53:59,,0,,True
40fcf730-de3b-4b9e-9000-c8df06eaffef,Woolworths Supermarket,Drinks,H2coco Iced Coffee 355ml x4 pack,108172,$8.50,$5.99 / 1L,https://www.woolworths.com.au/shop/productdetails/108172/h2coco-iced-coffee,https://cdn0.woolworths.media/content/wowproductimages/medium/108172.jpg,2020-09-21 16:53:59,,0,,True
478aa8aa-ea20-4af5-a6d5-7bafc38fc7c2,Woolworths Supermarket,Drinks,Australia's Own Skim Uht Milk 1l,108395,$1.30,$1.30 / 1L,https://www.woolworths.com.au/shop/productdetails/108395/australia-s-own-skim-uht-milk,https://cdn0.woolworths.media/content/wowproductimages/medium/108395.jpg,2020-09-21 16:53:59,,0,,True
f7dbaed3-8c6a-4612-986c-933c5c987bf8,Woolworths Supermarket,Drinks,Australia's Own Own Almond Protein Uht Milk 1l,108429,$3.80,$3.80 / 1L,https://www.woolworths.com.au/shop/productdetails/108429/australia-s-own-own-almond-protein-uht-milk,https://cdn0.woolworths.media/content/wowproductimages/medium/108429.jpg,2020-09-21 16:53:59,,0,,True
80704859-3a4f-46ba-8ec6-183eb67ff9b8,Woolworths Supermarket,Drinks,V Energy Blue Sugar Free 250ml,108466,$2.30,$9.20 / 1L,https://www.woolworths.com.au/shop/productdetails/108466/v-energy-blue-sugar-free,https://cdn0.woolworths.media/content/wowproductimages/medium/108466.jpg,2020-09-21 16:53:59,,0,,True
5fe549c2-0024-4079-aa70-fb9d26bfebf0,Woolworths Supermarket,Drinks,Sanpellegrino Essenza Tangerine & Wild Strawberry 330ml x8 pack,108493,$10.00,$3.79 / 1L,https://www.woolworths.com.au/shop/productdetails/108493/sanpellegrino-essenza-tangerine-wild-strawberry,https://cdn0.woolworths.media/content/wowproductimages/medium/108493.jpg,2020-09-21 16:53:59,,0,,True
a56ba9c4-6923-413a-a4b2-fe8c2ea19aca,Woolworths Supermarket,Drinks,Australia's Own A2 Full Cream Uht Milk 6 pack,108593,$5.00,$4.17 / 1L,https://www.woolworths.com.au/shop/productdetails/108593/australia-s-own-a2-full-cream-uht-milk,https://cdn0.woolworths.media/content/wowproductimages/medium/108593.jpg,2020-09-21 16:53:59,,0,,True
b8163079-a520-424c-9bac-887d71244f19,Woolworths Supermarket,Drinks,Sanpellegrino Essenza Lemon & Lemon Zest 330ml x8 pack,108983,$10.00,$3.79 / 1L,https://www.woolworths.com.au/shop/productdetails/108983/sanpellegrino-essenza-lemon-lemon-zest,https://cdn0.woolworths.media/content/wowproductimages/medium/108983.jpg,2020-09-21 16:53:59,,0,,True
33e7b9d4-9e5e-4db2-a532-f57275c65fd0,Woolworths Supermarket,Drinks,Australia's Own Full Cream Uht Milk 6 pack,109361,$3.50,$2.92 / 1L,https://www.woolworths.com.au/shop/productdetails/109361/australia-s-own-full-cream-uht-milk,https://cdn0.woolworths.media/content/wowproductimages/medium/109361.jpg,2020-09-21 16:53:59,,0,,True
c72c95d9-2657-4636-9d1f-c98587e00d33,Woolworths Supermarket,Drinks,Australia's Own A2 Protein Full Cream Uht Milk 1l,109483,$2.20,$2.20 / 1L,https://www.woolworths.com.au/shop/productdetails/109483/australia-s-own-a2-protein-full-cream-uht-milk,https://cdn0.woolworths.media/content/wowproductimages/medium/109483.jpg,2020-09-21 16:53:59,,0,,True
38563b72-0a52-4b16-98e8-e5270a2b1ad0,Woolworths Supermarket,Drinks,Australia's Own Full Cream Uht Milk 1l,109502,$1.30,$1.30 / 1L,https://www.woolworths.com.au/shop/productdetails/109502/australia-s-own-full-cream-uht-milk,https://cdn0.woolworths.media/content/wowproductimages/medium/109502.jpg,2020-09-21 16:53:59,,0,,True
6d300c20-a93d-44c1-b7ac-dd5784e34861,Woolworths Supermarket,Drinks,Mt Ossa Tasmanian Spring Water Sparkling 750ml,109751,$2.81,$3.75 / 1L,https://www.woolworths.com.au/shop/productdetails/109751/mt-ossa-tasmanian-spring-water-sparkling,https://cdn0.woolworths.media/content/wowproductimages/medium/109751.jpg,2020-09-21 16:53:59,,0,,True
a06bf3fc-f406-4c6e-a854-530571ba6d2a,Woolworths Supermarket,Drinks,Nu Pure Still Spring Water 600ml,109915,$1.00,$1.67 / 1L,https://www.woolworths.com.au/shop/productdetails/109915/nu-pure-still-spring-water,https://cdn0.woolworths.media/content/wowproductimages/medium/109915.jpg,2020-09-21 16:53:59,,0,,True
b95f86c9-e857-47b9-a686-193581247bc3,Woolworths Supermarket,Drinks,Mt Ossa Tasmanian Spring Water Still 750ml,110540,$2.80,$3.73 / 1L,https://www.woolworths.com.au/shop/productdetails/110540/mt-ossa-tasmanian-spring-water-still,https://cdn0.woolworths.media/content/wowproductimages/medium/110540.jpg,2020-09-21 16:53:59,,0,,True
972fbb9b-9479-4083-b09c-aaa93a44758f,Woolworths Supermarket,Drinks,Pepsi Max Mango Bottle 1.25ml,112697,$1.10,$0.88 / 1L,https://www.woolworths.com.au/shop/productdetails/112697/pepsi-max-mango-bottle,https://cdn0.woolworths.media/content/wowproductimages/medium/112697.jpg,2020-09-21 16:53:59,,0,,True
4bbf55a8-4484-418e-80b6-b92123a13a9c,Woolworths Supermarket,Drinks,Pepsi Max Mango Cans 375ml x10 pack,112971,$6.00,$1.60 / 1L,https://www.woolworths.com.au/shop/productdetails/112971/pepsi-max-mango-cans,https://cdn0.woolworths.media/content/wowproductimages/medium/112971.jpg,2020-09-21 16:53:59,,0,,True
79e2d59e-e0d4-45d1-a966-9ce93bd194cf,Woolworths Supermarket,Drinks,Sunkist Zero 2l,113003,$2.00,$1.00 / 1L,https://www.woolworths.com.au/shop/productdetails/113003/sunkist-zero,https://cdn0.woolworths.media/content/wowproductimages/medium/113003.jpg,2020-09-21 16:53:59,,0,,True
da937a29-4f78-49b6-abc4-05234d7fae79,Woolworths Supermarket,Drinks,Moore's Ultra Pure Still Water 5l,113395,$4.45,$0.89 / 1L,https://www.woolworths.com.au/shop/productdetails/113395/moore-s-ultra-pure-still-water,https://cdn0.woolworths.media/content/wowproductimages/medium/113395.jpg,2020-09-21 16:53:59,,0,,True
0de5169a-42a6-4c02-a0a0-a599c4566ea9,Woolworths Supermarket,Drinks,Red Bull Energy Drink 250ml,114632,$2.85,$11.40 / 1L,https://www.woolworths.com.au/shop/productdetails/114632/red-bull-energy-drink,https://cdn0.woolworths.media/content/wowproductimages/medium/114632.jpg,2020-09-21 16:53:59,,0,,True
4c027d44-c0e5-4913-82e5-31363f612d61,Woolworths Supermarket,Drinks,Red Eye Energy Drink Platinum 330ml,116221,$2.60,$7.88 / 1L,https://www.woolworths.com.au/shop/productdetails/116221/red-eye-energy-drink-platinum,https://cdn0.woolworths.media/content/wowproductimages/medium/116221.jpg,2020-09-21 16:53:59,,0,,True
70a3c3eb-6afb-44e7-b62b-e70f8dc13d5a,Woolworths Supermarket,Drinks,Cool Ridge Still Water Bottle 600ml,130504,$1.80,$3.00 / 1L,https://www.woolworths.com.au/shop/productdetails/130504/cool-ridge-still-water-bottle,https://cdn0.woolworths.media/content/wowproductimages/medium/130504.jpg,2020-09-21 16:53:59,,0,,True
09556b92-e977-48c7-93f7-5319748fb3b5,Woolworths Supermarket,Drinks,Daily Juice Pulp Free Orange Juice No Added Sugar 3l,139463,$6.50,$2.17 / 1L,https://www.woolworths.com.au/shop/productdetails/139463/daily-juice-pulp-free-orange-juice-no-added-sugar,https://cdn0.woolworths.media/content/wowproductimages/medium/139463.jpg,2020-09-21 16:53:59,,0,,True
76a8c3f2-7a2a-4eef-be64-f9609b14efa6,Woolworths Supermarket,Drinks,V Energy Energy Drink 250ml,139864,$2.30,$9.20 / 1L,https://www.woolworths.com.au/shop/productdetails/139864/v-energy-energy-drink,https://cdn0.woolworths.media/content/wowproductimages/medium/139864.jpg,2020-09-21 16:53:59,,0,,True
5ead1446-a735-4d43-bdb6-818911cbfb46,Woolworths Supermarket,Drinks,Kirks Pasito Bottle 1.25l,140090,$1.70,$1.36 / 1L,https://www.woolworths.com.au/shop/productdetails/140090/kirks-pasito-bottle,https://cdn0.woolworths.media/content/wowproductimages/medium/140090.jpg,2020-09-21 16:53:59,,0,,True
dfbcd638-002e-43df-989d-b380a53d977c,Woolworths Supermarket,Drinks,Kirks Creaming Soda Bottle 1.25l,140092,$1.70,$1.36 / 1L,https://www.woolworths.com.au/shop/productdetails/140092/kirks-creaming-soda-bottle,https://cdn0.woolworths.media/content/wowproductimages/medium/140092.jpg,2020-09-21 16:53:59,,0,,True
b9ad10e9-fc44-4e4a-8d0a-7e081e5f9b78,Woolworths Supermarket,Drinks,Golden Circle Apple Mango Fruit Juice 3l,145587,$4.00,$1.33 / 1L,https://www.woolworths.com.au/shop/productdetails/145587/golden-circle-apple-mango-fruit-juice,https://cdn0.woolworths.media/content/wowproductimages/medium/145587.jpg,2020-09-21 16:53:59,,0,,True
53b7ad35-2000-4d0c-8a7e-48cb9a6b57e5,Woolworths Supermarket,Drinks,Buderim Ginger Cordial 750ml,146307,$3.60,$4.80 / 1L,https://www.woolworths.com.au/shop/productdetails/146307/buderim-ginger-cordial,https://cdn0.woolworths.media/content/wowproductimages/medium/146307.jpg,2020-09-21 16:53:59,,0,,True
de31cd93-09ff-42cc-884d-5e40c803259e,Woolworths Supermarket,Drinks,Pauls Zymil Lactose Free Long Life Milk 1l,146547,$2.25,$2.25 / 1L,https://www.woolworths.com.au/shop/productdetails/146547/pauls-zymil-lactose-free-long-life-milk,https://cdn0.woolworths.media/content/wowproductimages/medium/146547.jpg,2020-09-21 16:53:59,,0,Was $2.70 10/08/2020,True
29bc225e-2b87-41c5-aa58-e841ee7bc8ef,Woolworths Supermarket,Drinks,Caffe Aurora Ground Coffee Italian Style 2 pack,147188,$8.00,$1.60 / 100G,https://www.woolworths.com.au/shop/productdetails/147188/caffe-aurora-ground-coffee-italian-style,https://cdn0.woolworths.media/content/wowproductimages/medium/147188.jpg,2020-09-21 16:53:59,,0,Was $10.20 30/10/2017,True
10f19f1e-8de0-459c-8144-9db70b5c5062,Woolworths Supermarket,Drinks,Nestle Coffee Mate Coffee Flavouring Hazelnut 10 pack,147697,$4.00,$2.67 / 100ML,https://www.woolworths.com.au/shop/productdetails/147697/nestle-coffee-mate-coffee-flavouring-hazelnut,https://cdn0.woolworths.media/content/wowproductimages/medium/147697.jpg,2020-09-21 16:53:59,,0,,True
f97c3523-56c6-44e7-9071-b732c6e7faf1,Woolworths Supermarket,Drinks,Bushells Black Tea Extra Strong 100 pack,148131,$4.50,$0.05 / 1EA,https://www.woolworths.com.au/shop/productdetails/148131/bushells-black-tea-extra-strong,https://cdn0.woolworths.media/content/wowproductimages/medium/148131.jpg,2020-09-21 16:53:59,,0,Was $5.25 13/08/2018,True
618b61d0-0254-4378-a156-d02f026c1100,Woolworths Supermarket,Drinks,Pump Super Water Bottle 1.25l,148409,$2.80,$2.24 / 1L,https://www.woolworths.com.au/shop/productdetails/148409/pump-super-water-bottle,https://cdn0.woolworths.media/content/wowproductimages/medium/148409.jpg,2020-09-21 16:53:59,,0,,True
56ff235c-7918-48b7-8330-8f51de1aac94,Woolworths Supermarket,Drinks,Ribena Syrup Blackcurrant 1l,149604,$6.00,$6.00 / 1L,https://www.woolworths.com.au/shop/productdetails/149604/ribena-syrup-blackcurrant,https://cdn0.woolworths.media/content/wowproductimages/medium/149604.jpg,2020-09-21 16:53:59,,0,Was $7.99 09/01/2017,True
71aba96c-c2ec-4756-8fda-cd365a87f376,Woolworths Supermarket,Drinks,Pump Still Water Bottle 750ml,153622,$2.60,$3.47 / 1L,https://www.woolworths.com.au/shop/productdetails/153622/pump-still-water-bottle,https://cdn0.woolworths.media/content/wowproductimages/medium/153622.jpg,2020-09-21 16:53:59,,0,,True
39b6f811-d3dd-4da4-90b5-d86e37bfc3cf,Woolworths Supermarket,Drinks,Golden Circle Breakfast Juice 2l,155618,$3.00,$1.50 / 1L,https://www.woolworths.com.au/shop/productdetails/155618/golden-circle-breakfast-juice,https://cdn0.woolworths.media/content/wowproductimages/medium/155618.jpg,2020-09-21 16:53:59,,0,Was $3.79 15/05/2017,True
c322fdf7-36e2-4296-a2f9-e2c1000db25b,Woolworths Supermarket,Drinks,Tetley Decaffeinated Tea Bags 100 pack,156690,$6.00,$0.06 / 1EA,https://www.woolworths.com.au/shop/productdetails/156690/tetley-decaffeinated-tea-bags,https://cdn0.woolworths.media/content/wowproductimages/medium/156690.jpg,2020-09-21 16:53:59,,0,Was $8.00 30/07/2018,True
03d9afb8-3e56-4d2e-9d17-f02a32419b1a,Woolworths Supermarket,Drinks,Kirks Lemon Squash Cans 10x375ml pack,159797,$5.00,$1.33 / 1L,https://www.woolworths.com.au/shop/productdetails/159797/kirks-lemon-squash-cans,https://cdn0.woolworths.media/content/wowproductimages/medium/159797.jpg,2020-09-21 16:53:59,,0,Was $9.05 14/05/2018,True
5db203ed-7252-469c-9bb5-f2352d887731,Woolworths Supermarket,Drinks,Kirks Old Stoney Ginger Beer Cans 10x375ml pack,159800,$5.00,$1.33 / 1L,https://www.woolworths.com.au/shop/productdetails/159800/kirks-old-stoney-ginger-beer-cans,https://cdn0.woolworths.media/content/wowproductimages/medium/159800.jpg,2020-09-21 16:53:59,,0,Was $9.05 14/05/2018,True
d74519b7-7b3b-4b68-be04-495614093308,Woolworths Supermarket,Drinks,Nature's Cuppa Freeze Dried Coffee Caffeine Free 125g,159844,$5.00,$4.00 / 100G,https://www.woolworths.com.au/shop/productdetails/159844/nature-s-cuppa-freeze-dried-coffee-caffeine-free,https://cdn0.woolworths.media/content/wowproductimages/medium/159844.jpg,2020-09-21 16:53:59,,0,,True
1a0bf38b-0de3-43ae-b10a-5952c07c9e16,Woolworths Supermarket,Drinks,Original Juice Orange Juice 600ml,159977,$3.30,$5.50 / 1L,https://www.woolworths.com.au/shop/productdetails/159977/original-juice-orange-juice,https://cdn0.woolworths.media/content/wowproductimages/medium/159977.jpg,2020-09-21 16:53:59,,0,,True
05d32c57-3ffc-4d9b-bc34-2a8b4864063f,Woolworths Supermarket,Drinks,Vittoria Espresso Coffee Beans 1kg,162140,$19.00,$1.90 / 100G,https://www.woolworths.com.au/shop/productdetails/162140/vittoria-espresso-coffee-beans,https://cdn0.woolworths.media/content/wowproductimages/medium/162140.jpg,2020-09-21 16:53:59,,0,,True
5c6bfbce-3663-41bf-add1-af5c2a3a2b22,Woolworths Supermarket,Drinks,V Energy With Guarana Bottle 350ml,162536,$3.50,$10.00 / 1L,https://www.woolworths.com.au/shop/productdetails/162536/v-energy-with-guarana-bottle,https://cdn0.woolworths.media/content/wowproductimages/medium/162536.jpg,2020-09-21 16:53:59,,0,,True
a65a85d4-6365-4155-a4ac-5cc109c7332d,Woolworths Supermarket,Drinks,Sanpellegrino Natural Mineral Water 750ml bottle,162547,$3.00,$4.00 / 1L,https://www.woolworths.com.au/shop/productdetails/162547/sanpellegrino-natural-mineral-water,https://cdn0.woolworths.media/content/wowproductimages/medium/162547.jpg,2020-09-21 16:53:59,,0,Was $3.19 24/10/16,True
48d42738-713d-41c5-a0ac-81d2352f6477,Woolworths Supermarket,Drinks,Tasmanian Mountain Spring Water 10l,170011,$6.40,$0.64 / 1L,https://www.woolworths.com.au/shop/productdetails/170011/tasmanian-mountain-spring-water,https://cdn0.woolworths.media/content/wowproductimages/medium/170011.jpg,2020-09-21 16:53:59,,0,,True
5a6e0848-715f-4d38-afe9-99aa0f0f8d2d,Woolworths Supermarket,Drinks,Caffe Aurora Freeze Dried Coffee Italian Style 100g,175462,$4.50,$4.50 / 100G,https://www.woolworths.com.au/shop/productdetails/175462/caffe-aurora-freeze-dried-coffee-italian-style,https://cdn0.woolworths.media/content/wowproductimages/medium/175462.jpg,2020-09-21 16:53:59,,0,,True
a3386db4-d94d-4e7b-bb45-e56637353873,Woolworths Supermarket,Drinks,Frantelle Still Water 600ml x12 pack,175600,$4.50,$0.63 / 1L,https://www.woolworths.com.au/shop/productdetails/175600/frantelle-still-water,https://cdn0.woolworths.media/content/wowproductimages/medium/175600.jpg,2020-09-21 16:53:59,,0,,True
2a48a4bc-2a5e-464b-9ab6-6e56bbc7a1ae,Woolworths Supermarket,Drinks,Pepsi Max Bottle 600ml,175763,$2.90,$4.83 / 1L,https://www.woolworths.com.au/shop/productdetails/175763/pepsi-max-bottle,https://cdn0.woolworths.media/content/wowproductimages/medium/175763.jpg,2020-09-21 16:53:59,,0,Was $3.60 03/04/2017,True
4fa6c1a8-99fb-4b70-88c3-60942e1eb4f9,Woolworths Supermarket,Drinks,Golden Circle Breakfast Juice 3l,176819,$4.00,$1.33 / 1L,https://www.woolworths.com.au/shop/productdetails/176819/golden-circle-breakfast-juice,https://cdn0.woolworths.media/content/wowproductimages/medium/176819.jpg,2020-09-21 16:53:59,,0,,True
462cca3d-50ea-4c11-abe1-d39026a78894,Woolworths Supermarket,Drinks,Saxbys Diet Ginger Beer 750ml,180891,$2.05,$2.73 / 1L,https://www.woolworths.com.au/shop/productdetails/180891/saxbys-diet-ginger-beer,https://cdn0.woolworths.media/content/wowproductimages/medium/180891.jpg,2020-09-21 16:53:59,,0,,True
40aa219b-a088-4520-b7c0-9d54ca101a28,Woolworths Supermarket,Drinks,Coca-cola Vanilla Soft Drink Bottle 600ml,180910,$3.00,$5.00 / 1L,https://www.woolworths.com.au/shop/productdetails/180910/coca-cola-vanilla-soft-drink-bottle,https://cdn0.woolworths.media/content/wowproductimages/medium/180910.jpg,2020-09-21 16:53:59,,0,,True
bb9ebc36-f23f-480d-9af9-888f406865a8,Woolworths Supermarket,Drinks,Woolworths Instant Chocolate Powdered Drink 400g,186269,$2.99,$0.75 / 100G,https://www.woolworths.com.au/shop/productdetails/186269/woolworths-instant-chocolate-powdered-drink,https://cdn0.woolworths.media/content/wowproductimages/medium/186269.jpg,2020-09-21 16:53:59,,0,,True
653b4fdc-07e1-40ab-b0cd-b5777bb34099,Woolworths Supermarket,Drinks,Vittoria Oro Ground Coffee Oro Gold Cafe Series 250g,186376,$9.00,$3.60 / 100G,https://www.woolworths.com.au/shop/productdetails/186376/vittoria-oro-ground-coffee-oro-gold-cafe-series,https://cdn0.woolworths.media/content/wowproductimages/medium/186376.jpg,2020-09-21 16:53:59,,0,,True
63cc20a2-e773-4424-b8a6-a8a49f32859b,Woolworths Supermarket,Drinks,Vittoria Mountain Grown Ground Coffee 1kg,186602,$36.50,$3.65 / 100G,https://www.woolworths.com.au/shop/productdetails/186602/vittoria-mountain-grown-ground-coffee,https://cdn0.woolworths.media/content/wowproductimages/medium/186602.jpg,2020-09-21 16:53:59,,0,,True
03d0af42-f6e3-42b0-b659-9e206c7b418a,Woolworths Supermarket,Drinks,Illy Ground Coffee Espresso 250g,188087,$15.00,$6.00 / 100G,https://www.woolworths.com.au/shop/productdetails/188087/illy-ground-coffee-espresso,https://cdn0.woolworths.media/content/wowproductimages/medium/188087.jpg,2020-09-21 16:53:59,,0,,True
2c97715f-87a3-4c61-841c-3e17d8e36bbd,Woolworths Supermarket,Drinks,Pureharvest Organic Malt Free Soy Milk 1l,192366,$1.70,$1.70 / 1L,https://www.woolworths.com.au/shop/productdetails/192366/pureharvest-organic-malt-free-soy-milk,https://cdn0.woolworths.media/content/wowproductimages/medium/192366.jpg,2020-09-21 16:53:59,,0,,True
58866071-cb72-4922-bdb3-fad5fa4fe655,Woolworths Supermarket,Drinks,Red Bull Energy Drink Sugar Free 250ml,192401,$2.85,$11.40 / 1L,https://www.woolworths.com.au/shop/productdetails/192401/red-bull-energy-drink-sugar-free,https://cdn0.woolworths.media/content/wowproductimages/medium/192401.jpg,2020-09-21 16:53:59,,0,,True
8084fb72-d7f0-4ef6-b2ee-587bb24fd073,Woolworths Supermarket,Drinks,Nestle Milo Choc-malt 1kg,192985,$10.00,$1.00 / 100G,https://www.woolworths.com.au/shop/productdetails/192985/nestle-milo-choc-malt,https://cdn0.woolworths.media/content/wowproductimages/medium/192985.jpg,2020-09-21 16:53:59,,0,,True
d275b87b-c2f3-4cf8-8ef9-abb2fb5d3f29,Woolworths Supermarket,Drinks,Bickford's Lemon Cordial 750ml,193645,$4.00,$5.33 / 1L,https://www.woolworths.com.au/shop/productdetails/193645/bickford-s-lemon-cordial,https://cdn0.woolworths.media/content/wowproductimages/medium/193645.jpg,2020-09-21 16:53:59,,0,,True
a73df184-8c32-4581-8426-7e373e7dc62c,Woolworths Supermarket,Drinks,Nescafe Coffee Mixer Sachets Cappuccino 10 pack,195108,$3.15,$0.32 / 1EA,https://www.woolworths.com.au/shop/productdetails/195108/nescafe-coffee-mixer-sachets-cappuccino,https://cdn0.woolworths.media/content/wowproductimages/medium/195108.jpg,2020-09-21 16:53:59,,0,,True
f76c1c39-bf60-4813-bde8-33eeaa1b3536,Woolworths Supermarket,Drinks,Ocean Spray Cranberry Classic Juice Drink 1.5l,195393,$5.70,$3.80 / 1L,https://www.woolworths.com.au/shop/productdetails/195393/ocean-spray-cranberry-classic-juice-drink,https://cdn0.woolworths.media/content/wowproductimages/medium/195393.jpg,2020-09-21 16:53:59,,0,,True
386e62ae-fbcf-46a1-9005-f9e20f2bbd11,Woolworths Supermarket,Drinks,V Energy Energy Drink Sugar Free With Guarana 250ml,195827,$2.30,$9.20 / 1L,https://www.woolworths.com.au/shop/productdetails/195827/v-energy-energy-drink-sugar-free-with-guarana,https://cdn0.woolworths.media/content/wowproductimages/medium/195827.jpg,2020-09-21 16:53:59,,0,,True
667d248d-19df-4875-8a7a-796699cd2e5f,Woolworths Supermarket,Drinks,Dilmah Extra Strength Tea Bags 100 pack,196566,$7.00,$0.07 / 1EA,https://www.woolworths.com.au/shop/productdetails/196566/dilmah-extra-strength-tea-bags,https://cdn0.woolworths.media/content/wowproductimages/medium/196566.jpg,2020-09-21 16:53:59,,0,,True
51341f7d-e5a1-4c33-8908-8d5e00612377,Woolworths Supermarket,Drinks,Dilmah Extra Strength Tea Bags 50 pack,199689,$3.70,$0.07 / 1EA,https://www.woolworths.com.au/shop/productdetails/199689/dilmah-extra-strength-tea-bags,https://cdn0.woolworths.media/content/wowproductimages/medium/199689.jpg,2020-09-21 16:53:59,,0,,True
24b88eb7-f767-4cec-b60b-e7a260031404,Woolworths Supermarket,Drinks,Dilmah Earl Grey Tea Bags 50pk,200148,$6.00,$0.12 / 1EA,https://www.woolworths.com.au/shop/productdetails/200148/dilmah-earl-grey-tea-bags,https://cdn0.woolworths.media/content/wowproductimages/medium/200148.jpg,2020-09-21 16:53:59,,0,,True
b585d285-d7f3-4ece-b850-9cb3598289a7,Woolworths Supermarket,Drinks,Dilmah Family Pack Loose Leaf Tea 500g,200224,$8.50,$1.70 / 100G,https://www.woolworths.com.au/shop/productdetails/200224/dilmah-family-pack-loose-leaf-tea,https://cdn0.woolworths.media/content/wowproductimages/medium/200224.jpg,2020-09-21 16:53:59,,0,,True
89b5702e-745d-418a-b5a4-954e3e119782,Woolworths Supermarket,Drinks,Lipton Ice Tea Lemon 500ml,201688,$1.75,$3.50 / 1L,https://www.woolworths.com.au/shop/productdetails/201688/lipton-ice-tea-lemon,https://cdn0.woolworths.media/content/wowproductimages/medium/201688.jpg,2020-09-21 16:53:59,,0,Was $2.49 05/03/2018,True
f69bdc32-a1c8-472f-926e-c510d91c3aea,Woolworths Supermarket,Drinks,Bundaberg Ginger Beer 10x375ml,203552,$13.10,$3.49 / 1L,https://www.woolworths.com.au/shop/productdetails/203552/bundaberg-ginger-beer,https://cdn0.woolworths.media/content/wowproductimages/medium/203552.jpg,2020-09-21 16:53:59,,0,,True
d98b2ffc-72b8-463f-992b-c0d828de4ea2,Woolworths Supermarket,Drinks,Ribena Blackcurrant 2.4l,204032,$3.60,$1.50 / 1L,https://www.woolworths.com.au/shop/productdetails/204032/ribena-blackcurrant,https://cdn0.woolworths.media/content/wowproductimages/medium/204032.jpg,2020-09-21 16:53:59,,0,Was $4.60 24/09/2018,True
62ca0280-8b77-40d9-b463-1c137cad443a,Woolworths Supermarket,Drinks,Kirks Sarsaparilla 1.25l,205274,$1.70,$1.36 / 1L,https://www.woolworths.com.au/shop/productdetails/205274/kirks-sarsaparilla,https://cdn0.woolworths.media/content/wowproductimages/medium/205274.jpg,2020-09-21 16:53:59,,0,,True
8e5b8b9e-a1d8-4c33-9293-6c2a7cefcda7,Woolworths Supermarket,Drinks,Jarrah Hot White Chocolate Sachets 10pk,207980,$5.00,$0.50 / 1EA,https://www.woolworths.com.au/shop/productdetails/207980/jarrah-hot-white-chocolate-sachets,https://cdn0.woolworths.media/content/wowproductimages/medium/207980.jpg,2020-09-21 16:53:59,,0,,True
f22c19ca-779a-48ce-a36c-2d34869a8b7d,Woolworths Supermarket,Drinks,Lipton Light Peach Ice Tea 500ml,208073,$1.75,$3.50 / 1L,https://www.woolworths.com.au/shop/productdetails/208073/lipton-light-peach-ice-tea,https://cdn0.woolworths.media/content/wowproductimages/medium/208073.jpg,2020-09-21 16:53:59,,0,Was $2.49 05/03/2018,True
322700f8-f6f8-468f-9247-957ec14a0553,Woolworths Supermarket,Drinks,Moccona Freeze Dried Instant Coffee Classic Medium Roast 400g,208575,$24.00,$6.00 / 100G,https://www.woolworths.com.au/shop/productdetails/208575/moccona-freeze-dried-instant-coffee-classic-medium-roast,https://cdn0.woolworths.media/content/wowproductimages/medium/208575.jpg,2020-09-21 16:53:59,,0,,True
fe9b0abf-81a8-481f-b275-fb16dc2b49ef,Woolworths Supermarket,Drinks,Diploma Full Cream Long Life Milk Powder 400g,208818,$6.00,$1.50 / 100G,https://www.woolworths.com.au/shop/productdetails/208818/diploma-full-cream-long-life-milk-powder,https://cdn0.woolworths.media/content/wowproductimages/medium/208818.jpg,2020-09-21 16:53:59,,0,,True
7e88b120-4a53-42bb-baa7-fd9aaab422be,Woolworths Supermarket,Drinks,Liddells Skim Long Life Milk Lactose Free 1l,209144,$2.25,$2.25 / 1L,https://www.woolworths.com.au/shop/productdetails/209144/liddells-skim-long-life-milk-lactose-free,https://cdn0.woolworths.media/content/wowproductimages/medium/209144.jpg,2020-09-21 16:53:59,,0,,True
e659cd3f-fb76-4fe5-8fc3-da4e3eb103db,Woolworths Supermarket,Drinks,Vitasoy Rice Milk 1l,209424,$2.00,$2.00 / 1L,https://www.woolworths.com.au/shop/productdetails/209424/vitasoy-rice-milk,https://cdn0.woolworths.media/content/wowproductimages/medium/209424.jpg,2020-09-21 16:53:59,,0,,True
5750ab21-a311-4dfc-b282-fa55858bc564,Woolworths Supermarket,Drinks,Tetley Green Tea Bags 100 pack,210290,$7.80,$0.08 / 1EA,https://www.woolworths.com.au/shop/productdetails/210290/tetley-green-tea-bags,https://cdn0.woolworths.media/content/wowproductimages/medium/210290.jpg,2020-09-21 16:53:59,,0,,True
89c24dc2-af3b-42a8-ae89-364b6ac10718,Woolworths Supermarket,Drinks,Ocean Spray Cranberry Light Juice Drink 1.5l,211639,$5.70,$3.80 / 1L,https://www.woolworths.com.au/shop/productdetails/211639/ocean-spray-cranberry-light-juice-drink,https://cdn0.woolworths.media/content/wowproductimages/medium/211639.jpg,2020-09-21 16:53:59,,0,,True
ee41e6de-e664-4e06-bfb2-4a220bcb24fd,Woolworths Supermarket,Drinks,Nescafe Blend 43 Espresso Soluble Instant Coffee 300g,212138,$10.00,$3.33 / 100G,https://www.woolworths.com.au/shop/productdetails/212138/nescafe-blend-43-espresso-soluble-instant-coffee,https://cdn0.woolworths.media/content/wowproductimages/medium/212138.jpg,2020-09-21 16:53:59,,0,,True
35625dc4-9555-41db-917d-6d904d6bc300,Woolworths Supermarket,Drinks,Nestle Coffee Mate Coffee Flavouring Whitener 400g,212816,$4.00,$1.00 / 100G,https://www.woolworths.com.au/shop/productdetails/212816/nestle-coffee-mate-coffee-flavouring-whitener,https://cdn0.woolworths.media/content/wowproductimages/medium/212816.jpg,2020-09-21 16:53:59,,0,,True
8b8e9db6-47fa-4291-a630-b7557bf4d167,Woolworths Supermarket,Drinks,Vitasoy Soy Milky Regular 1l,212840,$2.45,$2.45 / 1L,https://www.woolworths.com.au/shop/productdetails/212840/vitasoy-soy-milky-regular,https://cdn0.woolworths.media/content/wowproductimages/medium/212840.jpg,2020-09-21 16:53:59,,0,,True
52037c88-02ff-42b9-abed-51f42ac608e5,Woolworths Supermarket,Drinks,Vitasoy Soy Milky Lite 1l,212841,$2.45,$2.45 / 1L,https://www.woolworths.com.au/shop/productdetails/212841/vitasoy-soy-milky-lite,https://cdn0.woolworths.media/content/wowproductimages/medium/212841.jpg,2020-09-21 16:53:59,,0,,True
8b82c29e-0028-4d69-89cb-0a7a06732fb0,Woolworths Supermarket,Drinks,Macro Organic Soy Long Life Milk 1l,215455,$1.60,$1.60 / 1L,https://www.woolworths.com.au/shop/productdetails/215455/macro-organic-soy-long-life-milk,https://cdn0.woolworths.media/content/wowproductimages/medium/215455.jpg,2020-09-21 16:53:59,Average product rating out of 5: 3.6. Product score is based on 539 ratings,539,,True
b3084788-74fb-4160-ae2f-81d5d07709d8,Woolworths Supermarket,Drinks,Sprite No Sugar Bottle 2l,224328,$2.25,$1.13 / 1L,https://www.woolworths.com.au/shop/productdetails/224328/sprite-no-sugar-bottle,https://cdn0.woolworths.media/content/wowproductimages/medium/224328.jpg,2020-09-21 16:53:59,,0,,True
701757a2-00e5-40d1-8368-59a9ba54000b,Woolworths Supermarket,Drinks,Saxbys Ginger Beer 4x375ml,225298,$5.00,$3.33 / 1L,https://www.woolworths.com.au/shop/productdetails/225298/saxbys-ginger-beer,https://cdn0.woolworths.media/content/wowproductimages/medium/225298.jpg,2020-09-21 16:53:59,,0,,True
d22e188d-7249-41e0-8df0-c0275820d279,Woolworths Supermarket,Drinks,Saxbys Diet Ginger Beer 4x375ml,225304,$5.00,$3.33 / 1L,https://www.woolworths.com.au/shop/productdetails/225304/saxbys-diet-ginger-beer,https://cdn0.woolworths.media/content/wowproductimages/medium/225304.jpg,2020-09-21 16:53:59,,0,,True
b8ef48d5-02ad-4612-bbcd-c25db4378b08,Woolworths Supermarket,Drinks,Nescafe Coffee Mixer Sachets Mocha 10 pack,226106,$3.15,$0.32 / 1EA,https://www.woolworths.com.au/shop/productdetails/226106/nescafe-coffee-mixer-sachets-mocha,https://cdn0.woolworths.media/content/wowproductimages/medium/226106.jpg,2020-09-21 16:53:59,,0,,True
9eed2312-d32c-449c-8ba9-66de415b977f,Woolworths Supermarket,Drinks,Nescafe Coffee Mixer Sachets Latte Hazelnut 10 pack,226666,$3.15,$0.32 / 1EA,https://www.woolworths.com.au/shop/productdetails/226666/nescafe-coffee-mixer-sachets-latte-hazelnut,https://cdn0.woolworths.media/content/wowproductimages/medium/226666.jpg,2020-09-21 16:53:59,,0,,True
17a0d9f9-e89e-4fcf-a275-a2567ff6123d,Woolworths Supermarket,Drinks,Nescafe Coffee Mixer Sachets Latte Vanilla 10 pack,226906,$3.15,$0.32 / 1EA,https://www.woolworths.com.au/shop/productdetails/226906/nescafe-coffee-mixer-sachets-latte-vanilla,https://cdn0.woolworths.media/content/wowproductimages/medium/226906.jpg,2020-09-21 16:53:59,,0,,True
419b6c98-aeeb-47ca-9cbf-8d6113268969,Woolworths Supermarket,Drinks,Nescafe Coffee Mixer Sachets Caramel Latte 10 pack,226908,$3.15,$0.32 / 1EA,https://www.woolworths.com.au/shop/productdetails/226908/nescafe-coffee-mixer-sachets-caramel-latte,https://cdn0.woolworths.media/content/wowproductimages/medium/226908.jpg,2020-09-21 16:53:59,,0,,True
12dc3d55-079c-4206-8f6e-673ba4241a4a,Woolworths Supermarket,Drinks,Red Bull Energy Drink Sugar Free 4x250ml,226913,$10.20,$10.20 / 1L,https://www.woolworths.com.au/shop/productdetails/226913/red-bull-energy-drink-sugar-free,https://cdn0.woolworths.media/content/wowproductimages/medium/226913.jpg,2020-09-21 16:53:59,,0,,True
c7b35cf9-358d-432c-a63b-f2394ab4fa89,Woolworths Supermarket,Drinks,Twinings Green Tea & Lemon Bags 10 pack,228496,$2.70,$0.27 / 1EA,https://www.woolworths.com.au/shop/productdetails/228496/twinings-green-tea-lemon-bags,https://cdn0.woolworths.media/content/wowproductimages/medium/228496.jpg,2020-09-21 16:53:59,,0,,True
218db687-3dc2-4831-9212-933ab02b5a3c,Woolworths Supermarket,Drinks,Twinings Green Tea & Mint Tea Bags 10 pack,228497,$2.70,$0.27 / 1EA,https://www.woolworths.com.au/shop/productdetails/228497/twinings-green-tea-mint-tea-bags,https://cdn0.woolworths.media/content/wowproductimages/medium/228497.jpg,2020-09-21 16:53:59,,0,,True
0b11120c-99c5-4168-a938-1eaa72bbbf3c,Woolworths Supermarket,Drinks,Madura Premium Blend Tea 200g,228520,$5.35,$2.68 / 100G,https://www.woolworths.com.au/shop/productdetails/228520/madura-premium-blend-tea,https://cdn0.woolworths.media/content/wowproductimages/medium/228520.jpg,2020-09-21 16:53:59,,0,,True
36b57a59-9e79-4e2a-acc5-5d2c45bd4c69,Woolworths Supermarket,Drinks,Lipton Quality Black Leaf Tea Intense 100 pack,228523,$5.00,$0.05 / 1EA,https://www.woolworths.com.au/shop/productdetails/228523/lipton-quality-black-leaf-tea-intense,https://cdn0.woolworths.media/content/wowproductimages/medium/228523.jpg,2020-09-21 16:53:59,,0,,True
25ceb527-1b04-4a7e-aedd-f67a4ebd3df6,Woolworths Supermarket,Drinks,Daily Juice Breakfast A C & E Juice 2l,229030,$5.00,$2.50 / 1L,https://www.woolworths.com.au/shop/productdetails/229030/daily-juice-breakfast-a-c-e-juice,https://cdn0.woolworths.media/content/wowproductimages/medium/229030.jpg,2020-09-21 16:53:59,,0,,True
35f800f4-b4e1-4878-9983-e43daa4b6fbf,Woolworths Supermarket,Drinks,Bundaberg Sarsaparilla 4x375ml,229039,$5.70,$3.80 / 1L,https://www.woolworths.com.au/shop/productdetails/229039/bundaberg-sarsaparilla,https://cdn0.woolworths.media/content/wowproductimages/medium/229039.jpg,2020-09-21 16:53:59,,0,,True
888b2a82-098b-443f-b583-c08dabbbb8aa,Woolworths Supermarket,Drinks,Santa Vittoria Sparkling Mineral Water 1.5l bottle,229152,$2.56,$1.71 / 1L,https://www.woolworths.com.au/shop/productdetails/229152/santa-vittoria-sparkling-mineral-water,https://cdn0.woolworths.media/content/wowproductimages/medium/229152.jpg,2020-09-21 16:53:59,,0,,True
ec8e426b-4413-4a98-a28e-1bb2f0da4c6b,Woolworths Supermarket,Drinks,Ovaltine Chocolate Light Break Energy Drink 400g,229872,$5.80,$1.45 / 100G,https://www.woolworths.com.au/shop/productdetails/229872/ovaltine-chocolate-light-break-energy-drink,https://cdn0.woolworths.media/content/wowproductimages/medium/229872.jpg,2020-09-21 16:53:59,,0,,True
9c1b28ea-fa4d-412f-a36c-0525ec560520,Woolworths Supermarket,Drinks,Ribena Syrup Light Blackcurrant 1l,231845,$6.00,$6.00 / 1L,https://www.woolworths.com.au/shop/productdetails/231845/ribena-syrup-light-blackcurrant,https://cdn0.woolworths.media/content/wowproductimages/medium/231845.jpg,2020-09-21 16:53:59,,0,Was $7.99 09/01/2017,True
8c9bf946-5999-4a54-8493-0d04ce037994,Woolworths Supermarket,Drinks,Ardmona Apricot Nectar Can 405ml,232164,$1.50,$3.70 / 1L,https://www.woolworths.com.au/shop/productdetails/232164/ardmona-apricot-nectar-can,https://cdn0.woolworths.media/content/wowproductimages/medium/232164.jpg,2020-09-21 16:53:59,,0,,True
89228e7e-3c9c-456f-a08b-cbccc6f0f38c,Woolworths Supermarket,Drinks,Bundaberg Diet Ginger Beer 750ml,240850,$2.95,$3.93 / 1L,https://www.woolworths.com.au/shop/productdetails/240850/bundaberg-diet-ginger-beer,https://cdn0.woolworths.media/content/wowproductimages/medium/240850.jpg,2020-09-21 16:53:59,,0,,True
64fb139c-932f-4e1b-ad1e-7a056431d4b0,Woolworths Supermarket,Drinks,Gatorade Sports Drink Watermelon 600ml,245411,$3.50,$5.83 / 1L,https://www.woolworths.com.au/shop/productdetails/245411/gatorade-sports-drink-watermelon,https://cdn0.woolworths.media/content/wowproductimages/medium/245411.jpg,2020-09-21 16:53:59,,0,,True
cd28d6b2-22ae-4e31-aeb8-cbec8c60b00e,Woolworths Supermarket,Drinks,Woolworths Ground Coffee Espresso 250g,247957,$4.50,$1.80 / 100G,https://www.woolworths.com.au/shop/productdetails/247957/woolworths-ground-coffee-espresso,https://cdn0.woolworths.media/content/wowproductimages/medium/247957.jpg,2020-09-21 16:53:59,,0,,True
74da76fe-3a0d-4441-bd52-2542fe6156fd,Woolworths Supermarket,Drinks,Moccona Freeze Dried Instant Coffee Classic Dark Roast 100g,248497,$9.95,$9.95 / 100G,https://www.woolworths.com.au/shop/productdetails/248497/moccona-freeze-dried-instant-coffee-classic-dark-roast,https://cdn0.woolworths.media/content/wowproductimages/medium/248497.jpg,2020-09-21 16:53:59,,0,,True
5a973287-9f81-4538-b471-f5329195e759,Woolworths Supermarket,Drinks,Moccona Freeze Dried Instant Coffee Classic Dark Roast 200g,248520,$10.00,$5.00 / 100G,https://www.woolworths.com.au/shop/productdetails/248520/moccona-freeze-dried-instant-coffee-classic-dark-roast,https://cdn0.woolworths.media/content/wowproductimages/medium/248520.jpg,2020-09-21 16:53:59,,0,,True
2c49b2ee-21d7-4e24-83be-98b516fc60cc,Woolworths Supermarket,Drinks,Dilmah Extra Strength Tea Bags 200 pack,250036,$11.80,$0.06 / 1EA,https://www.woolworths.com.au/shop/productdetails/250036/dilmah-extra-strength-tea-bags,https://cdn0.woolworths.media/content/wowproductimages/medium/250036.jpg,2020-09-21 16:53:59,,0,,True
abb3fcb0-a226-423e-a2c7-e81130df7e80,Woolworths Supermarket,Drinks,Twinings Green Tea With Lemon Tea Bags 50 pack,250055,$7.00,$0.14 / 1EA,https://www.woolworths.com.au/shop/productdetails/250055/twinings-green-tea-with-lemon-tea-bags,https://cdn0.woolworths.media/content/wowproductimages/medium/250055.jpg,2020-09-21 16:53:59,,0,,True
c7c2af56-1351-4059-a452-f177d6e88833,Woolworths Supermarket,Drinks,Bickford's Pomegranate Juice 1l,253048,$6.00,$6.00 / 1L,https://www.woolworths.com.au/shop/productdetails/253048/bickford-s-pomegranate-juice,https://cdn0.woolworths.media/content/wowproductimages/medium/253048.jpg,2020-09-21 16:53:59,,0,,True
15489137-6cf8-4e25-81ee-5850c35511b7,Woolworths Supermarket,Drinks,Schweppes Indian Tonic Water Zero Sugar 4 x300ml,253760,$3.50,$2.92 / 1L,https://www.woolworths.com.au/shop/productdetails/253760/schweppes-indian-tonic-water-zero-sugar,https://cdn0.woolworths.media/content/wowproductimages/medium/253760.jpg,2020-09-21 16:53:59,,0,,True
9f470cf7-f58b-4069-8beb-a0c571c161ca,Woolworths Supermarket,Drinks,Schweppes Natural Mineral Water Water 4 x300ml,253762,$3.50,$2.92 / 1L,https://www.woolworths.com.au/shop/productdetails/253762/schweppes-natural-mineral-water-water,https://cdn0.woolworths.media/content/wowproductimages/medium/253762.jpg,2020-09-21 16:53:59,,0,,True
43bc1197-e413-4f0d-b5e2-61fb1cc72916,Woolworths Supermarket,Drinks,Schweppes Soda Water 4 x300ml,253770,$3.50,$2.92 / 1L,https://www.woolworths.com.au/shop/productdetails/253770/schweppes-soda-water,https://cdn0.woolworths.media/content/wowproductimages/medium/253770.jpg,2020-09-21 16:53:59,,0,,True
38c82010-bc94-407f-bd91-90d89b1223ca,Woolworths Supermarket,Drinks,Schweppes Indian Tonic Water 4 x300ml,253808,$3.50,$2.92 / 1L,https://www.woolworths.com.au/shop/productdetails/253808/schweppes-indian-tonic-water,https://cdn0.woolworths.media/content/wowproductimages/medium/253808.jpg,2020-09-21 16:53:59,,0,,True
73f60278-c2d3-47d9-9949-5a462c10538c,Woolworths Supermarket,Drinks,Schweppes Dry Ginger Ale 4 x300ml,253811,$3.50,$2.92 / 1L,https://www.woolworths.com.au/shop/productdetails/253811/schweppes-dry-ginger-ale,https://cdn0.woolworths.media/content/wowproductimages/medium/253811.jpg,2020-09-21 16:53:59,,0,,True
32d794e9-0868-40e4-ba3d-ae8adf6930b0,Woolworths Supermarket,Drinks,Dilmah Tea Bags 300 pack,254408,$13.50,$0.05 / 1EA,https://www.woolworths.com.au/shop/productdetails/254408/dilmah-tea-bags,https://cdn0.woolworths.media/content/wowproductimages/medium/254408.jpg,2020-09-21 16:53:59,,0,,True
bb41baaa-9c34-4f46-9c09-6f9db0216ffb,Woolworths Supermarket,Drinks,Jarrah Brazilian Cafe Latte Brazil Delight 250g,254490,$6.00,$2.40 / 100G,https://www.woolworths.com.au/shop/productdetails/254490/jarrah-brazilian-cafe-latte-brazil-delight,https://cdn0.woolworths.media/content/wowproductimages/medium/254490.jpg,2020-09-21 16:53:59,,0,,True
a8f69581-4fc5-4416-b29e-6c5cc7987633,Woolworths Supermarket,Drinks,Jarrah Swiss Mochaccino Swiss Style Cocoa 98% Fat Free 250g,254492,$6.00,$2.40 / 100G,https://www.woolworths.com.au/shop/productdetails/254492/jarrah-swiss-mochaccino-swiss-style-cocoa-98-fat-free,https://cdn0.woolworths.media/content/wowproductimages/medium/254492.jpg,2020-09-21 16:53:59,,0,,True
9b58edc3-cfa7-4ccf-b04c-d42696fb1eca,Woolworths Supermarket,Drinks,Jarrah French Vanilla Latte French Style 250g,254495,$6.00,$2.40 / 100G,https://www.woolworths.com.au/shop/productdetails/254495/jarrah-french-vanilla-latte-french-style,https://cdn0.woolworths.media/content/wowproductimages/medium/254495.jpg,2020-09-21 16:53:59,,0,,True
83a5f4a2-98b2-4b20-87df-fa7fe392ac6e,Woolworths Supermarket,Drinks,Nature's Cuppa Freeze Dried Coffee Eco Organic 100g,254591,$8.00,$8.00 / 100G,https://www.woolworths.com.au/shop/productdetails/254591/nature-s-cuppa-freeze-dried-coffee-eco-organic,https://cdn0.woolworths.media/content/wowproductimages/medium/254591.jpg,2020-09-21 16:53:59,,0,,True
33b73b9d-0006-49d4-874b-f3e947cffc58,Woolworths Supermarket,Drinks,Lavazza Ground Coffee Torino Qualita Oro Arabica 1kg,254602,$30.00,$3.00 / 100G,https://www.woolworths.com.au/shop/productdetails/254602/lavazza-ground-coffee-torino-qualita-oro-arabica,https://cdn0.woolworths.media/content/wowproductimages/medium/254602.jpg,2020-09-21 16:53:59,,0,,True
7ae0d5b5-0e46-443c-bbf6-fcc4cd459e66,Woolworths Supermarket,Drinks,Coca-cola Bottle 385ml,255467,$3.60,$9.35 / 1L,https://www.woolworths.com.au/shop/productdetails/255467/coca-cola-bottle,https://cdn0.woolworths.media/content/wowproductimages/medium/255467.jpg,2020-09-21 16:53:59,,0,,True
2a1fc4db-f9f1-42cf-a068-1a4b384e5f51,Woolworths Supermarket,Drinks,Moccona Freeze Dried Instant Coffee Classic Dark Roast 400g,256700,$24.00,$6.00 / 100G,https://www.woolworths.com.au/shop/productdetails/256700/moccona-freeze-dried-instant-coffee-classic-dark-roast,https://cdn0.woolworths.media/content/wowproductimages/medium/256700.jpg,2020-09-21 16:53:59,,0,,True
14c4a7f1-4a97-456c-b883-a52b9d09e733,Woolworths Supermarket,Drinks,Twinings Lady Grey Tea Bags 100 pack,257224,$11.00,$0.11 / 1EA,https://www.woolworths.com.au/shop/productdetails/257224/twinings-lady-grey-tea-bags,https://cdn0.woolworths.media/content/wowproductimages/medium/257224.jpg,2020-09-21 16:53:59,,0,,True
54f13a7b-b00c-4fee-a309-e7f9ea7e380b,Woolworths Supermarket,Drinks,Twinings Ceylon Orange Pekoe Tea Bags 50pk 100g,257225,$7.00,$0.14 / 1EA,https://www.woolworths.com.au/shop/productdetails/257225/twinings-ceylon-orange-pekoe-tea-bags,https://cdn0.woolworths.media/content/wowproductimages/medium/257225.jpg,2020-09-21 16:53:59,,0,,True
a32cb711-812a-4a1c-b522-6f38e619cd88,Woolworths Supermarket,Drinks,Red Bull Energy Drink 355ml,257684,$3.65,$10.28 / 1L,https://www.woolworths.com.au/shop/productdetails/257684/red-bull-energy-drink,https://cdn0.woolworths.media/content/wowproductimages/medium/257684.jpg,2020-09-21 16:53:59,,0,,True
bc341f6d-aa30-4268-b8e6-dd146ade8a05,Woolworths Supermarket,Drinks,Nescafe Coffee Mixer Sachets Strong Cappucino 10 pack,259079,$3.15,$0.32 / 1EA,https://www.woolworths.com.au/shop/productdetails/259079/nescafe-coffee-mixer-sachets-strong-cappucino,https://cdn0.woolworths.media/content/wowproductimages/medium/259079.jpg,2020-09-21 16:53:59,,0,,True
dadfd2f3-1a47-433c-a707-bba14af9123c,Woolworths Supermarket,Drinks,Pureharvest Organic Almond Milk 1l,260099,$3.40,$3.40 / 1L,https://www.woolworths.com.au/shop/productdetails/260099/pureharvest-organic-almond-milk,https://cdn0.woolworths.media/content/wowproductimages/medium/260099.jpg,2020-09-21 16:53:59,,0,,True
5d879980-c593-4b9a-9ef6-a901ac07e8ca,Woolworths Supermarket,Drinks,Kirks Sugar Free Lemon Squash Bottle 1.25l,260367,$1.70,$1.36 / 1L,https://www.woolworths.com.au/shop/productdetails/260367/kirks-sugar-free-lemon-squash-bottle,https://cdn0.woolworths.media/content/wowproductimages/medium/260367.jpg,2020-09-21 16:53:59,,0,,True
eeca57b8-227f-4fe0-ac56-e51e914d0ed8,Woolworths Supermarket,Drinks,Kirks Lemonade Sugar Free Bottle 1.25l,260368,$1.70,$1.36 / 1L,https://www.woolworths.com.au/shop/productdetails/260368/kirks-lemonade-sugar-free-bottle,https://cdn0.woolworths.media/content/wowproductimages/medium/260368.jpg,2020-09-21 16:53:59,,0,,True
2f7be9f0-0f9e-48a9-8069-720608e770a6,Woolworths Supermarket,Drinks,Lipton Ice Green Tea Citrus 500ml,260468,$1.75,$3.50 / 1L,https://www.woolworths.com.au/shop/productdetails/260468/lipton-ice-green-tea-citrus,https://cdn0.woolworths.media/content/wowproductimages/medium/260468.jpg,2020-09-21 16:53:59,,0,Was $2.49 05/03/2018,True
cc83edef-ff78-4293-8c61-bb8a1c203b8d,Woolworths Supermarket,Drinks,Tetley Decaffeinated Green Tea Bags 50 pack,262434,$3.00,$0.06 / 1EA,https://www.woolworths.com.au/shop/productdetails/262434/tetley-decaffeinated-green-tea-bags,https://cdn0.woolworths.media/content/wowproductimages/medium/262434.jpg,2020-09-21 16:53:59,,0,,True
f98ca044-7b7f-41bb-aa6d-70dc8ac13a20,Woolworths Supermarket,Drinks,Twinings Green Tea Bags 50 pack,262437,$7.00,$0.14 / 1EA,https://www.woolworths.com.au/shop/productdetails/262437/twinings-green-tea-bags,https://cdn0.woolworths.media/content/wowproductimages/medium/262437.jpg,2020-09-21 16:53:59,,0,,True
ddccf952-f949-4ab2-a0a8-0fea6c1ca4f3,Woolworths Supermarket,Drinks,Powerade Mountain Blast Powder 500g,262843,$11.85,$2.37 / 100G,https://www.woolworths.com.au/shop/productdetails/262843/powerade-mountain-blast-powder,https://cdn0.woolworths.media/content/wowproductimages/medium/262843.jpg,2020-09-21 16:53:59,,0,,True
dfe092ae-2916-4f53-9ff8-53b8de201790,Woolworths Supermarket,Drinks,Original Juice Pulp Free Orange Juice 1.5l,263094,$5.65,$3.77 / 1L,https://www.woolworths.com.au/shop/productdetails/263094/original-juice-pulp-free-orange-juice,https://cdn0.woolworths.media/content/wowproductimages/medium/263094.jpg,2020-09-21 16:53:59,,0,,True
87e66568-e792-4f5d-b737-56e6fa80c9fe,Woolworths Supermarket,Drinks,Golden Circle Apple Juice 350ml,263556,$1.50,$4.29 / 1L,https://www.woolworths.com.au/shop/productdetails/263556/golden-circle-apple-juice,https://cdn0.woolworths.media/content/wowproductimages/medium/263556.jpg,2020-09-21 16:53:59,,0,,True
f3a966ea-79d3-48ff-81ad-7b18e10477a0,Woolworths Supermarket,Drinks,Golden Circle Apple & Blackcurrant Juice 350ml,263559,$1.50,$4.29 / 1L,https://www.woolworths.com.au/shop/productdetails/263559/golden-circle-apple-blackcurrant-juice,https://cdn0.woolworths.media/content/wowproductimages/medium/263559.jpg,2020-09-21 16:53:59,,0,,True
28eb1e52-3180-4a16-ae3e-3284993052b7,Woolworths Supermarket,Drinks,Sanitarium So Good Long Life Regular Soy Milk 250ml x3 pack,263672,$3.30,$4.40 / 1L,https://www.woolworths.com.au/shop/productdetails/263672/sanitarium-so-good-long-life-regular-soy-milk,https://cdn0.woolworths.media/content/wowproductimages/medium/263672.jpg,2020-09-21 16:53:59,,0,,True
ff404f8a-f0c4-4614-96d1-7d42633dfa44,Woolworths Supermarket,Drinks,Bickford's Peach Tea Cordial 750ml,264715,$4.00,$5.33 / 1L,https://www.woolworths.com.au/shop/productdetails/264715/bickford-s-peach-tea-cordial,https://cdn0.woolworths.media/content/wowproductimages/medium/264715.jpg,2020-09-21 16:53:59,,0,,True
548906c5-1dcf-43be-a2f6-1865e0e77010,Woolworths Supermarket,Drinks,Golden Circle Apple & Raspberry Cordial 2l,264936,$3.00,$1.50 / 1L,https://www.woolworths.com.au/shop/productdetails/264936/golden-circle-apple-raspberry-cordial,https://cdn0.woolworths.media/content/wowproductimages/medium/264936.jpg,2020-09-21 16:53:59,,0,Was $4.00 02/01/2017,True
ab16f8c1-535c-4f45-a752-96bcf88a180e,Woolworths Supermarket,Drinks,Nestle Milo Choc-malt 200g,274341,$4.00,$2.00 / 100G,https://www.woolworths.com.au/shop/productdetails/274341/nestle-milo-choc-malt,https://cdn0.woolworths.media/content/wowproductimages/medium/274341.jpg,2020-09-21 16:53:59,,0,,True
d3c70ab7-4cf0-42fc-ab77-6ec790d940e0,Woolworths Supermarket,Drinks,Robert Timms Italian Espresso Style Coffee Bags 28 pack,283136,$9.65,$0.34 / 1EA,https://www.woolworths.com.au/shop/productdetails/283136/robert-timms-italian-espresso-style-coffee-bags,https://cdn0.woolworths.media/content/wowproductimages/medium/283136.jpg,2020-09-21 16:53:59,,0,,True
e22174db-0504-45be-b83c-ddd5d50a089d,Woolworths Supermarket,Drinks,Robert Timms Mocha Kenya Style Coffee Bags 28 pack,283137,$9.65,$0.34 / 1EA,https://www.woolworths.com.au/shop/productdetails/283137/robert-timms-mocha-kenya-style-coffee-bags,https://cdn0.woolworths.media/content/wowproductimages/medium/283137.jpg,2020-09-21 16:53:59,,0,,True
b854030b-19ed-4fc2-acde-4c4629f8f64b,Woolworths Supermarket,Drinks,Vittoria Mountain Grown Coffee Beans 1kg,284455,$36.50,$3.65 / 100G,https://www.woolworths.com.au/shop/productdetails/284455/vittoria-mountain-grown-coffee-beans,https://cdn0.woolworths.media/content/wowproductimages/medium/284455.jpg,2020-09-21 16:53:59,,0,,True
709060d2-dfbc-4554-b2f3-575ab557aaeb,Woolworths Supermarket,Drinks,Evian Spring Still Water 750ml,285416,$2.65,$3.53 / 1L,https://www.woolworths.com.au/shop/productdetails/285416/evian-spring-still-water,https://cdn0.woolworths.media/content/wowproductimages/medium/285416.jpg,2020-09-21 16:53:59,,0,,True
cc69ed07-ef61-433c-a45c-fd619acfac1a,Woolworths Supermarket,Drinks,Diet Rite Soft Drink Grape Portello Bottle 1.25l,294326,$1.00,$0.80 / 1L,https://www.woolworths.com.au/shop/productdetails/294326/diet-rite-soft-drink-grape-portello-bottle,https://cdn0.woolworths.media/content/wowproductimages/medium/294326.jpg,2020-09-21 16:53:59,,0,,True
c0930d0b-75d4-445e-8931-ddd764f2659b,Woolworths Supermarket,Drinks,Gloria Jean's Coffees Ground Coffee Hazelnut 200g,294465,$8.80,$4.40 / 100G,https://www.woolworths.com.au/shop/productdetails/294465/gloria-jean-s-coffees-ground-coffee-hazelnut,https://cdn0.woolworths.media/content/wowproductimages/medium/294465.jpg,2020-09-21 16:53:59,,0,,True
756d3a34-004c-408a-95d4-c22f8247803f,Woolworths Supermarket,Drinks,Gloria Jean's Coffees Ground Coffee Caramel 200g,294486,$8.80,$4.40 / 100G,https://www.woolworths.com.au/shop/productdetails/294486/gloria-jean-s-coffees-ground-coffee-caramel,https://cdn0.woolworths.media/content/wowproductimages/medium/294486.jpg,2020-09-21 16:53:59,,0,,True
d6a17be6-eacf-4e24-8bbb-9b3cb9c40cc0,Woolworths Supermarket,Drinks,Woolworths Coffee Beans Espresso 1kg,300452,$12.00,$1.20 / 100G,https://www.woolworths.com.au/shop/productdetails/300452/woolworths-coffee-beans-espresso,https://cdn0.woolworths.media/content/wowproductimages/medium/300452.jpg,2020-09-21 16:53:59,,0,,True
c7dde516-ddfe-4fff-8f20-318650a757a9,Woolworths Supermarket,Drinks,Australia's Own Organic Long Life Rice Milk 1l,303414,$2.00,$2.00 / 1L,https://www.woolworths.com.au/shop/productdetails/303414/australia-s-own-organic-long-life-rice-milk,https://cdn0.woolworths.media/content/wowproductimages/medium/303414.jpg,2020-09-21 16:53:59,,0,Was $2.85 06/11/2017,True
7e35416b-4f40-4d68-ada1-577ab234d84e,Woolworths Supermarket,Drinks,Lipton Ice Tea Light Peach 1.5l,305084,$3.79,$2.53 / 1L,https://www.woolworths.com.au/shop/productdetails/305084/lipton-ice-tea-light-peach,https://cdn0.woolworths.media/content/wowproductimages/medium/305084.jpg,2020-09-21 16:53:59,,0,2 for $6.00 $2.00/1L,True
a84f840e-8a92-41b2-8c48-537cd3e28384,Woolworths Supermarket,Drinks,Lipton Ice Green Tea Light Lemon 1.5l,305195,$3.79,$2.53 / 1L,https://www.woolworths.com.au/shop/productdetails/305195/lipton-ice-green-tea-light-lemon,https://cdn0.woolworths.media/content/wowproductimages/medium/305195.jpg,2020-09-21 16:53:59,,0,2 for $6.00 $2.00/1L,True
6bde9811-8807-4e7f-8a5c-d9e5dc848e54,Woolworths Supermarket,Drinks,Lipton Ice Tea Lemon 1.5l,305223,$3.79,$2.53 / 1L,https://www.woolworths.com.au/shop/productdetails/305223/lipton-ice-tea-lemon,https://cdn0.woolworths.media/content/wowproductimages/medium/305223.jpg,2020-09-21 16:53:59,,0,2 for $6.00 $2.00/1L,True
71bcfb83-7e80-4b0f-a078-5072677c813c,Woolworths Supermarket,Drinks,Lipton Ice Tea Peach 1.5l,305224,$3.79,$2.53 / 1L,https://www.woolworths.com.au/shop/productdetails/305224/lipton-ice-tea-peach,https://cdn0.woolworths.media/content/wowproductimages/medium/305224.jpg,2020-09-21 16:53:59,,0,2 for $6.00 $2.00/1L,True
eeb83ebe-62a9-4c0b-9229-050ac6220e13,Woolworths Supermarket,Drinks,Lipton Ice Green Tea Citrus 1.5l,305227,$3.79,$2.53 / 1L,https://www.woolworths.com.au/shop/productdetails/305227/lipton-ice-green-tea-citrus,https://cdn0.woolworths.media/content/wowproductimages/medium/305227.jpg,2020-09-21 16:53:59,,0,2 for $6.00 $2.00/1L,True
2dd747d1-cc1d-4de7-b596-71f5445fd63c,Woolworths Supermarket,Drinks,Lindt Hot Chocolate Flakes Milk 210g,305554,$7.50,$3.57 / 100G,https://www.woolworths.com.au/shop/productdetails/305554/lindt-hot-chocolate-flakes-milk,https://cdn0.woolworths.media/content/wowproductimages/medium/305554.jpg,2020-09-21 16:53:59,,0,,True
e06638bb-d5bd-4905-b9f8-baf3a82a9c06,Woolworths Supermarket,Drinks,Sipahh Variety Pack Milk Straws 25x88g,305568,$8.40,$0.34 / 1EA,https://www.woolworths.com.au/shop/productdetails/305568/sipahh-variety-pack-milk-straws,https://cdn0.woolworths.media/content/wowproductimages/medium/305568.jpg,2020-09-21 16:53:59,,0,,True
34d3c905-c467-473a-aed6-1afef14bed77,Woolworths Supermarket,Drinks,Vittoria Chocochino Dark Drinking Chocolate 375g,305908,$4.00,$1.07 / 100G,https://www.woolworths.com.au/shop/productdetails/305908/vittoria-chocochino-dark-drinking-chocolate,https://cdn0.woolworths.media/content/wowproductimages/medium/305908.jpg,2020-09-21 16:53:59,,0,,True
6f8590c3-1fa5-4944-b276-e1da3857ba80,Woolworths Supermarket,Drinks,Red Bull Energy Drink 6x250ml,306165,$10.50,$7.00 / 1L,https://www.woolworths.com.au/shop/productdetails/306165/red-bull-energy-drink,https://cdn0.woolworths.media/content/wowproductimages/medium/306165.jpg,2020-09-21 16:53:59,,0,Was $12.00 08/08/2018,True
ea948caa-c584-4908-b42b-de9bc7b4af1d,Woolworths Supermarket,Drinks,Sanpellegrino Natural Mineral Water 12x750ml pack,307290,$24.00,$2.67 / 1L,https://www.woolworths.com.au/shop/productdetails/307290/sanpellegrino-natural-mineral-water,https://cdn0.woolworths.media/content/wowproductimages/medium/307290.jpg,2020-09-21 16:53:59,,0,Was $30.00 24/10/16,True
956112f1-258f-48c1-b4bf-93fb53719ada,Woolworths Supermarket,Drinks,Nerada Organic Green Lemon Myrtle Tea Bags 50 pack,308437,$4.25,$0.09 / 1EA,https://www.woolworths.com.au/shop/productdetails/308437/nerada-organic-green-lemon-myrtle-tea-bags,https://cdn0.woolworths.media/content/wowproductimages/medium/308437.jpg,2020-09-21 16:53:59,,0,,True
75093850-dde5-42fb-b031-5d68217d4574,Woolworths Supermarket,Drinks,Madame Flavour Green Jasmine & Pear Tea Pods 18 pack,308449,$6.15,$0.34 / 1EA,https://www.woolworths.com.au/shop/productdetails/308449/madame-flavour-green-jasmine-pear-tea-pods,https://cdn0.woolworths.media/content/wowproductimages/medium/308449.jpg,2020-09-21 16:53:59,,0,,True
c0cf9f17-8a5f-4b87-8c3c-bacbab512f0c,Woolworths Supermarket,Drinks,Edenvale Non Alcoholic Wine Shiraz 750ml,308940,$8.00,$10.67 / 1L,https://www.woolworths.com.au/shop/productdetails/308940/edenvale-non-alcoholic-wine-shiraz,https://cdn0.woolworths.media/content/wowproductimages/medium/308940.jpg,2020-09-21 16:53:59,,0,,True
2ba00627-ac06-4329-ba2b-5af15953e8bf,Woolworths Supermarket,Drinks,Edenvale Non Alcoholic Wine Chardonnay 750ml,308941,,,https://www.woolworths.com.au/shop/productdetails/308941/edenvale-non-alcoholic-wine-chardonnay,https://cdn0.woolworths.media/content/wowproductimages/medium/308941.jpg,2020-09-21 16:53:59,,0,,False
d43af99b-9b12-4c94-93a2-5edacd5acf20,Woolworths Supermarket,Drinks,Edenvale Non Alcoholic Wine Sparkling Cuvee 750ml,308942,$8.00,$10.67 / 1L,https://www.woolworths.com.au/shop/productdetails/308942/edenvale-non-alcoholic-wine-sparkling-cuvee,https://cdn0.woolworths.media/content/wowproductimages/medium/308942.jpg,2020-09-21 16:53:59,,0,,True
ce4d2ac1-2dc0-4599-8597-7382578c1703,Woolworths Supermarket,Drinks,Vitasoy Oat Milk 1l,310675,$2.00,$2.00 / 1L,https://www.woolworths.com.au/shop/productdetails/310675/vitasoy-oat-milk,https://cdn0.woolworths.media/content/wowproductimages/medium/310675.jpg,2020-09-21 16:53:59,,0,,True
dc60ff02-6c34-4d36-9e2f-d8c69b228e0a,Woolworths Supermarket,Drinks,Boost Energy Lift 1l,310704,$5.80,$5.80 / 1L,https://www.woolworths.com.au/shop/productdetails/310704/boost-energy-lift,https://cdn0.woolworths.media/content/wowproductimages/medium/310704.jpg,2020-09-21 16:53:59,,0,,True
09ca5a94-dc6a-4cde-8c69-6a7fa3fa0313,Woolworths Supermarket,Drinks,Golden Circle Cordial Pine Mango Pass 2l,311159,$3.00,$1.50 / 1L,https://www.woolworths.com.au/shop/productdetails/311159/golden-circle-cordial-pine-mango-pass,https://cdn0.woolworths.media/content/wowproductimages/medium/311159.jpg,2020-09-21 16:53:59,,0,Was $4.00 02/01/2017,True
08595606-1857-47bb-aa0a-447f2dce94c5,Woolworths Supermarket,Drinks,Ocean Spray Cran Pomegranate Juice Drink 1.5l,311515,$5.70,$3.80 / 1L,https://www.woolworths.com.au/shop/productdetails/311515/ocean-spray-cran-pomegranate-juice-drink,https://cdn0.woolworths.media/content/wowproductimages/medium/311515.jpg,2020-09-21 16:53:59,,0,,True
6d10ce7d-4aa1-4dbe-baa0-32b2d502b338,Woolworths Supermarket,Drinks,Coca-cola Mini Cans 8x200ml pack,313022,$6.00,$3.75 / 1L,https://www.woolworths.com.au/shop/productdetails/313022/coca-cola-mini-cans,https://cdn0.woolworths.media/content/wowproductimages/medium/313022.jpg,2020-09-21 16:53:59,,0,Was $8.30 23/04/2018,True
867627c6-a29d-488e-b848-8944aec9038d,Woolworths Supermarket,Drinks,Sprite Mini Cans 8x200ml pack,313023,$6.00,$3.75 / 1L,https://www.woolworths.com.au/shop/productdetails/313023/sprite-mini-cans,https://cdn0.woolworths.media/content/wowproductimages/medium/313023.jpg,2020-09-21 16:53:59,,0,Was $8.30 23/04/2018,True
dbc5c2c8-e1ff-4b2e-9900-e8c1749aed3f,Woolworths Supermarket,Drinks,Coca-cola Diet Mini Cans 8x200ml pack,313024,$6.00,$3.75 / 1L,https://www.woolworths.com.au/shop/productdetails/313024/coca-cola-diet-mini-cans,https://cdn0.woolworths.media/content/wowproductimages/medium/313024.jpg,2020-09-21 16:53:59,,0,Was $8.30 23/04/2018,True
6fb5b31f-ed2f-4150-9e5d-c858cf0666c2,Woolworths Supermarket,Drinks,Robert Timms Premium Espresso Granulated Coffee 200g,313153,$8.00,$4.00 / 100G,https://www.woolworths.com.au/shop/productdetails/313153/robert-timms-premium-espresso-granulated-coffee,https://cdn0.woolworths.media/content/wowproductimages/medium/313153.jpg,2020-09-21 16:53:59,,0,,True
0bcf9578-2b57-449a-b9cf-3186e8a0979f,Woolworths Supermarket,Drinks,Bean Ground & Drunk Ground Coffee Organic Fairtrade Classic Roast 250g,313808,$8.80,$3.52 / 100G,https://www.woolworths.com.au/shop/productdetails/313808/bean-ground-drunk-ground-coffee-organic-fairtrade-classic-roast,https://cdn0.woolworths.media/content/wowproductimages/medium/313808.jpg,2020-09-21 16:53:59,,0,,True
fcc32701-a94b-44b4-8935-2c212c29636d,Woolworths Supermarket,Drinks,Bean Ground & Drunk Ground Coffee Organic Fairtrade Decaff 250g,313811,$8.80,$3.52 / 100G,https://www.woolworths.com.au/shop/productdetails/313811/bean-ground-drunk-ground-coffee-organic-fairtrade-decaff,https://cdn0.woolworths.media/content/wowproductimages/medium/313811.jpg,2020-09-21 16:53:59,,0,,True
dbb20d75-5eda-4b62-b177-e2241e8e7ceb,Woolworths Supermarket,Drinks,Mother Black Energy Drink 500ml,315125,$2.75,$5.50 / 1L,https://www.woolworths.com.au/shop/productdetails/315125/mother-black-energy-drink,https://cdn0.woolworths.media/content/wowproductimages/medium/315125.jpg,2020-09-21 16:53:59,,0,,True
788fa22f-580d-49f8-a07a-49878bf3d0c0,Woolworths Supermarket,Drinks,V Energy Energy Drink 500ml,315692,$3.00,$6.00 / 1L,https://www.woolworths.com.au/shop/productdetails/315692/v-energy-energy-drink,https://cdn0.woolworths.media/content/wowproductimages/medium/315692.jpg,2020-09-21 16:53:59,,0,,True
a43dde5e-181b-4c17-846e-7234909d003f,Woolworths Supermarket,Drinks,Prima Apple Fruit Drink 6x200ml,315747,$2.50,$2.08 / 1L,https://www.woolworths.com.au/shop/productdetails/315747/prima-apple-fruit-drink,https://cdn0.woolworths.media/content/wowproductimages/medium/315747.jpg,2020-09-21 16:53:59,,0,Was $3.49 22/01/2018,True
fc3245f7-081c-4725-82c5-701f90f483d3,Woolworths Supermarket,Drinks,Prima Apple & Raspberry Fruit Drink 6x200ml,315759,$2.50,$2.08 / 1L,https://www.woolworths.com.au/shop/productdetails/315759/prima-apple-raspberry-fruit-drink,https://cdn0.woolworths.media/content/wowproductimages/medium/315759.jpg,2020-09-21 16:53:59,,0,Was $3.49 22/01/2018,True
a3c3154d-4dfb-49e8-a25b-e022d4713046,Woolworths Supermarket,Drinks,Prima Tropical Fruit Drink 6x200ml,315776,$2.50,$2.08 / 1L,https://www.woolworths.com.au/shop/productdetails/315776/prima-tropical-fruit-drink,https://cdn0.woolworths.media/content/wowproductimages/medium/315776.jpg,2020-09-21 16:53:59,,0,Was $3.49 22/01/2018,True
8742e0c7-9c58-4c79-bee1-ef79c47fb177,Woolworths Supermarket,Drinks,Just Juice Apple Juice 6x200ml,315777,$3.00,$2.50 / 1L,https://www.woolworths.com.au/shop/productdetails/315777/just-juice-apple-juice,https://cdn0.woolworths.media/content/wowproductimages/medium/315777.jpg,2020-09-21 16:53:59,,0,,True
0dcef5eb-6cfd-4738-a003-acf4d4cc32b3,Woolworths Supermarket,Drinks,Just Juice Apple & Blackcurrant Juice 6x200ml,315780,$3.00,$2.50 / 1L,https://www.woolworths.com.au/shop/productdetails/315780/just-juice-apple-blackcurrant-juice,https://cdn0.woolworths.media/content/wowproductimages/medium/315780.jpg,2020-09-21 16:53:59,,0,,True
a5a50c76-4b24-400c-a851-2e83cf28a41f,Woolworths Supermarket,Drinks,Just Juice Orange Juice 6x200ml,315784,$3.00,$2.50 / 1L,https://www.woolworths.com.au/shop/productdetails/315784/just-juice-orange-juice,https://cdn0.woolworths.media/content/wowproductimages/medium/315784.jpg,2020-09-21 16:53:59,,0,,True
6adb4667-e256-4f67-be61-7de845005551,Woolworths Supermarket,Drinks,Just Juice Paradise Punch 6x200ml,315797,$3.00,$2.50 / 1L,https://www.woolworths.com.au/shop/productdetails/315797/just-juice-paradise-punch,https://cdn0.woolworths.media/content/wowproductimages/medium/315797.jpg,2020-09-21 16:53:59,,0,,True
1f653991-0288-4f9c-ab30-ee7a53bba3d5,Woolworths Supermarket,Drinks,Kirks Creaming Soda Sugar Free Cans 10x375ml pack,317387,$5.00,$1.33 / 1L,https://www.woolworths.com.au/shop/productdetails/317387/kirks-creaming-soda-sugar-free-cans,https://cdn0.woolworths.media/content/wowproductimages/medium/317387.jpg,2020-09-21 16:53:59,,0,Was $9.05 14/05/2018,True
f1929b6b-748e-4c73-a6bf-453de4f69c9f,Woolworths Supermarket,Drinks,Lipton Ice Tea Mango 1.5l,317793,$3.79,$2.53 / 1L,https://www.woolworths.com.au/shop/productdetails/317793/lipton-ice-tea-mango,https://cdn0.woolworths.media/content/wowproductimages/medium/317793.jpg,2020-09-21 16:53:59,,0,2 for $6.00 $2.00/1L,True
90e19552-c953-4028-b610-bc0900a336fc,Woolworths Supermarket,Drinks,Preshafruit Cold Pressed Pink Lady Apple Juice 350ml,317953,$3.00,$8.57 / 1L,https://www.woolworths.com.au/shop/productdetails/317953/preshafruit-cold-pressed-pink-lady-apple-juice,https://cdn0.woolworths.media/content/wowproductimages/medium/317953.jpg,2020-09-21 16:53:59,,0,Was $3.50 12/05/2020,True
93d77c4c-82a5-4213-880b-a82072f69130,Woolworths Supermarket,Drinks,Twinings Green Tea Bags 150g,318680,$11.00,$0.11 / 1EA,https://www.woolworths.com.au/shop/productdetails/318680/twinings-green-tea-bags,https://cdn0.woolworths.media/content/wowproductimages/medium/318680.jpg,2020-09-21 16:53:59,,0,,True
fa175cfb-e509-47b7-bc40-b26c4e4d577a,Woolworths Supermarket,Drinks,Woolworths Cappucino Coffee Sachets 10 pack,319550,$3.25,$2.46 / 100G,https://www.woolworths.com.au/shop/productdetails/319550/woolworths-cappucino-coffee-sachets,https://cdn0.woolworths.media/content/wowproductimages/medium/319550.jpg,2020-09-21 16:53:59,,0,,True
fbe20dc1-7dbe-4cb9-8fe5-d016772192e4,Woolworths Supermarket,Drinks,Kirks Lemonade Sugar Free Cans 10x375ml pack,322924,$5.00,$1.33 / 1L,https://www.woolworths.com.au/shop/productdetails/322924/kirks-lemonade-sugar-free-cans,https://cdn0.woolworths.media/content/wowproductimages/medium/322924.jpg,2020-09-21 16:53:59,,0,Was $9.05 14/05/2018,True
c13b6fb8-53a9-42d0-8854-f1975ba0d92e,Woolworths Supermarket,Drinks,Woolworths Lime Cordial 750ml,323210,$3.00,$4.00 / 1L,https://www.woolworths.com.au/shop/productdetails/323210/woolworths-lime-cordial,https://cdn0.woolworths.media/content/wowproductimages/medium/323210.jpg,2020-09-21 16:53:59,Average product rating out of 5: 4.1. Product score is based on 674 ratings,674,,True
c6f6f221-d154-4234-bd6e-cd4e18350727,Woolworths Supermarket,Drinks,Select Lemon Cordial 750ml,323213,$3.00,$4.00 / 1L,https://www.woolworths.com.au/shop/productdetails/323213/select-lemon-cordial,https://cdn0.woolworths.media/content/wowproductimages/medium/323213.jpg,2020-09-21 16:53:59,Average product rating out of 5: 4.2. Product score is based on 665 ratings,665,,True
9e763a0f-d085-4c2d-9a89-4cd9a910080c,Woolworths Supermarket,Drinks,Woolworths Apple Raspberry Double Concentrate Cordial 1l,325185,$2.50,$2.50 / 1L,https://www.woolworths.com.au/shop/productdetails/325185/woolworths-apple-raspberry-double-concentrate-cordial,https://cdn0.woolworths.media/content/wowproductimages/medium/325185.jpg,2020-09-21 16:53:59,Average product rating out of 5: 4.2. Product score is based on 365 ratings,365,,True
d09ff660-3c0c-4ae0-8ed2-598ee2fb59a4,Woolworths Supermarket,Drinks,Pump Flavoured Water Lime Rush Bottle 750ml,325530,$3.45,$4.60 / 1L,https://www.woolworths.com.au/shop/productdetails/325530/pump-flavoured-water-lime-rush-bottle,https://cdn0.woolworths.media/content/wowproductimages/medium/325530.jpg,2020-09-21 16:53:59,,0,,True
e10e62af-746d-4a5d-80c6-f0e95d110bbb,Woolworths Supermarket,Drinks,Red Bull Energy Drink 473ml,327603,$4.40,$9.30 / 1L,https://www.woolworths.com.au/shop/productdetails/327603/red-bull-energy-drink,https://cdn0.woolworths.media/content/wowproductimages/medium/327603.jpg,2020-09-21 16:53:59,,0,,True
e2707b15-82f7-4be6-a0a7-f77fd15001eb,Woolworths Supermarket,Drinks,Monster Energy Drink 500ml,329812,$2.60,$5.20 / 1L,https://www.woolworths.com.au/shop/productdetails/329812/monster-energy-drink,https://cdn0.woolworths.media/content/wowproductimages/medium/329812.jpg,2020-09-21 16:53:59,,0,,True
85965544-4551-4990-8d70-cb13322da80b,Woolworths Supermarket,Drinks,Bickford's Lemon & Lime Bitters Cordial 750ml,331819,$4.00,$5.33 / 1L,https://www.woolworths.com.au/shop/productdetails/331819/bickford-s-lemon-lime-bitters-cordial,https://cdn0.woolworths.media/content/wowproductimages/medium/331819.jpg,2020-09-21 16:53:59,,0,,True
f3a0e7ab-8d33-434e-bc1b-1b971efa5ca5,Woolworths Supermarket,Drinks,Rockstar Guava Punched Energy Drink 500ml,332724,$2.00,$4.00 / 1L,https://www.woolworths.com.au/shop/productdetails/332724/rockstar-guava-punched-energy-drink,https://cdn0.woolworths.media/content/wowproductimages/medium/332724.jpg,2020-09-21 16:53:59,,0,,True
18d81cd0-d78e-4c2c-9033-afd893e5eb9d,Woolworths Supermarket,Drinks,Mount Franklin Lightly Sparkling Water Bottle 1.25l,332730,$2.00,$1.60 / 1L,https://www.woolworths.com.au/shop/productdetails/332730/mount-franklin-lightly-sparkling-water-bottle,https://cdn0.woolworths.media/content/wowproductimages/medium/332730.jpg,2020-09-21 16:53:59,,0,,True
89c32685-1041-409c-a0e8-d72c7c0cc331,Woolworths Supermarket,Drinks,Mount Franklin Lightly Sparkling Lemon 1.25l,332732,$2.00,$1.60 / 1L,https://www.woolworths.com.au/shop/productdetails/332732/mount-franklin-lightly-sparkling-lemon,https://cdn0.woolworths.media/content/wowproductimages/medium/332732.jpg,2020-09-21 16:53:59,,0,,True
88f74618-c555-42a3-8ca3-d1523fdab4f1,Woolworths Supermarket,Drinks,Mount Franklin Lightly Sparkling Water Bottle 450ml,333023,$2.75,$6.11 / 1L,https://www.woolworths.com.au/shop/productdetails/333023/mount-franklin-lightly-sparkling-water-bottle,https://cdn0.woolworths.media/content/wowproductimages/medium/333023.jpg,2020-09-21 16:53:59,,0,,True
b3e146fe-b27f-4c63-ba47-00dcc6295f53,Woolworths Supermarket,Drinks,Staminade Lemon & Lime Powder 585g,341051,$9.40,$1.61 / 100G,https://www.woolworths.com.au/shop/productdetails/341051/staminade-lemon-lime-powder,https://cdn0.woolworths.media/content/wowproductimages/medium/341051.jpg,2020-09-21 16:53:59,,0,,True
7f209395-b64b-4600-b018-f67a68695ff8,Woolworths Supermarket,Drinks,Lipton Ice Tea Raspberry 500ml,341057,$1.75,$3.50 / 1L,https://www.woolworths.com.au/shop/productdetails/341057/lipton-ice-tea-raspberry,https://cdn0.woolworths.media/content/wowproductimages/medium/341057.jpg,2020-09-21 16:53:59,,0,Was $2.49 05/03/2018,True
56f6419b-1b0d-4bef-9986-6796c54181fd,Woolworths Supermarket,Drinks,Lipton Ice Tea Raspberry 1.5l,341058,$3.79,$2.53 / 1L,https://www.woolworths.com.au/shop/productdetails/341058/lipton-ice-tea-raspberry,https://cdn0.woolworths.media/content/wowproductimages/medium/341058.jpg,2020-09-21 16:53:59,,0,2 for $6.00 $2.00/1L,True
7b79bcd6-5bef-405f-a8e0-20275476bf42,Woolworths Supermarket,Drinks,Moccona Freeze Dried Instant Coffee Mocha Kenya Style 200g,341164,$10.00,$5.00 / 100G,https://www.woolworths.com.au/shop/productdetails/341164/moccona-freeze-dried-instant-coffee-mocha-kenya-style,https://cdn0.woolworths.media/content/wowproductimages/medium/341164.jpg,2020-09-21 16:53:59,,0,,True
b0cc7784-92b6-4352-9885-bf2a923c0c2a,Woolworths Supermarket,Drinks,Moccona Freeze Dried Instant Coffee French Style 200g,341165,$10.00,$5.00 / 100G,https://www.woolworths.com.au/shop/productdetails/341165/moccona-freeze-dried-instant-coffee-french-style,https://cdn0.woolworths.media/content/wowproductimages/medium/341165.jpg,2020-09-21 16:53:59,,0,,True
9d717008-72b5-4733-a3ae-40239fe7936a,Woolworths Supermarket,Drinks,Moccona Freeze Dried Instant Coffee Espresso Style 200g,341166,$10.00,$5.00 / 100G,https://www.woolworths.com.au/shop/productdetails/341166/moccona-freeze-dried-instant-coffee-espresso-style,https://cdn0.woolworths.media/content/wowproductimages/medium/341166.jpg,2020-09-21 16:53:59,,0,,True
e53b6db6-8b78-435e-b0fc-b20a29a91ecd,Woolworths Supermarket,Drinks,Preshafruit Cold Pressed Pink Lady Apple Juice 1l,342720,$5.00,$5.00 / 1L,https://www.woolworths.com.au/shop/productdetails/342720/preshafruit-cold-pressed-pink-lady-apple-juice,https://cdn0.woolworths.media/content/wowproductimages/medium/342720.jpg,2020-09-21 16:53:59,,0,,True
951210ae-bcce-4975-bc6d-d1c819cdc35a,Woolworths Supermarket,Drinks,Republica Organic Instant Coffee 100% Pure Decaffeinated 100g,346896,$11.00,$11.00 / 100G,https://www.woolworths.com.au/shop/productdetails/346896/republica-organic-instant-coffee-100-pure-decaffeinated,https://cdn0.woolworths.media/content/wowproductimages/medium/346896.jpg,2020-09-21 16:53:59,,0,,True
1e199aee-bfd6-44dc-a2c6-bd286c378998,Woolworths Supermarket,Drinks,Woolworths Freeze Dried Coffee Original 100g,347032,$4.00,$4.00 / 100G,https://www.woolworths.com.au/shop/productdetails/347032/woolworths-freeze-dried-coffee-original,https://cdn0.woolworths.media/content/wowproductimages/medium/347032.jpg,2020-09-21 16:53:59,,0,,True
a1fa142f-ca18-4c60-bc2c-eef3bae54dce,Woolworths Supermarket,Drinks,Fever Tree Premium Indian Tonic Water 4x200ml,352019,$7.00,$8.75 / 1L,https://www.woolworths.com.au/shop/productdetails/352019/fever-tree-premium-indian-tonic-water,https://cdn0.woolworths.media/content/wowproductimages/medium/352019.jpg,2020-09-21 16:53:59,,0,,True
7b62991b-6895-45b5-8707-405162f4276b,Woolworths Supermarket,Drinks,Santa Vittoria Sparkling Mineral Water 750ml,352601,$1.50,$2.00 / 1L,https://www.woolworths.com.au/shop/productdetails/352601/santa-vittoria-sparkling-mineral-water,https://cdn0.woolworths.media/content/wowproductimages/medium/352601.jpg,2020-09-21 16:53:59,,0,,True
c3653a10-4929-4bb5-bbd1-9038265f4f3d,Woolworths Supermarket,Drinks,Boost Energy Lift 350ml,359115,$4.00,$11.43 / 1L,https://www.woolworths.com.au/shop/productdetails/359115/boost-energy-lift,https://cdn0.woolworths.media/content/wowproductimages/medium/359115.jpg,2020-09-21 16:53:59,,0,,True
8dcd3b34-d7c0-4817-9ffc-fa3099237878,Woolworths Supermarket,Drinks,Nudie Nothing But Oranges With Pulp 2l,359118,$8.00,$4.00 / 1L,https://www.woolworths.com.au/shop/productdetails/359118/nudie-nothing-but-oranges-with-pulp,https://cdn0.woolworths.media/content/wowproductimages/medium/359118.jpg,2020-09-21 16:53:59,,0,,True
ae156542-cfc2-4c3b-939a-f33550bf0938,Woolworths Supermarket,Drinks,Nudie 100% Apple Juice 2l,359119,$7.50,$3.75 / 1L,https://www.woolworths.com.au/shop/productdetails/359119/nudie-100-apple-juice,https://cdn0.woolworths.media/content/wowproductimages/medium/359119.jpg,2020-09-21 16:53:59,,0,,True
f34ac627-4a54-4adf-a7dc-e67f47ef2438,Woolworths Supermarket,Drinks,Robert Timms Instant Coffee Premium Full-bodied 500g,360276,$15.00,$3.00 / 100G,https://www.woolworths.com.au/shop/productdetails/360276/robert-timms-instant-coffee-premium-full-bodied,https://cdn0.woolworths.media/content/wowproductimages/medium/360276.jpg,2020-09-21 16:53:59,,0,,True
66254ab5-c6aa-49cf-b23a-70223e899415,Woolworths Supermarket,Drinks,Rockstar Energy Drink Guava Energy Drink 500ml x4 pack,361691,$10.00,$5.00 / 1L,https://www.woolworths.com.au/shop/productdetails/361691/rockstar-energy-drink-guava-energy-drink,https://cdn0.woolworths.media/content/wowproductimages/medium/361691.jpg,2020-09-21 16:53:59,,0,,True
85cda379-1004-4cca-a436-382a684c1a0d,Woolworths Supermarket,Drinks,Monster Energy Drink 4x500ml,361734,$11.70,$5.85 / 1L,https://www.woolworths.com.au/shop/productdetails/361734/monster-energy-drink,https://cdn0.woolworths.media/content/wowproductimages/medium/361734.jpg,2020-09-21 16:53:59,,0,,True
87d04fc3-d91a-4682-a0ae-1944b8c3a6a9,Woolworths Supermarket,Drinks,Ocean Spray Ruby Red Grapefruit Juice Drink 1.5l,362341,$5.70,$3.80 / 1L,https://www.woolworths.com.au/shop/productdetails/362341/ocean-spray-ruby-red-grapefruit-juice-drink,https://cdn0.woolworths.media/content/wowproductimages/medium/362341.jpg,2020-09-21 16:53:59,,0,,True
f9cacd5f-d86a-483b-84bb-003f1171e6c2,Woolworths Supermarket,Drinks,Cottee's Cordial Lime Coola 1l,362445,$3.75,$3.75 / 1L,https://www.woolworths.com.au/shop/productdetails/362445/cottee-s-cordial-lime-coola,https://cdn0.woolworths.media/content/wowproductimages/medium/362445.jpg,2020-09-21 16:53:59,,0,,True
3eafec83-2bc5-4d10-bbd0-3861674e9b7f,Woolworths Supermarket,Drinks,Cottee's Cordial Raspberry 1l,362446,$3.75,$3.75 / 1L,https://www.woolworths.com.au/shop/productdetails/362446/cottee-s-cordial-raspberry,https://cdn0.woolworths.media/content/wowproductimages/medium/362446.jpg,2020-09-21 16:53:59,,0,,True
5e84d4d4-8fb4-4d8f-96d8-e650f65a2ad2,Woolworths Supermarket,Drinks,Cottee's Cordial Pine Lime 1l,362449,$3.75,$3.75 / 1L,https://www.woolworths.com.au/shop/productdetails/362449/cottee-s-cordial-pine-lime,https://cdn0.woolworths.media/content/wowproductimages/medium/362449.jpg,2020-09-21 16:53:59,,0,,True
c0a95220-035a-49a9-8fbc-f55564822fc1,Woolworths Supermarket,Drinks,Cottee's Cordial Lime Coola No Added Sugar 1l,362454,$3.75,$3.75 / 1L,https://www.woolworths.com.au/shop/productdetails/362454/cottee-s-cordial-lime-coola-no-added-sugar,https://cdn0.woolworths.media/content/wowproductimages/medium/362454.jpg,2020-09-21 16:53:59,,0,,True
74c38514-41f8-4369-80df-93dc3a923a2d,Woolworths Supermarket,Drinks,Cottee's Cordial Orange 1l,362459,$3.75,$3.75 / 1L,https://www.woolworths.com.au/shop/productdetails/362459/cottee-s-cordial-orange,https://cdn0.woolworths.media/content/wowproductimages/medium/362459.jpg,2020-09-21 16:53:59,,0,,True
ac7164a0-c73c-45fc-8cb6-fc6ac5cb8bfd,Woolworths Supermarket,Drinks,Cottee's Cordial Fruit Cup 1l,362461,$3.75,$3.75 / 1L,https://www.woolworths.com.au/shop/productdetails/362461/cottee-s-cordial-fruit-cup,https://cdn0.woolworths.media/content/wowproductimages/medium/362461.jpg,2020-09-21 16:53:59,,0,,True
01716a1b-2a75-4a1c-9054-d5a45fbb201b,Woolworths Supermarket,Drinks,Cottee's Cordial Lemon 1l,362464,$3.75,$3.75 / 1L,https://www.woolworths.com.au/shop/productdetails/362464/cottee-s-cordial-lemon,https://cdn0.woolworths.media/content/wowproductimages/medium/362464.jpg,2020-09-21 16:53:59,,0,,True
1ce011b1-3638-4f1e-9ba0-38dd17fec231,Woolworths Supermarket,Drinks,Cottee's Cordial Orange No Added Sugar 1l,362475,$3.75,$3.75 / 1L,https://www.woolworths.com.au/shop/productdetails/362475/cottee-s-cordial-orange-no-added-sugar,https://cdn0.woolworths.media/content/wowproductimages/medium/362475.jpg,2020-09-21 16:53:59,,0,,True
ca49d531-3e9d-4bfc-a721-a5bbfea429fc,Woolworths Supermarket,Drinks,Cottee's Cordial Lemon No Added Sugar 1l,362477,$3.75,$3.75 / 1L,https://www.woolworths.com.au/shop/productdetails/362477/cottee-s-cordial-lemon-no-added-sugar,https://cdn0.woolworths.media/content/wowproductimages/medium/362477.jpg,2020-09-21 16:53:59,,0,,True
fa151bdf-3dac-4874-8351-44fd6c00b844,Woolworths Supermarket,Drinks,Cottee's Cordial Apple & Rasp No Added Sugar 1l,362478,$3.75,$3.75 / 1L,https://www.woolworths.com.au/shop/productdetails/362478/cottee-s-cordial-apple-rasp-no-added-sugar,https://cdn0.woolworths.media/content/wowproductimages/medium/362478.jpg,2020-09-21 16:53:59,,0,,True
52b9f68b-8de0-4979-b0bb-178486c4b06d,Woolworths Supermarket,Drinks,Oxfam Fair Organic Fair Trade Ground Africa Blend Coffee 250g,363085,$7.50,$3.00 / 100G,https://www.woolworths.com.au/shop/productdetails/363085/oxfam-fair-organic-fair-trade-ground-africa-blend-coffee,https://cdn0.woolworths.media/content/wowproductimages/medium/363085.jpg,2020-09-21 16:53:59,,0,,True
0c4978e4-8eaf-4364-8cd4-fdf01166f5f2,Woolworths Supermarket,Drinks,Mount Franklin Still Water Bottle 500ml x20 case,365023,$5.50,$0.55 / 1L,https://www.woolworths.com.au/shop/productdetails/365023/mount-franklin-still-water-bottle,https://cdn0.woolworths.media/content/wowproductimages/medium/365023.jpg,2020-09-21 16:53:59,,0,,True
20da7b2a-2e2e-4009-ac88-2401bce4f895,Woolworths Supermarket,Drinks,Bickford's Blueberry Juice Drink 1l,365244,$5.80,$5.80 / 1L,https://www.woolworths.com.au/shop/productdetails/365244/bickford-s-blueberry-juice-drink,https://cdn0.woolworths.media/content/wowproductimages/medium/365244.jpg,2020-09-21 16:53:59,,0,,True
932fd38d-2a91-4c59-bd51-8cb56415bbec,Woolworths Supermarket,Drinks,Powerade Berry Ice Powder 500g,369725,$11.85,$2.37 / 100G,https://www.woolworths.com.au/shop/productdetails/369725/powerade-berry-ice-powder,https://cdn0.woolworths.media/content/wowproductimages/medium/369725.jpg,2020-09-21 16:53:59,,0,,True
c572ed68-3050-49d9-a1b7-e59ead423739,Woolworths Supermarket,Drinks,Coca-cola Diet Soft Drink Multipack Cans 375ml x24 case,370757,$14.10,$1.57 / 1L,https://www.woolworths.com.au/shop/productdetails/370757/coca-cola-diet-soft-drink-multipack-cans,https://cdn0.woolworths.media/content/wowproductimages/medium/370757.jpg,2020-09-21 16:53:59,,0,,True
7e4bc4a3-7f8b-437d-b7cf-21f8f9e90191,Woolworths Supermarket,Drinks,Moccona Freeze Dried Instant Coffee Rich 200g,371037,$13.00,$6.50 / 100G,https://www.woolworths.com.au/shop/productdetails/371037/moccona-freeze-dried-instant-coffee-rich,https://cdn0.woolworths.media/content/wowproductimages/medium/371037.jpg,2020-09-21 16:53:59,,0,,True
9838247e-0574-459c-8cc1-188480c8cc45,Woolworths Supermarket,Drinks,Cocobella Cocobella Coconut Water & Mango 250ml,378393,$2.00,$8.00 / 1L,https://www.woolworths.com.au/shop/productdetails/378393/cocobella-cocobella-coconut-water-mango,https://cdn0.woolworths.media/content/wowproductimages/medium/378393.jpg,2020-09-21 16:53:59,,0,,True
69f913b2-613b-4d6c-82ef-8df0e6b6674c,Woolworths Supermarket,Drinks,Cocobella Cocobella Straight Up Coconut Water 250ml,379700,$2.00,$8.00 / 1L,https://www.woolworths.com.au/shop/productdetails/379700/cocobella-cocobella-straight-up-coconut-water,https://cdn0.woolworths.media/content/wowproductimages/medium/379700.jpg,2020-09-21 16:53:59,,0,,True
024b77eb-c086-4027-b356-9b9dfc08d5e7,Woolworths Supermarket,Drinks,Voss Still Water 800ml,382411,$4.00,$5.00 / 1L,https://www.woolworths.com.au/shop/productdetails/382411/voss-still-water,https://cdn0.woolworths.media/content/wowproductimages/medium/382411.jpg,2020-09-21 16:53:59,,0,,True
1ad2defa-ca06-49ad-aebc-4580f66c4fba,Woolworths Supermarket,Drinks,Voss Sparkling Water 375ml,382413,$3.00,$8.00 / 1L,https://www.woolworths.com.au/shop/productdetails/382413/voss-sparkling-water,https://cdn0.woolworths.media/content/wowproductimages/medium/382413.jpg,2020-09-21 16:53:59,,0,,True
41ccb2ae-83d4-412c-a94c-c048d5e3f72d,Woolworths Supermarket,Drinks,Voss Still Water 375ml,382414,$3.00,$8.00 / 1L,https://www.woolworths.com.au/shop/productdetails/382414/voss-still-water,https://cdn0.woolworths.media/content/wowproductimages/medium/382414.jpg,2020-09-21 16:53:59,,0,,True
beabf395-c8d3-4ed7-aa79-9ea988a28239,Woolworths Supermarket,Drinks,Queen Garnet Fruit Nectar Plum 250ml,419357,$5.00,$20.00 / 1L,https://www.woolworths.com.au/shop/productdetails/419357/queen-garnet-fruit-nectar-plum,https://cdn0.woolworths.media/content/wowproductimages/medium/419357.jpg,2020-09-21 16:53:59,,0,,True
e080fd1f-1017-432e-9910-c9a1277cbdf9,Woolworths Supermarket,Drinks,Powerade Mountain Blast 1.5l,423659,$3.75,$2.50 / 1L,https://www.woolworths.com.au/shop/productdetails/423659/powerade-mountain-blast,https://cdn0.woolworths.media/content/wowproductimages/medium/423659.jpg,2020-09-21 16:53:59,,0,Was $5.49 19/02/2018,True
15c89ff6-114a-4043-a9c7-e8842f48f857,Woolworths Supermarket,Drinks,Powerade Berry Ice 1.5l,423732,$3.75,$2.50 / 1L,https://www.woolworths.com.au/shop/productdetails/423732/powerade-berry-ice,https://cdn0.woolworths.media/content/wowproductimages/medium/423732.jpg,2020-09-21 16:53:59,,0,Was $5.49 19/02/2018,True
3174e7a5-8da0-429a-9285-c7ede41e8158,Woolworths Supermarket,Drinks,Ito En Matcha Green Tea Traditional 20 pack,426222,$6.00,$0.30 / 1EA,https://www.woolworths.com.au/shop/productdetails/426222/ito-en-matcha-green-tea-traditional,https://cdn0.woolworths.media/content/wowproductimages/medium/426222.jpg,2020-09-21 16:53:59,,0,,True
ddf9d4ff-d17b-42e2-ad33-8c4e1f179bd0,Woolworths Supermarket,Drinks,Fuze Ice Tea Mango 1.25l,427069,$3.20,$2.56 / 1L,https://www.woolworths.com.au/shop/productdetails/427069/fuze-ice-tea-mango,https://cdn0.woolworths.media/content/wowproductimages/medium/427069.jpg,2020-09-21 16:53:59,,0,,True
3cb347c7-f345-44d0-bab4-5c356e8f5163,Woolworths Supermarket,Drinks,Madura Organic English Breakfast Tea Bags 100ea,427868,$9.90,$0.10 / 1EA,https://www.woolworths.com.au/shop/productdetails/427868/madura-organic-english-breakfast-tea-bags,https://cdn0.woolworths.media/content/wowproductimages/medium/427868.jpg,2020-09-21 16:53:59,,0,,True
39cb1942-ec35-42f5-b9fe-f3fa4d957065,Woolworths Supermarket,Drinks,Madura Black Leaf Tea Organic 150g,427884,$5.95,$3.97 / 100G,https://www.woolworths.com.au/shop/productdetails/427884/madura-black-leaf-tea-organic,https://cdn0.woolworths.media/content/wowproductimages/medium/427884.jpg,2020-09-21 16:53:59,,0,,True
c42de4c1-314d-469c-8e38-94a1457d4d46,Woolworths Supermarket,Drinks,Madura Green Leaf Tea Organic 150g,427885,$5.95,$3.97 / 100G,https://www.woolworths.com.au/shop/productdetails/427885/madura-green-leaf-tea-organic,https://cdn0.woolworths.media/content/wowproductimages/medium/427885.jpg,2020-09-21 16:53:59,,0,,True
2e8ee5e0-6048-4619-a57a-0f68ef022399,Woolworths Supermarket,Drinks,Woolworths Fairtrade Nespresso Compatible Coffee Capsules Medium 10 pack,434917,$3.70,$0.37 / 1EA,https://www.woolworths.com.au/shop/productdetails/434917/woolworths-fairtrade-nespresso-compatible-coffee-capsules-medium,https://cdn0.woolworths.media/content/wowproductimages/medium/434917.jpg,2020-09-21 16:53:59,Average product rating out of 5: 3.8. Product score is based on 513 ratings,513,,True
b48e7493-5ab1-469c-a150-af99ff32d8c3,Woolworths Supermarket,Drinks,Woolworths Fairtrade Nespresso Compatible Coffee Capsules Strong 10 pack,434918,$3.70,$0.37 / 1EA,https://www.woolworths.com.au/shop/productdetails/434918/woolworths-fairtrade-nespresso-compatible-coffee-capsules-strong,https://cdn0.woolworths.media/content/wowproductimages/medium/434918.jpg,2020-09-21 16:53:59,Average product rating out of 5: 3.9. Product score is based on 446 ratings,446,,True
59d8aff1-88fa-4086-97f3-287fa8003f58,Woolworths Supermarket,Drinks,Woolworths Fairtrade Nespresso Compatible Coffee Capsules Intense 10 pack,434919,$3.70,$0.37 / 1EA,https://www.woolworths.com.au/shop/productdetails/434919/woolworths-fairtrade-nespresso-compatible-coffee-capsules-intense,https://cdn0.woolworths.media/content/wowproductimages/medium/434919.jpg,2020-09-21 16:53:59,Average product rating out of 5: 3.8. Product score is based on 431 ratings,431,,True
86d7cfd6-79cd-45fc-b945-df9fe3db4827,Woolworths Supermarket,Drinks,Woolworths Fairtrade Nespresso Compatible Coffee Capsules Decaffeinated 10 pack,435090,$3.70,$0.37 / 1EA,https://www.woolworths.com.au/shop/productdetails/435090/woolworths-fairtrade-nespresso-compatible-coffee-capsules-decaffeinated,https://cdn0.woolworths.media/content/wowproductimages/medium/435090.jpg,2020-09-21 16:53:59,Average product rating out of 5: 3.7. Product score is based on 449 ratings,449,,True
4c55a367-077c-4ba2-9bce-1d6b444dfabb,Woolworths Supermarket,Drinks,Pepsi Cans 10x375ml,442182,$6.00,$1.60 / 1L,https://www.woolworths.com.au/shop/productdetails/442182/pepsi-cans,https://cdn0.woolworths.media/content/wowproductimages/medium/442182.jpg,2020-09-21 16:53:59,,0,,True
499b791c-4f7c-4d6d-bd39-ea202b7a2002,Woolworths Supermarket,Drinks,Pepsi Max Cans 10x375ml,442190,$6.00,$1.60 / 1L,https://www.woolworths.com.au/shop/productdetails/442190/pepsi-max-cans,https://cdn0.woolworths.media/content/wowproductimages/medium/442190.jpg,2020-09-21 16:53:59,,0,,True
b9c995a6-0df8-48fd-8ed2-f482f38fa3d3,Woolworths Supermarket,Drinks,Nudie Nothing But Orange Double Pulp 2l,448581,$8.00,$4.00 / 1L,https://www.woolworths.com.au/shop/productdetails/448581/nudie-nothing-but-orange-double-pulp,https://cdn0.woolworths.media/content/wowproductimages/medium/448581.jpg,2020-09-21 16:53:59,,0,,True
d011a5d3-de48-44cc-9121-3a4fa7033f6a,Woolworths Supermarket,Drinks,Sodastream Syrup Diet Cola 440ml,454248,$5.00,$11.36 / 1L,https://www.woolworths.com.au/shop/productdetails/454248/sodastream-syrup-diet-cola,https://cdn0.woolworths.media/content/wowproductimages/medium/454248.jpg,2020-09-21 16:53:59,,0,,True
a1619908-24bc-4728-89d1-94d14dcc939d,Woolworths Supermarket,Drinks,Boost All Berry Bang Juice 1l,470766,$5.80,$5.80 / 1L,https://www.woolworths.com.au/shop/productdetails/470766/boost-all-berry-bang-juice,https://cdn0.woolworths.media/content/wowproductimages/medium/470766.jpg,2020-09-21 16:53:59,,0,,True
3cf04b21-c5b0-47b7-a35b-720d10e57b17,Woolworths Supermarket,Drinks,Golden Circle Fruit Juice Apple 6x200ml,477416,$3.00,$2.50 / 1L,https://www.woolworths.com.au/shop/productdetails/477416/golden-circle-fruit-juice-apple,https://cdn0.woolworths.media/content/wowproductimages/medium/477416.jpg,2020-09-21 16:53:59,,0,Was $4.49 12/02/2018,True
b329b2f1-5191-45c5-bfc6-df6dc77e7e13,Woolworths Supermarket,Drinks,Golden Circle Fruit Juice Apple Mango 6x200ml,477442,$3.00,$2.50 / 1L,https://www.woolworths.com.au/shop/productdetails/477442/golden-circle-fruit-juice-apple-mango,https://cdn0.woolworths.media/content/wowproductimages/medium/477442.jpg,2020-09-21 16:53:59,,0,Was $4.49 12/02/2018,True
1b30118f-f84b-4ffe-a4eb-59cc1acc6aa4,Woolworths Supermarket,Drinks,Bushells Powdered Coffee Classic 200g,478354,$6.00,$3.00 / 100G,https://www.woolworths.com.au/shop/productdetails/478354/bushells-powdered-coffee-classic,https://cdn0.woolworths.media/content/wowproductimages/medium/478354.jpg,2020-09-21 16:53:59,,0,,True
fe9c514f-d197-4f5a-89f6-21b4e8a1cfdc,Woolworths Supermarket,Drinks,Sunraysia Juice Pomegranate 1l,482845,$4.50,$4.50 / 1L,https://www.woolworths.com.au/shop/productdetails/482845/sunraysia-juice-pomegranate,https://cdn0.woolworths.media/content/wowproductimages/medium/482845.jpg,2020-09-21 16:53:59,,0,,True
d928a965-d94c-4c5c-b1f8-e7cd5f3e9716,Woolworths Supermarket,Drinks,Sunraysia Fruit Pouch Apple & Guava 200ml,483366,$1.30,$6.50 / 1L,https://www.woolworths.com.au/shop/productdetails/483366/sunraysia-fruit-pouch-apple-guava,https://cdn0.woolworths.media/content/wowproductimages/medium/483366.jpg,2020-09-21 16:53:59,,0,5 for $5.00 $5.00/1L,True
05df93e4-5624-49de-a4b8-dad6afc6d32d,Woolworths Supermarket,Drinks,Grinders Coffee Capsules Double Espresso Caffitaly System 10 pack,483609,$6.00,$0.60 / 1EA,https://www.woolworths.com.au/shop/productdetails/483609/grinders-coffee-capsules-double-espresso-caffitaly-system,https://cdn0.woolworths.media/content/wowproductimages/medium/483609.jpg,2020-09-21 16:53:59,,0,,True
0c5e5ee9-cd00-445e-9e44-8973a1f6fa76,Woolworths Supermarket,Drinks,V8 Vegetable Juice Healthy Greens 1.25l,485231,$3.50,$2.80 / 1L,https://www.woolworths.com.au/shop/productdetails/485231/v8-vegetable-juice-healthy-greens,https://cdn0.woolworths.media/content/wowproductimages/medium/485231.jpg,2020-09-21 16:53:59,,0,,True
b4ffdd02-50d9-41d2-8136-bbde9651443c,Woolworths Supermarket,Drinks,Monster Energy Ultra Zero 500ml single,489787,$2.60,$5.20 / 1L,https://www.woolworths.com.au/shop/productdetails/489787/monster-energy-ultra-zero,https://cdn0.woolworths.media/content/wowproductimages/medium/489787.jpg,2020-09-21 16:53:59,,0,,True
7ba7ffc0-e3d5-451c-b22e-0bb95768e922,Woolworths Supermarket,Drinks,Balance Water 1l bottle,500635,$2.00,$2.00 / 1L,https://www.woolworths.com.au/shop/productdetails/500635/balance-water,https://cdn0.woolworths.media/content/wowproductimages/medium/500635.jpg,2020-09-21 16:53:59,,0,Was $2.50 05/03/2018,True
f99ea123-7af1-442a-aa0e-156455a28a63,Woolworths Supermarket,Drinks,Voss Water 500ml,502739,$2.50,$5.00 / 1L,https://www.woolworths.com.au/shop/productdetails/502739/voss-water,https://cdn0.woolworths.media/content/wowproductimages/medium/502739.jpg,2020-09-21 16:53:59,,0,,True
5d1ba45c-a6fb-4f16-b27d-3f3295fdec6a,Woolworths Supermarket,Drinks,Alka Power Alkaline Water 1.5l bottle,507997,$3.50,$2.33 / 1L,https://www.woolworths.com.au/shop/productdetails/507997/alka-power-alkaline-water,https://cdn0.woolworths.media/content/wowproductimages/medium/507997.jpg,2020-09-21 16:53:59,,0,,True
7ad06eb7-f24c-4079-96b2-c154ce060d2e,Woolworths Supermarket,Drinks,Alka Power Alkaline Water 600ml bottle,508479,$2.00,$3.33 / 1L,https://www.woolworths.com.au/shop/productdetails/508479/alka-power-alkaline-water,https://cdn0.woolworths.media/content/wowproductimages/medium/508479.jpg,2020-09-21 16:53:59,,0,,True
1ba16eda-eb64-4eb9-a1e3-273465292065,Woolworths Supermarket,Drinks,Monster Energy Drink Ultra Zero 4x500ml pack,511504,$11.70,$5.85 / 1L,https://www.woolworths.com.au/shop/productdetails/511504/monster-energy-drink-ultra-zero,https://cdn0.woolworths.media/content/wowproductimages/medium/511504.jpg,2020-09-21 16:53:59,,0,,True
4533d183-cf19-49e4-be25-b7101db1d32c,Woolworths Supermarket,Drinks,Charlie's Lemonade Quencher Fresh Juice 2l,520218,$5.00,$2.50 / 1L,https://www.woolworths.com.au/shop/productdetails/520218/charlie-s-lemonade-quencher-fresh-juice,https://cdn0.woolworths.media/content/wowproductimages/medium/520218.jpg,2020-09-21 16:53:59,,0,Was $6.00 06/05/2019,True
5fdd6f95-2bd6-45a6-8d43-4393cc4abf8a,Woolworths Supermarket,Drinks,Charlie's Orange & Mango Quencher Fresh Juice 2l,522308,$5.00,$2.50 / 1L,https://www.woolworths.com.au/shop/productdetails/522308/charlie-s-orange-mango-quencher-fresh-juice,https://cdn0.woolworths.media/content/wowproductimages/medium/522308.jpg,2020-09-21 16:53:59,,0,Was $6.00 06/05/2019,True
2a150c39-2ddc-4419-87d1-c4fb047c22b5,Woolworths Supermarket,Drinks,Mojo Kombucha Ginger 450ml,523299,$4.00,$8.89 / 1L,https://www.woolworths.com.au/shop/productdetails/523299/mojo-kombucha-ginger,https://cdn0.woolworths.media/content/wowproductimages/medium/523299.jpg,2020-09-21 16:53:59,,0,Was $4.30 28/01/2018,True
0bf40a87-0e80-4f88-94e3-a65a42e7ff41,Woolworths Supermarket,Drinks,Woolworths 100% Pure Coconut Water 1l,546615,$3.20,$3.20 / 1L,https://www.woolworths.com.au/shop/productdetails/546615/woolworths-100-pure-coconut-water,https://cdn0.woolworths.media/content/wowproductimages/medium/546615.jpg,2020-09-21 16:53:59,Average product rating out of 5: 3.8. Product score is based on 48 ratings,48,Was $3.50 10/10/2017,True
1cf8930b-147a-4ea2-a3d0-7b6821fa4b8c,Woolworths Supermarket,Drinks,Woolworths 100% Pure Coconut Water 4x1l,546840,$10.00,$2.50 / 1L,https://www.woolworths.com.au/shop/productdetails/546840/woolworths-100-pure-coconut-water,https://cdn0.woolworths.media/content/wowproductimages/medium/546840.jpg,2020-09-21 16:53:59,,0,,True
faf463e0-6550-4272-aef7-9b8b5a18c5c2,Woolworths Supermarket,Drinks,Coca-cola Vanilla Soft Drink Mini Cans 8x200ml pack,549166,$6.00,$3.75 / 1L,https://www.woolworths.com.au/shop/productdetails/549166/coca-cola-vanilla-soft-drink-mini-cans,https://cdn0.woolworths.media/content/wowproductimages/medium/549166.jpg,2020-09-21 16:53:59,,0,Was $8.30 23/04/2018,True
94b52ac0-1e3a-4d9f-92ba-6be1e11adbad,Woolworths Supermarket,Drinks,Coca-cola Diet Soft Drink Multipack Cans Caffeine Free 10x375ml pack,549551,$12.30,$3.28 / 1L,https://www.woolworths.com.au/shop/productdetails/549551/coca-cola-diet-soft-drink-multipack-cans-caffeine-free,https://cdn0.woolworths.media/content/wowproductimages/medium/549551.jpg,2020-09-21 16:53:59,,0,,True
560bc2f7-fd1c-4a15-8e77-f50f69bf5c0e,Woolworths Supermarket,Drinks,Nescafe Coffee Sachets Mocha 26pk,549621,$11.00,$0.42 / 1EA,https://www.woolworths.com.au/shop/productdetails/549621/nescafe-coffee-sachets-mocha,https://cdn0.woolworths.media/content/wowproductimages/medium/549621.jpg,2020-09-21 16:53:59,,0,,True
93681667-6c02-420a-9363-39b681310ad3,Woolworths Supermarket,Drinks,Nescafe Coffee Sachets Strong 26pk,549624,$11.00,$0.42 / 1EA,https://www.woolworths.com.au/shop/productdetails/549624/nescafe-coffee-sachets-strong,https://cdn0.woolworths.media/content/wowproductimages/medium/549624.jpg,2020-09-21 16:53:59,,0,,True
95edb2b8-7e33-43e6-aaf4-317fd25ef02a,Woolworths Supermarket,Drinks,Nescafe Coffee Sachets Skim Cappucino 26pk,549626,$11.00,$0.42 / 1EA,https://www.woolworths.com.au/shop/productdetails/549626/nescafe-coffee-sachets-skim-cappucino,https://cdn0.woolworths.media/content/wowproductimages/medium/549626.jpg,2020-09-21 16:53:59,,0,,True
4df19855-72bb-4c4d-8353-ff390b6d9591,Woolworths Supermarket,Drinks,Lavazza Deciso Coffee Capsules 10 pack,551867,$6.00,$0.60 / 1EA,https://www.woolworths.com.au/shop/productdetails/551867/lavazza-deciso-coffee-capsules,https://cdn0.woolworths.media/content/wowproductimages/medium/551867.jpg,2020-09-21 16:53:59,,0,,True
233d9092-e2f1-46e0-97fc-60e29a34ac75,Woolworths Supermarket,Drinks,Lavazza Prontissimo! Intenso Premium Instant Coffee 95g,551886,$10.00,$10.53 / 100G,https://www.woolworths.com.au/shop/productdetails/551886/lavazza-prontissimo-intenso-premium-instant-coffee,https://cdn0.woolworths.media/content/wowproductimages/medium/551886.jpg,2020-09-21 16:53:59,,0,,True
fd046403-3e39-4e9a-abac-9188f818795c,Woolworths Supermarket,Drinks,Lavazza A Modo Mio Delizioso Coffee Capsules 16 pack,554677,$11.00,$0.69 / 1EA,https://www.woolworths.com.au/shop/productdetails/554677/lavazza-a-modo-mio-delizioso-coffee-capsules,https://cdn0.woolworths.media/content/wowproductimages/medium/554677.jpg,2020-09-21 16:53:59,,0,,True
b776debd-9c7d-47ff-bfad-47f8c5ddc5e2,Woolworths Supermarket,Drinks,Lavazza A Modo Mio Passionale Coffee Capsules 16 pack,554892,$11.00,$0.69 / 1EA,https://www.woolworths.com.au/shop/productdetails/554892/lavazza-a-modo-mio-passionale-coffee-capsules,https://cdn0.woolworths.media/content/wowproductimages/medium/554892.jpg,2020-09-21 16:53:59,,0,,True
7e2b8d78-739e-41e3-9de9-b9743749b35f,Woolworths Supermarket,Drinks,Woolworths English Breakfast Tea 50 pack,559267,$2.20,$0.04 / 1EA,https://www.woolworths.com.au/shop/productdetails/559267/woolworths-english-breakfast-tea,https://cdn0.woolworths.media/content/wowproductimages/medium/559267.jpg,2020-09-21 16:53:59,Average product rating out of 5: 4.1. Product score is based on 409 ratings,409,,True
e0c5952f-7e44-4f96-8868-3990dcdb48dd,Woolworths Supermarket,Drinks,Woolworths Lightly Sparkling Spring Water 20 pack,561890,$9.00,$0.90 / 1L,https://www.woolworths.com.au/shop/productdetails/561890/woolworths-lightly-sparkling-spring-water,https://cdn0.woolworths.media/content/wowproductimages/medium/561890.jpg,2020-09-21 16:53:59,,0,,True
7673d014-bd63-4162-be10-e64a7979ef56,Woolworths Supermarket,Drinks,Vitasoy Protein Plus Unsweetened Soy Milk 1l,564472,$3.00,$3.00 / 1L,https://www.woolworths.com.au/shop/productdetails/564472/vitasoy-protein-plus-unsweetened-soy-milk,https://cdn0.woolworths.media/content/wowproductimages/medium/564472.jpg,2020-09-21 16:53:59,,0,,True
52f76ca6-6139-4b4f-a8dc-5322c859c6e7,Woolworths Supermarket,Drinks,Remedy Kombucha Ginger Lemon 330ml,571601,$4.00,$12.12 / 1L,https://www.woolworths.com.au/shop/productdetails/571601/remedy-kombucha-ginger-lemon,https://cdn0.woolworths.media/content/wowproductimages/medium/571601.jpg,2020-09-21 16:53:59,,0,,True
e2e7ae0e-1e4f-41f9-b3fe-a51cad7e030a,Woolworths Supermarket,Drinks,Diet Rite Cordial Fruit Cocktail 1l,574762,$3.00,$3.00 / 1L,https://www.woolworths.com.au/shop/productdetails/574762/diet-rite-cordial-fruit-cocktail,https://cdn0.woolworths.media/content/wowproductimages/medium/574762.jpg,2020-09-21 16:53:59,,0,Was $3.50 21/05/2018,True
d8f4b694-b27b-497b-9797-de4536151946,Woolworths Supermarket,Drinks,Diet Rite Cordial Apple Raspberry 1l,574763,$3.00,$3.00 / 1L,https://www.woolworths.com.au/shop/productdetails/574763/diet-rite-cordial-apple-raspberry,https://cdn0.woolworths.media/content/wowproductimages/medium/574763.jpg,2020-09-21 16:53:59,,0,Was $3.50 21/05/2018,True
efbeda60-562c-409f-9aa5-2ad212f33eaf,Woolworths Supermarket,Drinks,Tetley Tagless Tea Bags 100 pack,574769,$3.30,$0.03 / 1EA,https://www.woolworths.com.au/shop/productdetails/574769/tetley-tagless-tea-bags,https://cdn0.woolworths.media/content/wowproductimages/medium/574769.jpg,2020-09-21 16:53:59,,0,Was $4.80 04/09/2017,True
48bfb96e-38ab-4a6b-b762-5444fa94701f,Woolworths Supermarket,Drinks,Diet Rite Cordial Lime 1l,574781,$3.00,$3.00 / 1L,https://www.woolworths.com.au/shop/productdetails/574781/diet-rite-cordial-lime,https://cdn0.woolworths.media/content/wowproductimages/medium/574781.jpg,2020-09-21 16:53:59,,0,Was $3.50 21/05/2018,True
5e8e3035-c29f-420b-8879-23ad8a7e28d2,Woolworths Supermarket,Drinks,Tetley Tea Bags 100 pack,574821,$3.30,$0.03 / 1EA,https://www.woolworths.com.au/shop/productdetails/574821/tetley-tea-bags,https://cdn0.woolworths.media/content/wowproductimages/medium/574821.jpg,2020-09-21 16:53:59,,0,,True
e5a483b6-8bbe-4aeb-a420-98eefbaf7763,Woolworths Supermarket,Drinks,Tetley Tagless Tea Bags 200 pack,574822,$6.00,$0.03 / 1EA,https://www.woolworths.com.au/shop/productdetails/574822/tetley-tagless-tea-bags,https://cdn0.woolworths.media/content/wowproductimages/medium/574822.jpg,2020-09-21 16:53:59,,0,Was $7.50 04/09/2017,True
e39f8ea4-9868-41d6-b6d5-8b0b64141ee5,Woolworths Supermarket,Drinks,Tetley Extra Strong Tea Bags 100 pack,574823,$4.00,$0.04 / 1EA,https://www.woolworths.com.au/shop/productdetails/574823/tetley-extra-strong-tea-bags,https://cdn0.woolworths.media/content/wowproductimages/medium/574823.jpg,2020-09-21 16:53:59,,0,Was $5.30 04/09/2017,True
d7a40c4a-0bd8-4586-ad84-3c02201c81fa,Woolworths Supermarket,Drinks,Golden Circle Cordial Apple Peach Lychee 2l,574824,$3.00,$1.50 / 1L,https://www.woolworths.com.au/shop/productdetails/574824/golden-circle-cordial-apple-peach-lychee,https://cdn0.woolworths.media/content/wowproductimages/medium/574824.jpg,2020-09-21 16:53:59,,0,Was $4.00 02/01/2017,True
17d41947-9ab8-469c-82fb-b0c363d227c9,Woolworths Supermarket,Drinks,Buderim Cordial Ginger Reduced Sugar 750ml,574873,$3.60,$4.80 / 1L,https://www.woolworths.com.au/shop/productdetails/574873/buderim-cordial-ginger-reduced-sugar,https://cdn0.woolworths.media/content/wowproductimages/medium/574873.jpg,2020-09-21 16:53:59,,0,,True
02703175-bd1b-4b62-bc32-c5887b169832,Woolworths Supermarket,Drinks,Twinings Morning Tea 100 pack,575832,$11.00,$0.11 / 1EA,https://www.woolworths.com.au/shop/productdetails/575832/twinings-morning-tea,https://cdn0.woolworths.media/content/wowproductimages/medium/575832.jpg,2020-09-21 16:53:59,,0,,True
2d555840-379b-41b1-a052-6c2de57b63fe,Woolworths Supermarket,Drinks,Australia's Own Unsweetened Coconut Milk 1l,575869,$2.80,$2.80 / 1L,https://www.woolworths.com.au/shop/productdetails/575869/australia-s-own-unsweetened-coconut-milk,https://cdn0.woolworths.media/content/wowproductimages/medium/575869.jpg,2020-09-21 16:53:59,,0,Was $3.80 30/10/2017,True
658e7ab1-4485-4bb7-b032-da235e9f6011,Woolworths Supermarket,Drinks,Taylors Of Harrogate Yorkshire Extra Strong Tea Bags 100 pack,576100,$6.00,$0.06 / 1EA,https://www.woolworths.com.au/shop/productdetails/576100/taylors-of-harrogate-yorkshire-extra-strong-tea-bags,https://cdn0.woolworths.media/content/wowproductimages/medium/576100.jpg,2020-09-21 16:53:59,,0,,True
d1c8c4a0-15ed-4da6-ae03-7af0126f3f60,Woolworths Supermarket,Drinks,Pepsi Max Vanilla Bottle 2l,580913,$2.00,$1.00 / 1L,https://www.woolworths.com.au/shop/productdetails/580913/pepsi-max-vanilla-bottle,https://cdn0.woolworths.media/content/wowproductimages/medium/580913.jpg,2020-09-21 16:53:59,,0,Was $3.10 12/04/2016,True
fe90d5e9-a04f-499b-9cb7-c587eb320ac4,Woolworths Supermarket,Drinks,Lipton Quality Black Tea Bags 200 pack,587903,$7.50,$0.04 / 1EA,https://www.woolworths.com.au/shop/productdetails/587903/lipton-quality-black-tea-bags,https://cdn0.woolworths.media/content/wowproductimages/medium/587903.jpg,2020-09-21 16:53:59,,0,,True
9afcd6ad-a1b5-48a5-b3e4-e46737bb7232,Woolworths Supermarket,Drinks,Lipton Quality Black Tea Bags 100 pack,587911,$5.00,$0.05 / 1EA,https://www.woolworths.com.au/shop/productdetails/587911/lipton-quality-black-tea-bags,https://cdn0.woolworths.media/content/wowproductimages/medium/587911.jpg,2020-09-21 16:53:59,,0,,True
73912180-ed97-4a67-ba2a-b261e7b2d5e2,Woolworths Supermarket,Drinks,Red Bull Energy Drink Sugar Free 6x250ml,589555,$10.50,$7.00 / 1L,https://www.woolworths.com.au/shop/productdetails/589555/red-bull-energy-drink-sugar-free,https://cdn0.woolworths.media/content/wowproductimages/medium/589555.jpg,2020-09-21 16:53:59,,0,Was $12.00 08/08/2018,True
3e16ffaf-47cd-4b9e-9986-87f19b643c9c,Woolworths Supermarket,Drinks,Lipton Quality Black Tea 25 pack,591358,$2.20,$0.09 / 1EA,https://www.woolworths.com.au/shop/productdetails/591358/lipton-quality-black-tea,https://cdn0.woolworths.media/content/wowproductimages/medium/591358.jpg,2020-09-21 16:53:59,,0,,True
8de39469-63dc-405d-a06e-a72b745528b1,Woolworths Supermarket,Drinks,Evian Natural Mineral Water 1.25l,594861,$3.60,$2.88 / 1L,https://www.woolworths.com.au/shop/productdetails/594861/evian-natural-mineral-water,https://cdn0.woolworths.media/content/wowproductimages/medium/594861.jpg,2020-09-21 16:53:59,,0,,True
78ebb18d-acc7-4ce5-8a96-3dff357a52e9,Woolworths Supermarket,Drinks,Gatorade G-active Electrolyte Water Orange Flavoured No Sugar 600ml,594952,$3.40,$5.67 / 1L,https://www.woolworths.com.au/shop/productdetails/594952/gatorade-g-active-electrolyte-water-orange-flavoured-no-sugar,https://cdn0.woolworths.media/content/wowproductimages/medium/594952.jpg,2020-09-21 16:53:59,,0,,True
d8360521-4e65-4b10-b392-e4f25e8fb974,Woolworths Supermarket,Drinks,Gatorade G-active Electrolyte Water Berry Flavoured No Sugar 600ml,594960,$3.40,$5.67 / 1L,https://www.woolworths.com.au/shop/productdetails/594960/gatorade-g-active-electrolyte-water-berry-flavoured-no-sugar,https://cdn0.woolworths.media/content/wowproductimages/medium/594960.jpg,2020-09-21 16:53:59,,0,,True
fa59b129-7ed2-4510-aa48-bdb659b6621d,Woolworths Supermarket,Drinks,Gatorade G-active Electrolyte Water Lemon Flavoured No Sugar 600ml,594961,$3.40,$5.67 / 1L,https://www.woolworths.com.au/shop/productdetails/594961/gatorade-g-active-electrolyte-water-lemon-flavoured-no-sugar,https://cdn0.woolworths.media/content/wowproductimages/medium/594961.jpg,2020-09-21 16:53:59,,0,,True
5359c248-9c05-4b9c-8d38-d72eb8d59efa,Woolworths Supermarket,Drinks,Pureau Pure Water 2l,594964,$2.60,$1.30 / 1L,https://www.woolworths.com.au/shop/productdetails/594964/pureau-pure-water,https://cdn0.woolworths.media/content/wowproductimages/medium/594964.jpg,2020-09-21 16:53:59,,0,,True
62cf58ef-58ef-47e3-8ac6-90588ba614c3,Woolworths Supermarket,Drinks,Almond Breeze Barista Blend Blue Diamond 1l,601864,$3.00,$3.00 / 1L,https://www.woolworths.com.au/shop/productdetails/601864/almond-breeze-barista-blend-blue-diamond,https://cdn0.woolworths.media/content/wowproductimages/medium/601864.jpg,2020-09-21 16:53:59,,0,,True
5c815094-3241-48c0-bf19-b0a4020e4336,Woolworths Supermarket,Drinks,L'or Espresso Ristretto Coffee Capsule 10 pack,603799,$4.50,$0.45 / 1EA,https://www.woolworths.com.au/shop/productdetails/603799/l-or-espresso-ristretto-coffee-capsule,https://cdn0.woolworths.media/content/wowproductimages/medium/603799.jpg,2020-09-21 16:53:59,,0,,True
92bb4c09-4e48-40aa-9870-32a4913b4517,Woolworths Supermarket,Drinks,L'or Espresso Onyx Coffee Capsule 10 pack,603805,$4.50,$0.45 / 1EA,https://www.woolworths.com.au/shop/productdetails/603805/l-or-espresso-onyx-coffee-capsule,https://cdn0.woolworths.media/content/wowproductimages/medium/603805.jpg,2020-09-21 16:53:59,,0,,True
11368705-5dc4-4cee-985a-6fc31ac1a9d9,Woolworths Supermarket,Drinks,L'or Espresso Supremo Coffee Capsule 10 pack,603806,$4.50,$0.45 / 1EA,https://www.woolworths.com.au/shop/productdetails/603806/l-or-espresso-supremo-coffee-capsule,https://cdn0.woolworths.media/content/wowproductimages/medium/603806.jpg,2020-09-21 16:53:59,,0,,True
d980fe6c-cc36-41d9-8068-dd09e13975ad,Woolworths Supermarket,Drinks,L'or Espresso Sontuoso Coffee Capsule 10 pack,603807,$4.50,$0.45 / 1EA,https://www.woolworths.com.au/shop/productdetails/603807/l-or-espresso-sontuoso-coffee-capsule,https://cdn0.woolworths.media/content/wowproductimages/medium/603807.jpg,2020-09-21 16:53:59,,0,,True
d7172af4-b3eb-4069-bb38-63db49d081e5,Woolworths Supermarket,Drinks,L'or Espresso Or Absolu Coffee Capsules 10 pack,604170,$4.50,$0.45 / 1EA,https://www.woolworths.com.au/shop/productdetails/604170/l-or-espresso-or-absolu-coffee-capsules,https://cdn0.woolworths.media/content/wowproductimages/medium/604170.jpg,2020-09-21 16:53:59,,0,,True
9a55538f-5f1f-4ae1-9e59-0122a4e31250,Woolworths Supermarket,Drinks,L'or Espresso Lungo Profondo Coffee Capsules 10 pack,604171,$4.50,$0.45 / 1EA,https://www.woolworths.com.au/shop/productdetails/604171/l-or-espresso-lungo-profondo-coffee-capsules,https://cdn0.woolworths.media/content/wowproductimages/medium/604171.jpg,2020-09-21 16:53:59,,0,,True
7d328b2a-81ed-4af8-8e35-527e740d577c,Woolworths Supermarket,Drinks,L'or Espresso Papua Coffee Capsule 10 pack,604173,$4.50,$0.45 / 1EA,https://www.woolworths.com.au/shop/productdetails/604173/l-or-espresso-papua-coffee-capsule,https://cdn0.woolworths.media/content/wowproductimages/medium/604173.jpg,2020-09-21 16:53:59,,0,,True
e26e5ce9-0784-436d-a833-404fa7e9b037,Woolworths Supermarket,Drinks,L'or Espresso Colombia Coffee Capsule 10 pack,604174,$4.50,$0.45 / 1EA,https://www.woolworths.com.au/shop/productdetails/604174/l-or-espresso-colombia-coffee-capsule,https://cdn0.woolworths.media/content/wowproductimages/medium/604174.jpg,2020-09-21 16:53:59,,0,,True
7f068e4a-04fb-40f2-b427-c47afa383cf9,Woolworths Supermarket,Drinks,Essentials Black Tea Bags 100 pack,617101,$1.90,$0.02 / 1EA,https://www.woolworths.com.au/shop/productdetails/617101/essentials-black-tea-bags,https://cdn0.woolworths.media/content/wowproductimages/medium/617101.jpg,2020-09-21 16:53:59,,0,,True
10f30a9e-b6a6-4ec4-88e6-49c6423b15ec,Woolworths Supermarket,Drinks,Bickford's Cranberry Juice Drink 1l,620603,$5.20,$5.20 / 1L,https://www.woolworths.com.au/shop/productdetails/620603/bickford-s-cranberry-juice-drink,https://cdn0.woolworths.media/content/wowproductimages/medium/620603.jpg,2020-09-21 16:53:59,,0,,True
8e6c5264-91db-4ff4-b2d6-77f851e67c5c,Woolworths Supermarket,Drinks,Coca-cola No Sugar Soft Drink Bottle 600ml,623033,$3.00,$5.00 / 1L,https://www.woolworths.com.au/shop/productdetails/623033/coca-cola-no-sugar-soft-drink-bottle,https://cdn0.woolworths.media/content/wowproductimages/medium/623033.jpg,2020-09-21 16:53:59,,0,,True
ed997405-7a76-491f-b377-858ba023f371,Woolworths Supermarket,Drinks,Coca-cola No Sugar Can 250ml,623069,$2.10,$8.40 / 1L,https://www.woolworths.com.au/shop/productdetails/623069/coca-cola-no-sugar-can,https://cdn0.woolworths.media/content/wowproductimages/medium/623069.jpg,2020-09-21 16:53:59,,0,,True
54ad644f-2f31-4ed8-a29e-7fbb51e6b628,Woolworths Supermarket,Drinks,Mojo Kombucha Passionfruit 450ml,624106,$4.00,$8.89 / 1L,https://www.woolworths.com.au/shop/productdetails/624106/mojo-kombucha-passionfruit,https://cdn0.woolworths.media/content/wowproductimages/medium/624106.jpg,2020-09-21 16:53:59,,0,Was $4.30 28/01/2018,True
f162f7ea-33a6-4c21-a2ae-4f71cb5f7d50,Woolworths Supermarket,Drinks,Remedy Kombucha Raspberry Lemonade 330ml,624289,$4.00,$12.12 / 1L,https://www.woolworths.com.au/shop/productdetails/624289/remedy-kombucha-raspberry-lemonade,https://cdn0.woolworths.media/content/wowproductimages/medium/624289.jpg,2020-09-21 16:53:59,,0,,True
7c0a4928-92c2-4a61-814d-212d8909b0a5,Woolworths Supermarket,Drinks,Pure Tassie Organic Apple Fresh Juice 1.5l,625986,$5.50,$3.67 / 1L,https://www.woolworths.com.au/shop/productdetails/625986/pure-tassie-organic-apple-fresh-juice,https://cdn0.woolworths.media/content/wowproductimages/medium/625986.jpg,2020-09-21 16:53:59,,0,,True
dd3dfdac-4983-4e0a-ae50-0611a1391806,Woolworths Supermarket,Drinks,Impressed Cold Pressed Jack Rose Juice 325ml,629052,$3.50,$10.77 / 1L,https://www.woolworths.com.au/shop/productdetails/629052/impressed-cold-pressed-jack-rose-juice,https://cdn0.woolworths.media/content/wowproductimages/medium/629052.jpg,2020-09-21 16:53:59,,0,,True
5f3f8cc3-8941-4641-acda-161ae8543c68,Woolworths Supermarket,Drinks,Impressed Cold Pressed Ginger Ninja Juice 1l,629484,$5.00,$5.00 / 1L,https://www.woolworths.com.au/shop/productdetails/629484/impressed-cold-pressed-ginger-ninja-juice,https://cdn0.woolworths.media/content/wowproductimages/medium/629484.jpg,2020-09-21 16:53:59,,0,Was $6 12/06/2019,True
3cfaf9a6-10ea-4c60-b44f-306ae7715b6a,Woolworths Supermarket,Drinks,Preshafruit Cold Pressed Apple & Raspberry 1l,629648,$5.00,$5.00 / 1L,https://www.woolworths.com.au/shop/productdetails/629648/preshafruit-cold-pressed-apple-raspberry,https://cdn0.woolworths.media/content/wowproductimages/medium/629648.jpg,2020-09-21 16:53:59,,0,,True
2ef4c965-57ea-4de7-93e7-878c87abf43b,Woolworths Supermarket,Drinks,Raw C Coconut Water 2l,630643,$6.00,$3.00 / 1L,https://www.woolworths.com.au/shop/productdetails/630643/raw-c-coconut-water,https://cdn0.woolworths.media/content/wowproductimages/medium/630643.jpg,2020-09-21 16:53:59,,0,Was $7.00 12/02/2018,True
e76fc9a9-3172-435e-b7af-715ea77b5195,Woolworths Supermarket,Drinks,Woolworths Kids Chocolate Flavoured Milk 250ml,630945,$1.50,$6.00 / 1L,https://www.woolworths.com.au/shop/productdetails/630945/woolworths-kids-chocolate-flavoured-milk,https://cdn0.woolworths.media/content/wowproductimages/medium/630945.jpg,2020-09-21 16:53:59,Average product rating out of 5: 4.5. Product score is based on 529 ratings,529,,True
5dd97e7e-fd6e-4225-a2e6-d9c5ce239e24,Woolworths Supermarket,Drinks,Woolworths Kids Strawberry Flavoured Milk 250ml,630946,$1.50,$6.00 / 1L,https://www.woolworths.com.au/shop/productdetails/630946/woolworths-kids-strawberry-flavoured-milk,https://cdn0.woolworths.media/content/wowproductimages/medium/630946.jpg,2020-09-21 16:53:59,Average product rating out of 5: 4.2. Product score is based on 447 ratings,447,,True
b984c48f-ad60-4263-9321-2e21ff152a8c,Woolworths Supermarket,Drinks,Schweppes Indian Tonic Water Zero Sugar 1.1l,634274,$1.70,$1.55 / 1L,https://www.woolworths.com.au/shop/productdetails/634274/schweppes-indian-tonic-water-zero-sugar,https://cdn0.woolworths.media/content/wowproductimages/medium/634274.jpg,2020-09-21 16:53:59,,0,,True
fbcf8015-e85b-4d7c-959e-c9b3ae772298,Woolworths Supermarket,Drinks,Schweppes Indian Tonic Water 1.1l,634277,$1.70,$1.55 / 1L,https://www.woolworths.com.au/shop/productdetails/634277/schweppes-indian-tonic-water,https://cdn0.woolworths.media/content/wowproductimages/medium/634277.jpg,2020-09-21 16:53:59,,0,,True
71ae2f38-51c8-44fe-a02c-8a572c0ecad3,Woolworths Supermarket,Drinks,Schweppes Lime Soda Water Lime 1.1l,634281,$1.70,$1.55 / 1L,https://www.woolworths.com.au/shop/productdetails/634281/schweppes-lime-soda-water-lime,https://cdn0.woolworths.media/content/wowproductimages/medium/634281.jpg,2020-09-21 16:53:59,,0,,True
067026c5-f7a1-47f3-ba76-e3cd432648d6,Woolworths Supermarket,Drinks,Schweppes Natural Mineral Water Apple & Cranberry 1.1l,634286,$1.70,$1.55 / 1L,https://www.woolworths.com.au/shop/productdetails/634286/schweppes-natural-mineral-water-apple-cranberry,https://cdn0.woolworths.media/content/wowproductimages/medium/634286.jpg,2020-09-21 16:53:59,,0,,True
fd597da8-2edf-49e2-9332-25c10d11ea22,Woolworths Supermarket,Drinks,Schweppes Natural Mineral Water Natural 1.1l,634292,,,https://www.woolworths.com.au/shop/productdetails/634292/schweppes-natural-mineral-water-natural,https://cdn0.woolworths.media/content/wowproductimages/medium/634292.jpg,2020-09-21 16:53:59,,0,,False
0a24f93e-4d5a-4450-963f-b9002410574c,Woolworths Supermarket,Drinks,Schweppes Natural Mineral Water Lemon & Lime 1.1l,634293,$1.70,$1.55 / 1L,https://www.woolworths.com.au/shop/productdetails/634293/schweppes-natural-mineral-water-lemon-lime,https://cdn0.woolworths.media/content/wowproductimages/medium/634293.jpg,2020-09-21 16:53:59,,0,,True
573a7bb4-24a9-4140-8a42-dd04c43c77d2,Woolworths Supermarket,Drinks,Schweppes Natural Mineral Water Pineapple & Lemon 1.1l,634297,$1.70,$1.55 / 1L,https://www.woolworths.com.au/shop/productdetails/634297/schweppes-natural-mineral-water-pineapple-lemon,https://cdn0.woolworths.media/content/wowproductimages/medium/634297.jpg,2020-09-21 16:53:59,,0,,True
afcadd08-0279-4f65-bb7f-8c735cf6d1cc,Woolworths Supermarket,Drinks,Schweppes Infused Natural Mineral Water With Raspberry 1.1l,634298,$1.70,$1.55 / 1L,https://www.woolworths.com.au/shop/productdetails/634298/schweppes-infused-natural-mineral-water-with-raspberry,https://cdn0.woolworths.media/content/wowproductimages/medium/634298.jpg,2020-09-21 16:53:59,,0,,True
1a102c1a-643f-4e92-a1b7-68c8c0fc4971,Woolworths Supermarket,Drinks,Schweppes Infused Natural Mineral Water With Lime 1.1l,634299,$1.70,$1.55 / 1L,https://www.woolworths.com.au/shop/productdetails/634299/schweppes-infused-natural-mineral-water-with-lime,https://cdn0.woolworths.media/content/wowproductimages/medium/634299.jpg,2020-09-21 16:53:59,,0,,True
a5817d86-19d5-49dc-8a80-32f2718e5adc,Woolworths Supermarket,Drinks,Schweppes Soda Water 1.1l,635960,$1.70,$1.55 / 1L,https://www.woolworths.com.au/shop/productdetails/635960/schweppes-soda-water,https://cdn0.woolworths.media/content/wowproductimages/medium/635960.jpg,2020-09-21 16:53:59,,0,,True
a9cfd2b7-af81-4550-9003-c8732b5d74e9,Woolworths Supermarket,Drinks,Coca-cola No Sugar Mini Cans 8x200ml pack,636330,$6.00,$3.75 / 1L,https://www.woolworths.com.au/shop/productdetails/636330/coca-cola-no-sugar-mini-cans,https://cdn0.woolworths.media/content/wowproductimages/medium/636330.jpg,2020-09-21 16:53:59,,0,Was $8.30 23/04/2018,True
cb1512f8-1d59-4e1f-964d-864fd537870d,Woolworths Supermarket,Drinks,Mount Franklin Still Water Bottle 6x500ml,642585,$4.80,$1.60 / 1L,https://www.woolworths.com.au/shop/productdetails/642585/mount-franklin-still-water-bottle,https://cdn0.woolworths.media/content/wowproductimages/medium/642585.jpg,2020-09-21 16:53:59,,0,,True
e4405788-4093-4396-9527-5c4def943139,Woolworths Supermarket,Drinks,Aqualove Alkaline Water 1l,642588,$2.50,$2.50 / 1L,https://www.woolworths.com.au/shop/productdetails/642588/aqualove-alkaline-water,https://cdn0.woolworths.media/content/wowproductimages/medium/642588.jpg,2020-09-21 16:53:59,,0,,True
ce74f54b-e58b-4d51-b4ed-2b96b34e0bbd,Woolworths Supermarket,Drinks,Santa Vittoria Sparkling Mineral Water 6x1.5l bottles,647007,$10.20,$1.13 / 1L,https://www.woolworths.com.au/shop/productdetails/647007/santa-vittoria-sparkling-mineral-water,https://cdn0.woolworths.media/content/wowproductimages/medium/647007.jpg,2020-09-21 16:53:59,,0,,True
c215944b-069a-42af-b965-570a6c3ed9e6,Woolworths Supermarket,Drinks,Santa Vittoria Sparkling Mineral Water 6x750ml,647107,$7.25,$1.61 / 1L,https://www.woolworths.com.au/shop/productdetails/647107/santa-vittoria-sparkling-mineral-water,https://cdn0.woolworths.media/content/wowproductimages/medium/647107.jpg,2020-09-21 16:53:59,,0,,True
9cf017d6-f084-47fd-88e5-89ed56b7ece0,Woolworths Supermarket,Drinks,Bundaberg Tropical Mango 375ml,649766,$2.80,$7.47 / 1L,https://www.woolworths.com.au/shop/productdetails/649766/bundaberg-tropical-mango,https://cdn0.woolworths.media/content/wowproductimages/medium/649766.jpg,2020-09-21 16:53:59,,0,,True
ec67964c-ca4e-406f-8590-03e9082676c1,Woolworths Supermarket,Drinks,Bundaberg Tropical Mango Sparkling Drink 4x375ml,652009,$5.70,$3.80 / 1L,https://www.woolworths.com.au/shop/productdetails/652009/bundaberg-tropical-mango-sparkling-drink,https://cdn0.woolworths.media/content/wowproductimages/medium/652009.jpg,2020-09-21 16:53:59,,0,,True
9c3db6ea-1689-4435-9099-6a9bd0e56be2,Woolworths Supermarket,Drinks,Remedy Organic Kombucha Apple Crisp 750ml,662349,$7.50,$10.00 / 1L,https://www.woolworths.com.au/shop/productdetails/662349/remedy-organic-kombucha-apple-crisp,https://cdn0.woolworths.media/content/wowproductimages/medium/662349.jpg,2020-09-21 16:53:59,,0,,True
8efcabc8-8e94-4dda-aacc-de555b79ad0f,Woolworths Supermarket,Drinks,Remedy Organic Kombucha Ginger Lemon 750ml,662367,$7.50,$10.00 / 1L,https://www.woolworths.com.au/shop/productdetails/662367/remedy-organic-kombucha-ginger-lemon,https://cdn0.woolworths.media/content/wowproductimages/medium/662367.jpg,2020-09-21 16:53:59,,0,,True
faf739c3-3369-48de-8bed-096beb78459c,Woolworths Supermarket,Drinks,Golden Circle Apple & Blackcurrant Fruit Drink Multipack 6x250ml,663675,$3.00,$2.00 / 1L,https://www.woolworths.com.au/shop/productdetails/663675/golden-circle-apple-blackcurrant-fruit-drink-multipack,https://cdn0.woolworths.media/content/wowproductimages/medium/663675.jpg,2020-09-21 16:53:59,,0,,True
e14f8ee8-77ff-4cd1-8528-67136d3b28cd,Woolworths Supermarket,Drinks,Powerade Isotonic Black Currant 1.5l,664744,$3.75,$2.50 / 1L,https://www.woolworths.com.au/shop/productdetails/664744/powerade-isotonic-black-currant,https://cdn0.woolworths.media/content/wowproductimages/medium/664744.jpg,2020-09-21 16:53:59,,0,Was $5.49 19/02/2018,True
2a390dc8-260f-4c0c-8603-09ad3ac4a084,Woolworths Supermarket,Drinks,Nudie Nothing But Apples Cloudy Juice 3l,665417,$10.00,$3.33 / 1L,https://www.woolworths.com.au/shop/productdetails/665417/nudie-nothing-but-apples-cloudy-juice,https://cdn0.woolworths.media/content/wowproductimages/medium/665417.jpg,2020-09-21 16:53:59,,0,,True
d3cf49dd-e74e-4ba3-8ddd-947de2b43d87,Woolworths Supermarket,Drinks,"Nudie Nothing But Apple, Mango, Passionfruit & Pineapple Juice 2l",665419,$8.00,$4.00 / 1L,https://www.woolworths.com.au/shop/productdetails/665419/nudie-nothing-but-apple-mango-passionfruit-pineapple-juice,https://cdn0.woolworths.media/content/wowproductimages/medium/665419.jpg,2020-09-21 16:53:59,,0,,True
5049966b-3330-4d42-92ac-d125f7839072,Woolworths Supermarket,Drinks,Daily Juice Apple Watermelon Raspberry 2l,666068,$5.00,$2.50 / 1L,https://www.woolworths.com.au/shop/productdetails/666068/daily-juice-apple-watermelon-raspberry,https://cdn0.woolworths.media/content/wowproductimages/medium/666068.jpg,2020-09-21 16:53:59,,0,,True
537d06f3-19c6-4084-9983-76c7913e11f3,Woolworths Supermarket,Drinks,"Nudie Nothing But Pear, Pineapple, Kiwi & Lemon Limited Edition 2l",668024,$8.00,$4.00 / 1L,https://www.woolworths.com.au/shop/productdetails/668024/nudie-nothing-but-pear-pineapple-kiwi-lemon-limited-edition,https://cdn0.woolworths.media/content/wowproductimages/medium/668024.jpg,2020-09-21 16:53:59,,0,,True
324f451e-e794-46fd-8803-c3a809c7a00c,Woolworths Supermarket,Drinks,Coca-cola No Sugar Fridge Mate Cans 10x375ml pack,669379,$12.30,$3.28 / 1L,https://www.woolworths.com.au/shop/productdetails/669379/coca-cola-no-sugar-fridge-mate-cans,https://cdn0.woolworths.media/content/wowproductimages/medium/669379.jpg,2020-09-21 16:53:59,,0,,True
2478e0c1-3ba1-494a-9611-c3f1ac66bb59,Woolworths Supermarket,Drinks,Remedy Organic Kombucha Raspberry Lemonade 750ml,671437,$7.50,$10.00 / 1L,https://www.woolworths.com.au/shop/productdetails/671437/remedy-organic-kombucha-raspberry-lemonade,https://cdn0.woolworths.media/content/wowproductimages/medium/671437.jpg,2020-09-21 16:53:59,,0,,True
fd35b017-f725-4137-a776-7fe84e8104e1,Woolworths Supermarket,Drinks,Waterfords Mineral Water Tahitian Lime 1l,672555,$1.80,$1.80 / 1L,https://www.woolworths.com.au/shop/productdetails/672555/waterfords-mineral-water-tahitian-lime,https://cdn0.woolworths.media/content/wowproductimages/medium/672555.jpg,2020-09-21 16:53:59,,0,,True
efc1813b-c1cc-4425-8f16-186f60d4bd1c,Woolworths Supermarket,Drinks,Mount Franklin Lightly Sparkling Mango 4x250ml,672556,$3.70,$3.70 / 1L,https://www.woolworths.com.au/shop/productdetails/672556/mount-franklin-lightly-sparkling-mango,https://cdn0.woolworths.media/content/wowproductimages/medium/672556.jpg,2020-09-21 16:53:59,,0,,True
4cb20f7e-524d-40e2-9fa7-0ff6c1b39495,Woolworths Supermarket,Drinks,Mount Franklin Lightly Sparkling Lime 4x250ml,672728,$3.70,$3.70 / 1L,https://www.woolworths.com.au/shop/productdetails/672728/mount-franklin-lightly-sparkling-lime,https://cdn0.woolworths.media/content/wowproductimages/medium/672728.jpg,2020-09-21 16:53:59,,0,,True
f3da1920-cb60-41fb-abe5-7554423e2350,Woolworths Supermarket,Drinks,Coca-cola No Sugar Soft Drink Bottle 2l,672966,$2.75,$1.38 / 1L,https://www.woolworths.com.au/shop/productdetails/672966/coca-cola-no-sugar-soft-drink-bottle,https://cdn0.woolworths.media/content/wowproductimages/medium/672966.jpg,2020-09-21 16:53:59,,0,Was $4.20 12/12/2017,True
66a140e7-cd94-4191-9be5-eda478bba9ae,Woolworths Supermarket,Drinks,Woolworths Apple & Mango Juice 2l,673135,$2.00,$1.00 / 1L,https://www.woolworths.com.au/shop/productdetails/673135/woolworths-apple-mango-juice,https://cdn0.woolworths.media/content/wowproductimages/medium/673135.jpg,2020-09-21 16:53:59,Average product rating out of 5: 4.1. Product score is based on 301 ratings,301,,True
d9928fc3-db2d-4b42-984c-63920c3e6ad6,Woolworths Supermarket,Drinks,Solo Zero Sugar 1.25l,676277,$1.10,$0.88 / 1L,https://www.woolworths.com.au/shop/productdetails/676277/solo-zero-sugar,https://cdn0.woolworths.media/content/wowproductimages/medium/676277.jpg,2020-09-21 16:53:59,,0,,True
d9529d0a-f1b4-4811-801d-61cf92d07adb,Woolworths Supermarket,Drinks,Schweppes Lemonade Zero Sugar 10 x375ml,676278,$6.00,$1.60 / 1L,https://www.woolworths.com.au/shop/productdetails/676278/schweppes-lemonade-zero-sugar,https://cdn0.woolworths.media/content/wowproductimages/medium/676278.jpg,2020-09-21 16:53:59,,0,,True
1d02c29b-d4fb-4d20-b688-9878701bed88,Woolworths Supermarket,Drinks,Sunkist Zero Sugar 1.25l,676312,$1.10,$0.88 / 1L,https://www.woolworths.com.au/shop/productdetails/676312/sunkist-zero-sugar,https://cdn0.woolworths.media/content/wowproductimages/medium/676312.jpg,2020-09-21 16:53:59,,0,,True
0a2dfe48-f316-48e8-a797-deeb27e80e6e,Woolworths Supermarket,Drinks,Golden Circle Orange Juice 350ml,677320,$1.50,$4.29 / 1L,https://www.woolworths.com.au/shop/productdetails/677320/golden-circle-orange-juice,https://cdn0.woolworths.media/content/wowproductimages/medium/677320.jpg,2020-09-21 16:53:59,,0,,True
3dfbc9d6-417d-49f6-beff-f68cd52357e4,Woolworths Supermarket,Drinks,Bickford's Cherry Juice 1l,677524,$6.00,$6.00 / 1L,https://www.woolworths.com.au/shop/productdetails/677524/bickford-s-cherry-juice,https://cdn0.woolworths.media/content/wowproductimages/medium/677524.jpg,2020-09-21 16:53:59,,0,,True
7f6636b4-0d2c-47e0-afc4-b5ca7dce363b,Woolworths Supermarket,Drinks,Macro Organic Rebel Raspberry Kombucha Drink 330ml,678364,$2.80,$8.48 / 1L,https://www.woolworths.com.au/shop/productdetails/678364/macro-organic-rebel-raspberry-kombucha-drink,https://cdn0.woolworths.media/content/wowproductimages/medium/678364.jpg,2020-09-21 16:53:59,Average product rating out of 5: 4.3. Product score is based on 3 ratings,3,,True
af7f7dd5-3b68-4af0-9996-f7024cada9a2,Woolworths Supermarket,Drinks,Macro Organic Glowing Ginger Kombucha Drink 330ml,678365,$2.80,$8.48 / 1L,https://www.woolworths.com.au/shop/productdetails/678365/macro-organic-glowing-ginger-kombucha-drink,https://cdn0.woolworths.media/content/wowproductimages/medium/678365.jpg,2020-09-21 16:53:59,Average product rating out of 5: 4.0. Product score is based on 6 ratings,6,,True
7cd7985b-9940-4cb0-9212-2b2773757f9f,Woolworths Supermarket,Drinks,Powerade Pineapple Storm 600ml,678650,$2.00,$3.33 / 1L,https://www.woolworths.com.au/shop/productdetails/678650/powerade-pineapple-storm,https://cdn0.woolworths.media/content/wowproductimages/medium/678650.jpg,2020-09-21 16:53:59,,0,,True
45f33019-fcf6-414e-a4aa-1e1ceaff6ae1,Woolworths Supermarket,Drinks,Coca-cola No Sugar Mini Bottles 12x300ml pack,679122,$7.00,$1.94 / 1L,https://www.woolworths.com.au/shop/productdetails/679122/coca-cola-no-sugar-mini-bottles,https://cdn0.woolworths.media/content/wowproductimages/medium/679122.jpg,2020-09-21 16:53:59,,0,,True
658441fb-ffe5-4a9a-9886-d08080e6af36,Woolworths Supermarket,Drinks,Red Bull Energy Drink 473ml x4 pack,679135,$15.00,$7.93 / 1L,https://www.woolworths.com.au/shop/productdetails/679135/red-bull-energy-drink,https://cdn0.woolworths.media/content/wowproductimages/medium/679135.jpg,2020-09-21 16:53:59,,0,,True
a9c3c85a-23d4-4606-b3a7-4fc6da329f12,Woolworths Supermarket,Drinks,The Juice Brothers Apple Pear & Blueberry 1.5l,681277,$6.00,$4.00 / 1L,https://www.woolworths.com.au/shop/productdetails/681277/the-juice-brothers-apple-pear-blueberry,https://cdn0.woolworths.media/content/wowproductimages/medium/681277.jpg,2020-09-21 16:53:59,,0,,True
ded3e835-7301-4166-b4c9-08ded4ea2d67,Woolworths Supermarket,Drinks,The Juice Brothers Orange 1.5l,681284,$6.00,$4.00 / 1L,https://www.woolworths.com.au/shop/productdetails/681284/the-juice-brothers-orange,https://cdn0.woolworths.media/content/wowproductimages/medium/681284.jpg,2020-09-21 16:53:59,,0,,True
aa3b27fe-0987-438a-97d5-ddd22251b4a7,Woolworths Supermarket,Drinks,The Juice Brothers Morning Start 1.5l,681286,$6.00,$4.00 / 1L,https://www.woolworths.com.au/shop/productdetails/681286/the-juice-brothers-morning-start,https://cdn0.woolworths.media/content/wowproductimages/medium/681286.jpg,2020-09-21 16:53:59,,0,,True
ab3239ee-57ba-43f8-8f39-7a36a0d645cd,Woolworths Supermarket,Drinks,The Juice Brothers Summer Smash 1.5l,681291,$6.00,$4.00 / 1L,https://www.woolworths.com.au/shop/productdetails/681291/the-juice-brothers-summer-smash,https://cdn0.woolworths.media/content/wowproductimages/medium/681291.jpg,2020-09-21 16:53:59,,0,,True
e346df82-1b97-42ef-8bbd-44e7d668b88a,Woolworths Supermarket,Drinks,Lo Bros Organic Kombucha Raspberry & Lemon 330ml,682219,$2.50,$7.58 / 1L,https://www.woolworths.com.au/shop/productdetails/682219/lo-bros-organic-kombucha-raspberry-lemon,https://cdn0.woolworths.media/content/wowproductimages/medium/682219.jpg,2020-09-21 16:53:59,,0,,True
eeaa6ed9-1302-491a-b15f-b305ff3012fc,Woolworths Supermarket,Drinks,Lo Bros Organic Kombucha Ginger & Lemon 330ml,682271,$2.50,$7.58 / 1L,https://www.woolworths.com.au/shop/productdetails/682271/lo-bros-organic-kombucha-ginger-lemon,https://cdn0.woolworths.media/content/wowproductimages/medium/682271.jpg,2020-09-21 16:53:59,,0,,True
41da72ba-47b9-4450-af14-2d0f8b6eb9d7,Woolworths Supermarket,Drinks,Lo Bros Organic Kombucha Peach & Ginger 330ml,682273,$2.50,$7.58 / 1L,https://www.woolworths.com.au/shop/productdetails/682273/lo-bros-organic-kombucha-peach-ginger,https://cdn0.woolworths.media/content/wowproductimages/medium/682273.jpg,2020-09-21 16:53:59,,0,,True
45b8a5aa-a631-4201-afba-6a47da8aa247,Woolworths Supermarket,Drinks,Australia's Own Full Cream Uht Milk 2l,682610,$2.40,$1.20 / 1L,https://www.woolworths.com.au/shop/productdetails/682610/australia-s-own-full-cream-uht-milk,https://cdn0.woolworths.media/content/wowproductimages/medium/682610.jpg,2020-09-21 16:53:59,,0,,True
a4e07856-e26c-40ff-9c32-cc78dee22ee5,Woolworths Supermarket,Drinks,Australia's Own Skim Uht Milk 2l,682611,$2.40,$1.20 / 1L,https://www.woolworths.com.au/shop/productdetails/682611/australia-s-own-skim-uht-milk,https://cdn0.woolworths.media/content/wowproductimages/medium/682611.jpg,2020-09-21 16:53:59,,0,,True
4e1273bd-83e1-49b4-86bc-6fa3faea827a,Woolworths Supermarket,Drinks,Lo Bros Live Fermented Cola 330ml,683497,$2.50,$7.58 / 1L,https://www.woolworths.com.au/shop/productdetails/683497/lo-bros-live-fermented-cola,https://cdn0.woolworths.media/content/wowproductimages/medium/683497.jpg,2020-09-21 16:53:59,,0,,True
c9dbe05d-7d96-4663-b5b2-e3357629fa20,Woolworths Supermarket,Drinks,Rockstar Silver Ice 500ml,683951,$2.00,$4.00 / 1L,https://www.woolworths.com.au/shop/productdetails/683951/rockstar-silver-ice,https://cdn0.woolworths.media/content/wowproductimages/medium/683951.jpg,2020-09-21 16:53:59,,0,,True
85f4232e-54de-4b4f-9746-4751e4c0c0f5,Woolworths Supermarket,Drinks,Balance Cleanse 700ml,683953,$2.70,$3.86 / 1L,https://www.woolworths.com.au/shop/productdetails/683953/balance-cleanse,https://cdn0.woolworths.media/content/wowproductimages/medium/683953.jpg,2020-09-21 16:53:59,,0,,True
de617566-3131-4e82-b781-41469707f098,Woolworths Supermarket,Drinks,Diet Rite Lemon Lime Orange 1l,684089,$3.00,$3.00 / 1L,https://www.woolworths.com.au/shop/productdetails/684089/diet-rite-lemon-lime-orange,https://cdn0.woolworths.media/content/wowproductimages/medium/684089.jpg,2020-09-21 16:53:59,,0,Was $3.50 21/05/2018,True
c3ae8b1e-1684-42eb-a04b-2608aebbf5c6,Woolworths Supermarket,Drinks,Boost Mango Tango 1l,684270,$5.80,$5.80 / 1L,https://www.woolworths.com.au/shop/productdetails/684270/boost-mango-tango,https://cdn0.woolworths.media/content/wowproductimages/medium/684270.jpg,2020-09-21 16:53:59,,0,,True
b614063f-47c0-4bf5-9d26-31ec15db644d,Woolworths Supermarket,Drinks,Perkii Mango Passionfruit Probiotic Drink 350ml,685777,$2.00,$5.71 / 1L,https://www.woolworths.com.au/shop/productdetails/685777/perkii-mango-passionfruit-probiotic-drink,https://cdn0.woolworths.media/content/wowproductimages/medium/685777.jpg,2020-09-21 16:53:59,,0,,True
6c6f5b47-fb02-4b0c-a4a6-d12f13216c81,Woolworths Supermarket,Drinks,Perkii Strawberry Watermelon Probiotic Drink 350ml,685790,,,https://www.woolworths.com.au/shop/productdetails/685790/perkii-strawberry-watermelon-probiotic-drink,https://cdn0.woolworths.media/content/wowproductimages/medium/685790.jpg,2020-09-21 16:53:59,,0,,False
33f4ae75-7ea0-4337-9bd2-f066913c3e9f,Woolworths Supermarket,Drinks,Nescafe Gold Short Black Espresso Instant Coffee 100g,686999,$11.00,$11.00 / 100G,https://www.woolworths.com.au/shop/productdetails/686999/nescafe-gold-short-black-espresso-instant-coffee,https://cdn0.woolworths.media/content/wowproductimages/medium/686999.jpg,2020-09-21 16:53:59,,0,,True
fcfc55cc-20b5-453b-848c-83dda1b1a26d,Woolworths Supermarket,Drinks,Nescafe Gold Orginal Soluble Instant Coffee 100g,687035,$9.50,$9.50 / 100G,https://www.woolworths.com.au/shop/productdetails/687035/nescafe-gold-orginal-soluble-instant-coffee,https://cdn0.woolworths.media/content/wowproductimages/medium/687035.jpg,2020-09-21 16:53:59,,0,,True
5b4a124a-8ce5-4489-9491-4e79fb5454a6,Woolworths Supermarket,Drinks,Nescafe Gold Intense Soluble Instant Coffee 200g,687036,$11.50,$5.75 / 100G,https://www.woolworths.com.au/shop/productdetails/687036/nescafe-gold-intense-soluble-instant-coffee,https://cdn0.woolworths.media/content/wowproductimages/medium/687036.jpg,2020-09-21 16:53:59,,0,Was $18.00 03/06/2020,True
84798c7b-cabc-4660-9ab1-e138a8a8bb71,Woolworths Supermarket,Drinks,Nescafe Gold Instant Coffee Refill Soft Sachet 320g,687038,$19.00,$5.94 / 100G,https://www.woolworths.com.au/shop/productdetails/687038/nescafe-gold-instant-coffee-refill-soft-sachet,https://cdn0.woolworths.media/content/wowproductimages/medium/687038.jpg,2020-09-21 16:53:59,,0,,True
2acc45c9-99e4-45ff-902d-96ef7f1668b7,Woolworths Supermarket,Drinks,Nescafe Gold Orginal Soluble Instant Coffee 200g,687062,$11.50,$5.75 / 100G,https://www.woolworths.com.au/shop/productdetails/687062/nescafe-gold-orginal-soluble-instant-coffee,https://cdn0.woolworths.media/content/wowproductimages/medium/687062.jpg,2020-09-21 16:53:59,,0,Was $18.00 03/06/2020,True
acfc9d4e-9fd1-43e2-90b2-f3bf283dadcf,Woolworths Supermarket,Drinks,Moccona Wholebean Barista Crema 175g,687769,$18.00,$10.29 / 100G,https://www.woolworths.com.au/shop/productdetails/687769/moccona-wholebean-barista-crema,https://cdn0.woolworths.media/content/wowproductimages/medium/687769.jpg,2020-09-21 16:53:59,,0,,True
f85c0dcc-1727-4171-af49-79423e124d9d,Woolworths Supermarket,Drinks,L'or Espresso Lungo Estremo Coffee Capsules 10 pack,687775,$4.50,$0.45 / 1EA,https://www.woolworths.com.au/shop/productdetails/687775/l-or-espresso-lungo-estremo-coffee-capsules,https://cdn0.woolworths.media/content/wowproductimages/medium/687775.jpg,2020-09-21 16:53:59,,0,,True
02159bef-f117-46ee-a06a-a322d576171e,Woolworths Supermarket,Drinks,L'or Espresso Onyx Coffee Capsules 20 pack,687776,$11.00,$0.55 / 1EA,https://www.woolworths.com.au/shop/productdetails/687776/l-or-espresso-onyx-coffee-capsules,https://cdn0.woolworths.media/content/wowproductimages/medium/687776.jpg,2020-09-21 16:53:59,,0,,True
81d21ee3-abf6-4245-b8e5-3900ed7bc36b,Woolworths Supermarket,Drinks,L'or Lungo Profondo Coffee Capsules 20 pack,687778,$11.00,$0.55 / 1EA,https://www.woolworths.com.au/shop/productdetails/687778/l-or-lungo-profondo-coffee-capsules,https://cdn0.woolworths.media/content/wowproductimages/medium/687778.jpg,2020-09-21 16:53:59,,0,,True
4bb3dac9-e197-4322-a2fc-f46327288ab4,Woolworths Supermarket,Drinks,Moccona Capsules Espresso 7 10 pack,687784,$6.00,$0.60 / 1EA,https://www.woolworths.com.au/shop/productdetails/687784/moccona-capsules-espresso-7,https://cdn0.woolworths.media/content/wowproductimages/medium/687784.jpg,2020-09-21 16:53:59,,0,,True
119d5521-fc77-4efb-8e41-29561a9d00e2,Woolworths Supermarket,Drinks,Moccona Espresso 10 Coffee Capsules 10 pack,687785,$6.00,$0.60 / 1EA,https://www.woolworths.com.au/shop/productdetails/687785/moccona-espresso-10-coffee-capsules,https://cdn0.woolworths.media/content/wowproductimages/medium/687785.jpg,2020-09-21 16:53:59,,0,,True
86f4ab82-fb56-40c1-8270-7b8d1416d0f1,Woolworths Supermarket,Drinks,Moccona Ristretto 12 Coffee Capsules 10 pack,687786,$6.00,$0.60 / 1EA,https://www.woolworths.com.au/shop/productdetails/687786/moccona-ristretto-12-coffee-capsules,https://cdn0.woolworths.media/content/wowproductimages/medium/687786.jpg,2020-09-21 16:53:59,,0,,True
f99a9ea7-5d6c-4a8b-ae59-6a5b7c2b8fb2,Woolworths Supermarket,Drinks,Moccona Lungo 8 Coffee Capsules 10 pack,687787,$6.00,$0.60 / 1EA,https://www.woolworths.com.au/shop/productdetails/687787/moccona-lungo-8-coffee-capsules,https://cdn0.woolworths.media/content/wowproductimages/medium/687787.jpg,2020-09-21 16:53:59,,0,,True
b487c23c-1f8f-42fd-a2f2-0c3fa4f757ab,Woolworths Supermarket,Drinks,Moccona Wholebean Barista Rich Espresso 175g,687794,$18.00,$10.29 / 100G,https://www.woolworths.com.au/shop/productdetails/687794/moccona-wholebean-barista-rich-espresso,https://cdn0.woolworths.media/content/wowproductimages/medium/687794.jpg,2020-09-21 16:53:59,,0,,True
b5e98c36-7b42-496e-bdb6-f5e28e566ef0,Woolworths Supermarket,Drinks,Moccona Wholebean Barista Smooth Espresso 175g,687799,$18.00,$10.29 / 100G,https://www.woolworths.com.au/shop/productdetails/687799/moccona-wholebean-barista-smooth-espresso,https://cdn0.woolworths.media/content/wowproductimages/medium/687799.jpg,2020-09-21 16:53:59,,0,,True
da9f5eac-767b-4cb3-b1ae-74a72cdc2a45,Woolworths Supermarket,Drinks,Macro Organic Coconut Water 1l,688226,$6.00,$6.00 / 1L,https://www.woolworths.com.au/shop/productdetails/688226/macro-organic-coconut-water,https://cdn0.woolworths.media/content/wowproductimages/medium/688226.jpg,2020-09-21 16:53:59,Average product rating out of 5: 3.4. Product score is based on 132 ratings,132,,True
de78ee76-065f-4cba-9cdf-cc6194dd8167,Woolworths Supermarket,Drinks,Thirst Busters Lime Cordial 2l,688485,$2.20,$1.10 / 1L,https://www.woolworths.com.au/shop/productdetails/688485/thirst-busters-lime-cordial,https://cdn0.woolworths.media/content/wowproductimages/medium/688485.jpg,2020-09-21 16:53:59,,0,,True
96cd2e05-0ce5-4956-87f9-c3ba72435ed5,Woolworths Supermarket,Drinks,Thirst Busters Raspberry Cordial 2l,688544,$2.20,$1.10 / 1L,https://www.woolworths.com.au/shop/productdetails/688544/thirst-busters-raspberry-cordial,https://cdn0.woolworths.media/content/wowproductimages/medium/688544.jpg,2020-09-21 16:53:59,,0,,True
c9e45746-d1ce-44b8-98ae-adc28a3c87b3,Woolworths Supermarket,Drinks,Golden Circle Lemon Cordial 2l,688560,$3.00,$1.50 / 1L,https://www.woolworths.com.au/shop/productdetails/688560/golden-circle-lemon-cordial,https://cdn0.woolworths.media/content/wowproductimages/medium/688560.jpg,2020-09-21 16:53:59,,0,Was $4.00 02/01/2017,True
2c97e2db-3ca9-43b6-a892-6f5ed10449a5,Woolworths Supermarket,Drinks,Thirst Busters Fruit Cup Cordial 2l,688561,$2.20,$1.10 / 1L,https://www.woolworths.com.au/shop/productdetails/688561/thirst-busters-fruit-cup-cordial,https://cdn0.woolworths.media/content/wowproductimages/medium/688561.jpg,2020-09-21 16:53:59,,0,,True
99939a49-382b-4e08-970c-04fca4cca884,Woolworths Supermarket,Drinks,Nescafe Gold Smooth 90g,688715,$9.00,$10.00 / 100G,https://www.woolworths.com.au/shop/productdetails/688715/nescafe-gold-smooth,https://cdn0.woolworths.media/content/wowproductimages/medium/688715.jpg,2020-09-21 16:53:59,,0,,True
a028aa88-5812-45a5-be67-a05bc091c157,Woolworths Supermarket,Drinks,Nescafe Dolce Gusto Cappuccino Capsules 16 pack,689624,$8.50,$0.53 / 1EA,https://www.woolworths.com.au/shop/productdetails/689624/nescafe-dolce-gusto-cappuccino-capsules,https://cdn0.woolworths.media/content/wowproductimages/medium/689624.jpg,2020-09-21 16:53:59,,0,,True
a5451358-f091-46a1-aa6e-d3dd96545f83,Woolworths Supermarket,Drinks,Woolworths Green Tea 50 pack,690093,$2.20,$0.04 / 1EA,https://www.woolworths.com.au/shop/productdetails/690093/woolworths-green-tea,https://cdn0.woolworths.media/content/wowproductimages/medium/690093.jpg,2020-09-21 16:53:59,Average product rating out of 5: 4.1. Product score is based on 398 ratings,398,,True
06cf8ca6-895e-4810-b6bd-b61139898eed,Woolworths Supermarket,Drinks,Macro Organic Fairtrade Ground Coffee Dark 200g,690359,$6.00,$3.00 / 100G,https://www.woolworths.com.au/shop/productdetails/690359/macro-organic-fairtrade-ground-coffee-dark,https://cdn0.woolworths.media/content/wowproductimages/medium/690359.jpg,2020-09-21 16:53:59,,0,Was $7.00 22/11/2017,True
6a4fea0f-45dc-424e-99ec-b3f42685eef6,Woolworths Supermarket,Drinks,Macro Organic Fairtrade Ground Coffee Medium 200g,690360,$6.00,$3.00 / 100G,https://www.woolworths.com.au/shop/productdetails/690360/macro-organic-fairtrade-ground-coffee-medium,https://cdn0.woolworths.media/content/wowproductimages/medium/690360.jpg,2020-09-21 16:53:59,Average product rating out of 5: 3.8. Product score is based on 336 ratings,336,Was $7.00 22/11/2017,True
7a6da180-1cb1-490c-bd2f-5c52b93db360,Woolworths Supermarket,Drinks,Macro Organic Fairtrade Coffee Beans Medium 200g,690361,$6.00,$3.00 / 100G,https://www.woolworths.com.au/shop/productdetails/690361/macro-organic-fairtrade-coffee-beans-medium,https://cdn0.woolworths.media/content/wowproductimages/medium/690361.jpg,2020-09-21 16:53:59,,0,Was $7.00 22/11/2017,True
91058d5d-2c3e-48bf-b587-456f107e7f56,Woolworths Supermarket,Drinks,Bickford's Blackcurrant Fruit Juice Syrup 750ml,691315,$4.00,$5.33 / 1L,https://www.woolworths.com.au/shop/productdetails/691315/bickford-s-blackcurrant-fruit-juice-syrup,https://cdn0.woolworths.media/content/wowproductimages/medium/691315.jpg,2020-09-21 16:53:59,,0,,True
4c75de07-4e65-448b-a4d8-a70f2812b3de,Woolworths Supermarket,Drinks,Bickford's Raspberry Cordial 750ml,691317,$4.00,$5.33 / 1L,https://www.woolworths.com.au/shop/productdetails/691317/bickford-s-raspberry-cordial,https://cdn0.woolworths.media/content/wowproductimages/medium/691317.jpg,2020-09-21 16:53:59,,0,,True
cbdaf94a-face-4f1b-aa82-bebc37c6b515,Woolworths Supermarket,Drinks,Golden Circle Golden Pash 2l,692017,$3.00,$1.50 / 1L,https://www.woolworths.com.au/shop/productdetails/692017/golden-circle-golden-pash,https://cdn0.woolworths.media/content/wowproductimages/medium/692017.jpg,2020-09-21 16:53:59,,0,,True
3da0301e-4973-4ff8-bf0e-0b61ff90f53d,Woolworths Supermarket,Drinks,Lavazza Vigoroso Coffee Capsules 10 pack,692537,$6.00,$0.60 / 1EA,https://www.woolworths.com.au/shop/productdetails/692537/lavazza-vigoroso-coffee-capsules,https://cdn0.woolworths.media/content/wowproductimages/medium/692537.jpg,2020-09-21 16:53:59,,0,,True
0205843b-a6bd-4c28-8e9c-90b75cdf53ff,Woolworths Supermarket,Drinks,Vittoria Italian Ground 500g,692561,$7.50,$1.50 / 100G,https://www.woolworths.com.au/shop/productdetails/692561/vittoria-italian-ground,https://cdn0.woolworths.media/content/wowproductimages/medium/692561.jpg,2020-09-21 16:53:59,,0,,True
01378650-67ff-466c-9521-202e9c0015bd,Woolworths Supermarket,Drinks,Avalanche Hot Chocolate 10 pack,692623,$5.50,$2.75 / 100G,https://www.woolworths.com.au/shop/productdetails/692623/avalanche-hot-chocolate,https://cdn0.woolworths.media/content/wowproductimages/medium/692623.jpg,2020-09-21 16:53:59,,0,,True
b490fecb-dfb9-4e1b-9bab-cc6358c19b41,Woolworths Supermarket,Drinks,Woolworths Hot Chocolate 10 pack,694353,$3.25,$1.63 / 100G,https://www.woolworths.com.au/shop/productdetails/694353/woolworths-hot-chocolate,https://cdn0.woolworths.media/content/wowproductimages/medium/694353.jpg,2020-09-21 16:53:59,,0,,True
2dcf8675-38d3-48e7-8401-4e59ffa17d40,Woolworths Supermarket,Drinks,Woolworths Spring Water 600ml bottle,695440,$1.00,$1.67 / 1L,https://www.woolworths.com.au/shop/productdetails/695440/woolworths-spring-water,https://cdn0.woolworths.media/content/wowproductimages/medium/695440.jpg,2020-09-21 16:53:59,,0,,True
84c0ae52-999d-4be8-becd-668e7cafbc5f,Woolworths Supermarket,Drinks,Woolworths Spring Water Sipper Bottle 1l,695441,$1.00,$1.00 / 1L,https://www.woolworths.com.au/shop/productdetails/695441/woolworths-spring-water-sipper-bottle,https://cdn0.woolworths.media/content/wowproductimages/medium/695441.jpg,2020-09-21 16:53:59,,0,Was $1.20 03/09/2018,True
5e416e22-55bf-4068-bd36-c67a44ae6ac9,Woolworths Supermarket,Drinks,Woolworths Spring Water 10l,695494,$4.00,$0.40 / 1L,https://www.woolworths.com.au/shop/productdetails/695494/woolworths-spring-water,https://cdn0.woolworths.media/content/wowproductimages/medium/695494.jpg,2020-09-21 16:53:59,,0,,True
fd12ebf3-7aaf-499a-a76f-f2f60c5487bd,Woolworths Supermarket,Drinks,Woolworths Spring Water 24x600ml pack,696782,$6.00,$0.42 / 1L,https://www.woolworths.com.au/shop/productdetails/696782/woolworths-spring-water,https://cdn0.woolworths.media/content/wowproductimages/medium/696782.jpg,2020-09-21 16:53:59,,0,,True
2029e473-f915-43df-8723-8d51109eba3d,Woolworths Supermarket,Drinks,Mount Franklin Lightly Sparkling Raspberry 250ml x4 pack,697338,$3.70,$3.70 / 1L,https://www.woolworths.com.au/shop/productdetails/697338/mount-franklin-lightly-sparkling-raspberry,https://cdn0.woolworths.media/content/wowproductimages/medium/697338.jpg,2020-09-21 16:53:59,,0,,True
5088e117-53e5-47b3-a741-0d5a28c76c6b,Woolworths Supermarket,Drinks,Monster Mango Loco Energy Juice 500ml,698612,$2.60,$5.20 / 1L,https://www.woolworths.com.au/shop/productdetails/698612/monster-mango-loco-energy-juice,https://cdn0.woolworths.media/content/wowproductimages/medium/698612.jpg,2020-09-21 16:53:59,,0,,True
3ae6c3d8-70d9-4480-84c9-09f2604a2bdd,Woolworths Supermarket,Drinks,Macro Organic Coconut Water 330ml,698763,$1.85,$5.61 / 1L,https://www.woolworths.com.au/shop/productdetails/698763/macro-organic-coconut-water,https://cdn0.woolworths.media/content/wowproductimages/medium/698763.jpg,2020-09-21 16:53:59,Average product rating out of 5: 3.2. Product score is based on 430 ratings,430,,True
a26cf3d3-2fa6-400d-8c56-74ad5aceb0fb,Woolworths Supermarket,Drinks,Ya - Coya Sugar Free Aloe Crush 1.5l,700432,$4.20,$2.80 / 1L,https://www.woolworths.com.au/shop/productdetails/700432/ya-coya-sugar-free-aloe-crush,https://cdn0.woolworths.media/content/wowproductimages/medium/700432.jpg,2020-09-21 16:53:59,,0,,True
76240fc0-63aa-4d1a-ab16-154bb7294894,Woolworths Supermarket,Drinks,Devondale Moo Chocolate Milk 6x200ml,700475,$4.75,$3.96 / 1L,https://www.woolworths.com.au/shop/productdetails/700475/devondale-moo-chocolate-milk,https://cdn0.woolworths.media/content/wowproductimages/medium/700475.jpg,2020-09-21 16:53:59,,0,,True
8ed76616-e2b4-442d-8d72-b6a72bfe313a,Woolworths Supermarket,Drinks,Bickford's Super Berry Juice 1l,700504,$5.80,$5.80 / 1L,https://www.woolworths.com.au/shop/productdetails/700504/bickford-s-super-berry-juice,https://cdn0.woolworths.media/content/wowproductimages/medium/700504.jpg,2020-09-21 16:53:59,,0,,True
36222736-e11d-4186-b37e-dc690461bfa3,Woolworths Supermarket,Drinks,Berri Pop Tops Apple Blackcurrant Juice 250ml,700536,$1.20,$4.80 / 1L,https://www.woolworths.com.au/shop/productdetails/700536/berri-pop-tops-apple-blackcurrant-juice,https://cdn0.woolworths.media/content/wowproductimages/medium/700536.jpg,2020-09-21 16:53:59,,0,,True
b91c7c74-e8fe-4634-89af-a16f10e84a87,Woolworths Supermarket,Drinks,Berri Pop Tops Apple Juice 250ml,700548,$1.20,$4.80 / 1L,https://www.woolworths.com.au/shop/productdetails/700548/berri-pop-tops-apple-juice,https://cdn0.woolworths.media/content/wowproductimages/medium/700548.jpg,2020-09-21 16:53:59,,0,,True
b37e46f5-a2c0-493c-a8b4-d70f835299f9,Woolworths Supermarket,Drinks,Berri Pop Tops Orange Juice 250ml,700576,$1.20,$4.80 / 1L,https://www.woolworths.com.au/shop/productdetails/700576/berri-pop-tops-orange-juice,https://cdn0.woolworths.media/content/wowproductimages/medium/700576.jpg,2020-09-21 16:53:59,,0,,True
d6c10159-5a3f-4372-865c-95f156a0f05c,Woolworths Supermarket,Drinks,Nudie 100% Orange Juice 400ml,701518,$3.20,$8.00 / 1L,https://www.woolworths.com.au/shop/productdetails/701518/nudie-100-orange-juice,https://cdn0.woolworths.media/content/wowproductimages/medium/701518.jpg,2020-09-21 16:53:59,,0,,True
30bd6df0-35da-4462-bdb1-9a38eb6b4421,Woolworths Supermarket,Drinks,Macro Organic Rice Milk 1l,701667,$1.65,$1.65 / 1L,https://www.woolworths.com.au/shop/productdetails/701667/macro-organic-rice-milk,https://cdn0.woolworths.media/content/wowproductimages/medium/701667.jpg,2020-09-21 16:53:59,Average product rating out of 5: 3.7. Product score is based on 280 ratings,280,,True
dc87bed4-45b4-4278-a296-257d19719f8c,Woolworths Supermarket,Drinks,Twinings Infuse Passionfruit Mango & Orange 12 pack,701877,$5.50,$0.46 / 1EA,https://www.woolworths.com.au/shop/productdetails/701877/twinings-infuse-passionfruit-mango-orange,https://cdn0.woolworths.media/content/wowproductimages/medium/701877.jpg,2020-09-21 16:53:59,,0,,True
8844eaab-ee21-447e-bfa9-0517fff16a3f,Woolworths Supermarket,Drinks,Twinings Infuse Rose Lemonade 12 pack,701938,$5.50,$0.46 / 1EA,https://www.woolworths.com.au/shop/productdetails/701938/twinings-infuse-rose-lemonade,https://cdn0.woolworths.media/content/wowproductimages/medium/701938.jpg,2020-09-21 16:53:59,,0,,True
5cd42268-dfd5-468a-af12-79a0ef149b8c,Woolworths Supermarket,Drinks,Twinings Infuse Starter Pack 1 Bottle + 3 Infusers 4 pack,701949,$10.00,$10.00 / 1EA,https://www.woolworths.com.au/shop/productdetails/701949/twinings-infuse-starter-pack-1-bottle-3-infusers,https://cdn0.woolworths.media/content/wowproductimages/medium/701949.jpg,2020-09-21 16:53:59,,0,,True
183a4a2e-f818-4be4-b39e-8d5cb7452863,Woolworths Supermarket,Drinks,Twinings Infuse Blueberry Apple & Blackcurrant 12 pack,701959,$5.50,$0.46 / 1EA,https://www.woolworths.com.au/shop/productdetails/701959/twinings-infuse-blueberry-apple-blackcurrant,https://cdn0.woolworths.media/content/wowproductimages/medium/701959.jpg,2020-09-21 16:53:59,,0,,True
4cadddd7-9eed-45b8-ae42-b221f6071629,Woolworths Supermarket,Drinks,Twinings Infuse Watermelon Strawberry & Mint 12 pack,701963,$5.50,$0.46 / 1EA,https://www.woolworths.com.au/shop/productdetails/701963/twinings-infuse-watermelon-strawberry-mint,https://cdn0.woolworths.media/content/wowproductimages/medium/701963.jpg,2020-09-21 16:53:59,,0,,True
d331941a-6f02-4181-9ff0-c675fe283477,Woolworths Supermarket,Drinks,Nudie Nothing But Oranges Pulp Free Juice 2l,702170,$8.00,$4.00 / 1L,https://www.woolworths.com.au/shop/productdetails/702170/nudie-nothing-but-oranges-pulp-free-juice,https://cdn0.woolworths.media/content/wowproductimages/medium/702170.jpg,2020-09-21 16:53:59,,0,,True
837d8a23-7488-40a4-947d-8125d66abd39,Woolworths Supermarket,Drinks,Schweppes Lemonade 1.1l,703393,$1.70,$1.55 / 1L,https://www.woolworths.com.au/shop/productdetails/703393/schweppes-lemonade,https://cdn0.woolworths.media/content/wowproductimages/medium/703393.jpg,2020-09-21 16:53:59,,0,,True
e0d2370c-36ed-4c42-b520-0490aa9db970,Woolworths Supermarket,Drinks,Nescafe Gold Smooth Instant Coffee 180g,703743,$11.50,$6.39 / 100G,https://www.woolworths.com.au/shop/productdetails/703743/nescafe-gold-smooth-instant-coffee,https://cdn0.woolworths.media/content/wowproductimages/medium/703743.jpg,2020-09-21 16:53:59,,0,Was $17.00 03/06/2020,True
7efc8426-6daf-4eb5-912d-14ac75eaccaa,Woolworths Supermarket,Drinks,V Energy Blue 500ml,705699,$3.00,$6.00 / 1L,https://www.woolworths.com.au/shop/productdetails/705699/v-energy-blue,https://cdn0.woolworths.media/content/wowproductimages/medium/705699.jpg,2020-09-21 16:53:59,,0,,True
0fde8cf8-49a0-424a-a35e-af134f65784e,Woolworths Supermarket,Drinks,V Energy Drink 6x275ml,707983,$12.00,$7.27 / 1L,https://www.woolworths.com.au/shop/productdetails/707983/v-energy-drink,https://cdn0.woolworths.media/content/wowproductimages/medium/707983.jpg,2020-09-21 16:53:59,,0,,True
d4eb5418-d4e3-4a26-9c76-f2cf6d631b5e,Woolworths Supermarket,Drinks,Monster Energy Juice Mango Loco 4 pack,708119,$11.70,$5.85 / 1L,https://www.woolworths.com.au/shop/productdetails/708119/monster-energy-juice-mango-loco,https://cdn0.woolworths.media/content/wowproductimages/medium/708119.jpg,2020-09-21 16:53:59,,0,,True
a18015c2-9da5-4f43-8ec5-2d81a2bbcbfa,Woolworths Supermarket,Drinks,Sanitarium So Good Long Life Original Almond Milk 1l,710014,$1.35,$1.35 / 1L,https://www.woolworths.com.au/shop/productdetails/710014/sanitarium-so-good-long-life-original-almond-milk,https://cdn0.woolworths.media/content/wowproductimages/medium/710014.jpg,2020-09-21 16:53:59,,0,,True
78a318fc-9cfd-4922-935e-ba6d0ee47a82,Woolworths Supermarket,Drinks,V Energy Drink Blue Can 250ml,711024,$2.30,$9.20 / 1L,https://www.woolworths.com.au/shop/productdetails/711024/v-energy-drink-blue-can,https://cdn0.woolworths.media/content/wowproductimages/medium/711024.jpg,2020-09-21 16:53:59,,0,,True
4e06fcbf-fe87-4eb8-9742-f880db539776,Woolworths Supermarket,Drinks,Daily Juice Orange Juice Pulp Free 500ml,711676,$2.30,$4.60 / 1L,https://www.woolworths.com.au/shop/productdetails/711676/daily-juice-orange-juice-pulp-free,https://cdn0.woolworths.media/content/wowproductimages/medium/711676.jpg,2020-09-21 16:53:59,,0,Was $2.85 17/06/2019,True
e2d432d1-ee5d-4662-8640-15ab949f545b,Woolworths Supermarket,Drinks,Daily Juice Breakfast 500ml,711677,$2.30,$4.60 / 1L,https://www.woolworths.com.au/shop/productdetails/711677/daily-juice-breakfast,https://cdn0.woolworths.media/content/wowproductimages/medium/711677.jpg,2020-09-21 16:53:59,,0,Was $2.85 17/06/2019,True
931696f2-5422-48d3-87e4-acedef301e73,Woolworths Supermarket,Drinks,Daily Juice No Added Sugar Orange Juice Screw Cap 500ml,711847,$2.30,$4.60 / 1L,https://www.woolworths.com.au/shop/productdetails/711847/daily-juice-no-added-sugar-orange-juice-screw-cap,https://cdn0.woolworths.media/content/wowproductimages/medium/711847.jpg,2020-09-21 16:53:59,,0,,True
639b18f6-91f2-476f-8151-6e0caa8e7652,Woolworths Supermarket,Drinks,Twinings Australian Afternoon Tea Bags 10 pack,714439,$2.70,$0.27 / 1EA,https://www.woolworths.com.au/shop/productdetails/714439/twinings-australian-afternoon-tea-bags,https://cdn0.woolworths.media/content/wowproductimages/medium/714439.jpg,2020-09-21 16:53:59,,0,,True
b544f9e9-af26-4f62-b2a0-94970fc5bafe,Woolworths Supermarket,Drinks,Twinings Australian Afternoon Tea Bags 100 pack,714457,$11.00,$0.11 / 1EA,https://www.woolworths.com.au/shop/productdetails/714457/twinings-australian-afternoon-tea-bags,https://cdn0.woolworths.media/content/wowproductimages/medium/714457.jpg,2020-09-21 16:53:59,,0,,True
978301ed-5026-4b9b-b555-88aa0bc0db62,Woolworths Supermarket,Drinks,Arizona Green Tea With Honey Ice Tea 500ml,714850,$1.95,$3.90 / 1L,https://www.woolworths.com.au/shop/productdetails/714850/arizona-green-tea-with-honey-ice-tea,https://cdn0.woolworths.media/content/wowproductimages/medium/714850.jpg,2020-09-21 16:53:59,,0,Was $2.19 27/02/2017,True
d4a81aaf-e355-4a45-9e88-896d1816e8b7,Woolworths Supermarket,Drinks,Arizona Ice Tea With Peach 500ml,714860,$1.95,$3.90 / 1L,https://www.woolworths.com.au/shop/productdetails/714860/arizona-ice-tea-with-peach,https://cdn0.woolworths.media/content/wowproductimages/medium/714860.jpg,2020-09-21 16:53:59,,0,Was $2.19 27/02/2017,True
77c54288-a299-4d60-b94e-13bbdbbed108,Woolworths Supermarket,Drinks,Nudie Nothing But Breakfast Juice 2l,716767,$7.50,$3.75 / 1L,https://www.woolworths.com.au/shop/productdetails/716767/nudie-nothing-but-breakfast-juice,https://cdn0.woolworths.media/content/wowproductimages/medium/716767.jpg,2020-09-21 16:53:59,,0,,True
086f2b8f-f0ee-4c0d-876c-474531d640f9,Woolworths Supermarket,Drinks,Nudie Nothing But Orange Apple & Mango 2l,716811,$7.50,$3.75 / 1L,https://www.woolworths.com.au/shop/productdetails/716811/nudie-nothing-but-orange-apple-mango,https://cdn0.woolworths.media/content/wowproductimages/medium/716811.jpg,2020-09-21 16:53:59,,0,,True
0365a061-5eae-453e-b03a-994a0cb582bb,Woolworths Supermarket,Drinks,Living Planet Uht Goats Milk 1l,721421,$4.70,$4.70 / 1L,https://www.woolworths.com.au/shop/productdetails/721421/living-planet-uht-goats-milk,https://cdn0.woolworths.media/content/wowproductimages/medium/721421.jpg,2020-09-21 16:53:59,,0,,True
49f326cf-f5ec-42ad-91a0-9c86f3c48671,Woolworths Supermarket,Drinks,Powerade Zero Berry Ice Flo Cap 600ml,723452,$2.00,$3.33 / 1L,https://www.woolworths.com.au/shop/productdetails/723452/powerade-zero-berry-ice-flo-cap,https://cdn0.woolworths.media/content/wowproductimages/medium/723452.jpg,2020-09-21 16:53:59,,0,,True
3c7fd0bc-311d-4462-9e69-79b178821df0,Woolworths Supermarket,Drinks,Powerade Zero Mountain Blast Flo Cap 600ml,723453,$2.00,$3.33 / 1L,https://www.woolworths.com.au/shop/productdetails/723453/powerade-zero-mountain-blast-flo-cap,https://cdn0.woolworths.media/content/wowproductimages/medium/723453.jpg,2020-09-21 16:53:59,,0,,True
9075abe5-143d-40e7-9a1c-2e783a94cc55,Woolworths Supermarket,Drinks,Cocobella Cocobella Straight Up Coconut Water 1l,724514,$5.00,$5.00 / 1L,https://www.woolworths.com.au/shop/productdetails/724514/cocobella-cocobella-straight-up-coconut-water,https://cdn0.woolworths.media/content/wowproductimages/medium/724514.jpg,2020-09-21 16:53:59,,0,,True
bb8eccf2-62ae-492a-a83e-309d9691ec84,Woolworths Supermarket,Drinks,Mount Franklin Lightly Sparkling Water Lime 1.25l,725866,$2.00,$1.60 / 1L,https://www.woolworths.com.au/shop/productdetails/725866/mount-franklin-lightly-sparkling-water-lime,https://cdn0.woolworths.media/content/wowproductimages/medium/725866.jpg,2020-09-21 16:53:59,,0,,True
768e3b95-4ac8-4b07-875f-906f82bc57bd,Woolworths Supermarket,Drinks,T2 Melbourne Breakfast Black Tea Bags 25 pack,726937,$14.00,$0.56 / 1EA,https://www.woolworths.com.au/shop/productdetails/726937/t2-melbourne-breakfast-black-tea-bags,https://cdn0.woolworths.media/content/wowproductimages/medium/726937.jpg,2020-09-21 16:53:59,,0,,True
20e7805c-cb92-4db3-ab63-b377c8aa2161,Woolworths Supermarket,Drinks,T2 French Earl Grey Black Tea Bags 25 pack,727013,$15.00,$0.60 / 1EA,https://www.woolworths.com.au/shop/productdetails/727013/t2-french-earl-grey-black-tea-bags,https://cdn0.woolworths.media/content/wowproductimages/medium/727013.jpg,2020-09-21 16:53:59,,0,,True
2261be38-af1b-49ef-a2be-e64b8be80779,Woolworths Supermarket,Drinks,The Apple Press Jazz Cold Pressed Apple 1.5l,728015,$6.50,$4.33 / 1L,https://www.woolworths.com.au/shop/productdetails/728015/the-apple-press-jazz-cold-pressed-apple,https://cdn0.woolworths.media/content/wowproductimages/medium/728015.jpg,2020-09-21 16:53:59,Average product rating out of 5: 4.5. Product score is based on 393 ratings,393,,True
91706612-4443-4376-a341-a710d66f51ec,Woolworths Supermarket,Drinks,Twinings Assam Bold Tea 80 pack,728313,$11.00,$0.14 / 1EA,https://www.woolworths.com.au/shop/productdetails/728313/twinings-assam-bold-tea,https://cdn0.woolworths.media/content/wowproductimages/medium/728313.jpg,2020-09-21 16:53:59,,0,,True
a7c9b712-4231-4329-884d-cba3365972e6,Woolworths Supermarket,Drinks,Woolworths Apple Juice 6x250ml,729168,$2.30,$1.53 / 1L,https://www.woolworths.com.au/shop/productdetails/729168/woolworths-apple-juice,https://cdn0.woolworths.media/content/wowproductimages/medium/729168.jpg,2020-09-21 16:53:59,Average product rating out of 5: 4.6. Product score is based on 318 ratings,318,,True
b3a777e8-e75e-4ec3-8ca1-81200709f030,Woolworths Supermarket,Drinks,Woolworths Apple & Blackcurrant Juice 6x250ml,729169,$2.30,$1.53 / 1L,https://www.woolworths.com.au/shop/productdetails/729169/woolworths-apple-blackcurrant-juice,https://cdn0.woolworths.media/content/wowproductimages/medium/729169.jpg,2020-09-21 16:53:59,Average product rating out of 5: 4.4. Product score is based on 330 ratings,330,,True
9be5e6a5-93ab-4601-b0de-c965416581b9,Woolworths Supermarket,Drinks,Mother Sugar Free Energy Drink 500ml,729283,$2.75,$5.50 / 1L,https://www.woolworths.com.au/shop/productdetails/729283/mother-sugar-free-energy-drink,https://cdn0.woolworths.media/content/wowproductimages/medium/729283.jpg,2020-09-21 16:53:59,,0,,True
a0c6f3ec-819a-4658-920b-38749928176b,Woolworths Supermarket,Drinks,Macro Organic Almond Milk 1l,730941,$2.80,$2.80 / 1L,https://www.woolworths.com.au/shop/productdetails/730941/macro-organic-almond-milk,https://cdn0.woolworths.media/content/wowproductimages/medium/730941.jpg,2020-09-21 16:53:59,Average product rating out of 5: 4.0. Product score is based on 244 ratings,244,,True
a66533be-f022-4522-bba7-211bdfd718cf,Woolworths Supermarket,Drinks,Pauls Zymil Full Cream Long Life Milk 1l,730998,$2.25,$2.25 / 1L,https://www.woolworths.com.au/shop/productdetails/730998/pauls-zymil-full-cream-long-life-milk,https://cdn0.woolworths.media/content/wowproductimages/medium/730998.jpg,2020-09-21 16:53:59,,0,Was $2.70 10/08/2020,True
6f8002e9-3f19-4566-8cd1-013b1cce121b,Woolworths Supermarket,Drinks,Mother Berry Energy Drink 500ml,732371,$2.75,$5.50 / 1L,https://www.woolworths.com.au/shop/productdetails/732371/mother-berry-energy-drink,https://cdn0.woolworths.media/content/wowproductimages/medium/732371.jpg,2020-09-21 16:53:59,,0,,True
6531a3de-01e4-48e3-9e62-1f6e5c7dedad,Woolworths Supermarket,Drinks,Moccona Freeze Dried Instant Coffee Hazelnut 95g,732545,$9.95,$10.47 / 100G,https://www.woolworths.com.au/shop/productdetails/732545/moccona-freeze-dried-instant-coffee-hazelnut,https://cdn0.woolworths.media/content/wowproductimages/medium/732545.jpg,2020-09-21 16:53:59,,0,,True
6f242d6d-2642-4ce1-8502-3fdd29401cf4,Woolworths Supermarket,Drinks,Mother Sugar Free Energy Drink 4x500ml,733745,$6.20,$3.10 / 1L,https://www.woolworths.com.au/shop/productdetails/733745/mother-sugar-free-energy-drink,https://cdn0.woolworths.media/content/wowproductimages/medium/733745.jpg,2020-09-21 16:53:59,,0,Was $11.15 25/06/2018,True
3b3f5ddd-2183-467c-9786-230c07798119,Woolworths Supermarket,Drinks,V Energy Pure Bottle 330ml,738591,$4.00,$12.12 / 1L,https://www.woolworths.com.au/shop/productdetails/738591/v-energy-pure-bottle,https://cdn0.woolworths.media/content/wowproductimages/medium/738591.jpg,2020-09-21 16:53:59,,0,,True
8b3e559d-a49d-46c5-8a1c-d6f8a2ea3db3,Woolworths Supermarket,Drinks,Grinders Fair Trade Organic Coffee Beans Crema 1kg,738617,$27.00,$2.70 / 100G,https://www.woolworths.com.au/shop/productdetails/738617/grinders-fair-trade-organic-coffee-beans-crema,https://cdn0.woolworths.media/content/wowproductimages/medium/738617.jpg,2020-09-21 16:53:59,,0,,True
44c57fe5-662c-460a-b1b4-f6dbc6dc6a9c,Woolworths Supermarket,Drinks,Avalanche Sugar Free Drinking Chocolate 200g,738745,$4.00,$2.00 / 100G,https://www.woolworths.com.au/shop/productdetails/738745/avalanche-sugar-free-drinking-chocolate,https://cdn0.woolworths.media/content/wowproductimages/medium/738745.jpg,2020-09-21 16:53:59,,0,,True
7cff365e-2a40-4822-9371-d0c25129dc7e,Woolworths Supermarket,Drinks,Cawston Press Apple & Ginger Juice 1l,738995,$4.00,$4.00 / 1L,https://www.woolworths.com.au/shop/productdetails/738995/cawston-press-apple-ginger-juice,https://cdn0.woolworths.media/content/wowproductimages/medium/738995.jpg,2020-09-21 16:53:59,,0,,True
f350c4fc-e815-4dd8-8ad8-07c70ff9f2d6,Woolworths Supermarket,Drinks,Mildura Orange & Passionfruit Fruit Drink 3l,739660,$4.80,$1.60 / 1L,https://www.woolworths.com.au/shop/productdetails/739660/mildura-orange-passionfruit-fruit-drink,https://cdn0.woolworths.media/content/wowproductimages/medium/739660.jpg,2020-09-21 16:53:59,,0,,True
3f549651-f1bb-4c53-a6fb-c0cb4e541f91,Woolworths Supermarket,Drinks,Mildura Orange Passionfruit Fruit Drink 500ml,739699,$2.00,$4.00 / 1L,https://www.woolworths.com.au/shop/productdetails/739699/mildura-orange-passionfruit-fruit-drink,https://cdn0.woolworths.media/content/wowproductimages/medium/739699.jpg,2020-09-21 16:53:59,,0,Was $2.50 21/08/2019,True
e6ba4068-dc7c-43e8-ad01-c8d98df2ea67,Woolworths Supermarket,Drinks,Mildura Orange Mango Fruit Drink 500ml,739700,$2.00,$4.00 / 1L,https://www.woolworths.com.au/shop/productdetails/739700/mildura-orange-mango-fruit-drink,https://cdn0.woolworths.media/content/wowproductimages/medium/739700.jpg,2020-09-21 16:53:59,,0,Was $2.50 21/08/2019,True
5e41b1e3-0bed-41da-bb3f-93fd9197ce70,Woolworths Supermarket,Drinks,Woolworths Chocolate Milk 6x200ml,739730,$3.15,$2.63 / 1L,https://www.woolworths.com.au/shop/productdetails/739730/woolworths-chocolate-milk,https://cdn0.woolworths.media/content/wowproductimages/medium/739730.jpg,2020-09-21 16:53:59,Average product rating out of 5: 4.3. Product score is based on 328 ratings,328,,True
287e3d6f-d7e4-4370-95b8-1c2d460d6a10,Woolworths Supermarket,Drinks,Mildura Orange & Mango Fruit Drink 3l,739869,$4.80,$1.60 / 1L,https://www.woolworths.com.au/shop/productdetails/739869/mildura-orange-mango-fruit-drink,https://cdn0.woolworths.media/content/wowproductimages/medium/739869.jpg,2020-09-21 16:53:59,,0,,True
4a7d617f-576e-40e4-b16a-c5e094624cde,Woolworths Supermarket,Drinks,Nudie Nothing But Oranges With Pulp 1l,739970,$4.50,$4.50 / 1L,https://www.woolworths.com.au/shop/productdetails/739970/nudie-nothing-but-oranges-with-pulp,https://cdn0.woolworths.media/content/wowproductimages/medium/739970.jpg,2020-09-21 16:53:59,,0,,True
89dcdb34-15d0-43d5-8e1c-6c91b8d8dc53,Woolworths Supermarket,Drinks,Nudie Nothing But Apple Juice 1l,740011,$4.50,$4.50 / 1L,https://www.woolworths.com.au/shop/productdetails/740011/nudie-nothing-but-apple-juice,https://cdn0.woolworths.media/content/wowproductimages/medium/740011.jpg,2020-09-21 16:53:59,,0,,True
05aa8b22-5209-4356-b924-0e550b370582,Woolworths Supermarket,Drinks,Sunraysia Organic Apple 100% Juice 200ml,741137,$1.30,$6.50 / 1L,https://www.woolworths.com.au/shop/productdetails/741137/sunraysia-organic-apple-100-juice,https://cdn0.woolworths.media/content/wowproductimages/medium/741137.jpg,2020-09-21 16:53:59,,0,5 for $5.00 $5.00/1L,True
6e49db96-dc45-49e3-8e13-b59c5abf1cdc,Woolworths Supermarket,Drinks,Sunraysia Organic Tropical 100% Juice 200ml,741153,$1.30,$6.50 / 1L,https://www.woolworths.com.au/shop/productdetails/741153/sunraysia-organic-tropical-100-juice,https://cdn0.woolworths.media/content/wowproductimages/medium/741153.jpg,2020-09-21 16:53:59,,0,5 for $5.00 $5.00/1L,True
ae350e19-1f8c-43e0-b366-0aac3eb9829b,Woolworths Supermarket,Drinks,Sunraysia Organic Apple & Blackcurrant 100% Juice 200ml,741174,$1.30,$6.50 / 1L,https://www.woolworths.com.au/shop/productdetails/741174/sunraysia-organic-apple-blackcurrant-100-juice,https://cdn0.woolworths.media/content/wowproductimages/medium/741174.jpg,2020-09-21 16:53:59,,0,5 for $5.00 $5.00/1L,True
4cce000e-11e8-4eac-9d11-7e318469489d,Woolworths Supermarket,Drinks,Sanitarium So Good Long Life Unsweetened Almond Milk 1l,744490,$1.35,$1.35 / 1L,https://www.woolworths.com.au/shop/productdetails/744490/sanitarium-so-good-long-life-unsweetened-almond-milk,https://cdn0.woolworths.media/content/wowproductimages/medium/744490.jpg,2020-09-21 16:53:59,,0,,True
d157cc31-bc01-4720-9f0f-99190a04e67d,Woolworths Supermarket,Drinks,Mount Franklin Lightly Sparkling Water Bottle Lime 450ml x4 pack,744892,$6.30,$3.50 / 1L,https://www.woolworths.com.au/shop/productdetails/744892/mount-franklin-lightly-sparkling-water-bottle-lime,https://cdn0.woolworths.media/content/wowproductimages/medium/744892.jpg,2020-09-21 16:53:59,,0,,True
a5375995-6a54-4771-944e-1b8df70ecc6c,Woolworths Supermarket,Drinks,Woolworths Uht Lite Milk 1l,748596,$1.25,$1.25 / 1L,https://www.woolworths.com.au/shop/productdetails/748596/woolworths-uht-lite-milk,https://cdn0.woolworths.media/content/wowproductimages/medium/748596.jpg,2020-09-21 16:53:59,Average product rating out of 5: 4.7. Product score is based on 14 ratings,14,,True
b286cd04-7bbe-4bf6-8854-4d66a6ff5654,Woolworths Supermarket,Drinks,Woolworths Uht Skim Milk 1l,748597,$1.25,$1.25 / 1L,https://www.woolworths.com.au/shop/productdetails/748597/woolworths-uht-skim-milk,https://cdn0.woolworths.media/content/wowproductimages/medium/748597.jpg,2020-09-21 16:53:59,Average product rating out of 5: 4.2. Product score is based on 42 ratings,42,,True
e69a7544-1722-40a4-b8f2-b5b1381f906e,Woolworths Supermarket,Drinks,Woolworths Spring Water 6x1.5l bottles,749792,$4.15,$0.46 / 1L,https://www.woolworths.com.au/shop/productdetails/749792/woolworths-spring-water,https://cdn0.woolworths.media/content/wowproductimages/medium/749792.jpg,2020-09-21 16:53:59,,0,,True
430a0cc0-b054-4ae0-99d4-7847573e3a93,Woolworths Supermarket,Drinks,V8 Fruit & Vegetable Breakfast Juice 3x250ml,749800,$3.00,$4.00 / 1L,https://www.woolworths.com.au/shop/productdetails/749800/v8-fruit-vegetable-breakfast-juice,https://cdn0.woolworths.media/content/wowproductimages/medium/749800.jpg,2020-09-21 16:53:59,,0,,True
97259128-e2f8-4b16-a49c-7bbb319addbd,Woolworths Supermarket,Drinks,V8 Fruit & Veg Apple Berry Fusion 3x250ml,749803,$3.00,$4.00 / 1L,https://www.woolworths.com.au/shop/productdetails/749803/v8-fruit-veg-apple-berry-fusion,https://cdn0.woolworths.media/content/wowproductimages/medium/749803.jpg,2020-09-21 16:53:59,,0,,True
76f46581-4eeb-4fed-8c2a-d6ec3ab08f41,Woolworths Supermarket,Drinks,V8 Original Vegetable Juice 1.25l,749813,$3.50,$2.80 / 1L,https://www.woolworths.com.au/shop/productdetails/749813/v8-original-vegetable-juice,https://cdn0.woolworths.media/content/wowproductimages/medium/749813.jpg,2020-09-21 16:53:59,,0,,True
a63f7b86-58ba-45ab-86aa-d1e54e93e89c,Woolworths Supermarket,Drinks,V8 Hot & Spicy Vegetable Juice 1.25l,749821,$3.50,$2.80 / 1L,https://www.woolworths.com.au/shop/productdetails/749821/v8-hot-spicy-vegetable-juice,https://cdn0.woolworths.media/content/wowproductimages/medium/749821.jpg,2020-09-21 16:53:59,,0,,True
6c09385c-c9b9-4f49-b246-f92bc54acf7f,Woolworths Supermarket,Drinks,V8 Low Sodium Vegetable Juice 1.25l,749834,$3.50,$2.80 / 1L,https://www.woolworths.com.au/shop/productdetails/749834/v8-low-sodium-vegetable-juice,https://cdn0.woolworths.media/content/wowproductimages/medium/749834.jpg,2020-09-21 16:53:59,,0,,True
f1f26e5e-a63a-402e-befa-45e4baaeb191,Woolworths Supermarket,Drinks,Taylors Of Harrogate Yorkshire Tea Bags 100 pack,750176,$5.00,$0.05 / 1EA,https://www.woolworths.com.au/shop/productdetails/750176/taylors-of-harrogate-yorkshire-tea-bags,https://cdn0.woolworths.media/content/wowproductimages/medium/750176.jpg,2020-09-21 16:53:59,,0,,True
c427ecab-e015-4c17-b21d-e95a38d22956,Woolworths Supermarket,Drinks,V8 Fruit & Veggie Juice Tropical Fusion 300ml,750803,$2.30,$7.67 / 1L,https://www.woolworths.com.au/shop/productdetails/750803/v8-fruit-veggie-juice-tropical-fusion,https://cdn0.woolworths.media/content/wowproductimages/medium/750803.jpg,2020-09-21 16:53:59,,0,,True
54a3576d-c1b0-4611-9284-bedbb29aec95,Woolworths Supermarket,Drinks,Nescafe Dolce Gusto Coffee Capsules Cafe Au Lait 16 pack,754295,$8.50,$0.53 / 1EA,https://www.woolworths.com.au/shop/productdetails/754295/nescafe-dolce-gusto-coffee-capsules-cafe-au-lait,https://cdn0.woolworths.media/content/wowproductimages/medium/754295.jpg,2020-09-21 16:53:59,,0,,True
a7028521-89ec-470e-8350-3ae7141a09ed,Woolworths Supermarket,Drinks,Woolworths Tonic Water 1.25l,756045,$0.75,$0.60 / 1L,https://www.woolworths.com.au/shop/productdetails/756045/woolworths-tonic-water,https://cdn0.woolworths.media/content/wowproductimages/medium/756045.jpg,2020-09-21 16:53:59,Average product rating out of 5: 3.9. Product score is based on 476 ratings,476,,True
cb35d8f6-c893-4c5d-addf-bfea06bf0602,Woolworths Supermarket,Drinks,Woolworths Diet Tonic Water 1.25l,756049,$0.75,$0.60 / 1L,https://www.woolworths.com.au/shop/productdetails/756049/woolworths-diet-tonic-water,https://cdn0.woolworths.media/content/wowproductimages/medium/756049.jpg,2020-09-21 16:53:59,Average product rating out of 5: 3.9. Product score is based on 357 ratings,357,,True
23484ac6-a176-49f7-a116-8bd16379549f,Woolworths Supermarket,Drinks,Woolworths Diet Dry Ginger Ale Dry Ginger Ale 1.25l,756050,$0.75,$0.60 / 1L,https://www.woolworths.com.au/shop/productdetails/756050/woolworths-diet-dry-ginger-ale-dry-ginger-ale,https://cdn0.woolworths.media/content/wowproductimages/medium/756050.jpg,2020-09-21 16:53:59,Average product rating out of 5: 3.8. Product score is based on 389 ratings,389,,True
fa82a45b-bca5-4acb-a1bf-c3d36437ce3a,Woolworths Supermarket,Drinks,Woolworths Pineapple & Mango Sparkling Mineral Water 1.25l,756080,$0.75,$0.60 / 1L,https://www.woolworths.com.au/shop/productdetails/756080/woolworths-pineapple-mango-sparkling-mineral-water,https://cdn0.woolworths.media/content/wowproductimages/medium/756080.jpg,2020-09-21 16:53:59,Average product rating out of 5: 3.8. Product score is based on 291 ratings,291,,True
4501567a-3c17-402b-bcfc-7d083a545bba,Woolworths Supermarket,Drinks,Woolworths Lightly Sparkling Spring Water 500ml,756084,$1.60,$3.20 / 1L,https://www.woolworths.com.au/shop/productdetails/756084/woolworths-lightly-sparkling-spring-water,https://cdn0.woolworths.media/content/wowproductimages/medium/756084.jpg,2020-09-21 16:53:59,,0,,True
58d268a4-c37d-4353-9b97-9e9be952b805,Woolworths Supermarket,Drinks,Woolworths Lightly Sparkling Spring Water 1.25l,756086,$1.20,$0.96 / 1L,https://www.woolworths.com.au/shop/productdetails/756086/woolworths-lightly-sparkling-spring-water,https://cdn0.woolworths.media/content/wowproductimages/medium/756086.jpg,2020-09-21 16:53:59,Average product rating out of 5: 4.4. Product score is based on 519 ratings,519,,True
bf0c0cc9-7ee0-46e8-9df9-0b405e5125c5,Woolworths Supermarket,Drinks,Woolworths Lightly Sparkling Water With Lemon 1.25l,756087,$1.20,$0.96 / 1L,https://www.woolworths.com.au/shop/productdetails/756087/woolworths-lightly-sparkling-water-with-lemon,https://cdn0.woolworths.media/content/wowproductimages/medium/756087.jpg,2020-09-21 16:53:59,Average product rating out of 5: 3.8. Product score is based on 346 ratings,346,,True
f99fac08-d709-484b-baaa-569dd48f9e7c,Woolworths Supermarket,Drinks,Woolworths Lightly Sparkling Lime Water 1.25l,756089,$1.20,$0.96 / 1L,https://www.woolworths.com.au/shop/productdetails/756089/woolworths-lightly-sparkling-lime-water,https://cdn0.woolworths.media/content/wowproductimages/medium/756089.jpg,2020-09-21 16:53:59,Average product rating out of 5: 4.0. Product score is based on 296 ratings,296,,True
65a4449c-26e6-42f8-add2-ebbe44d35ca7,Woolworths Supermarket,Drinks,Bushells Turkish Coffee 250g,757042,$6.50,$2.60 / 100G,https://www.woolworths.com.au/shop/productdetails/757042/bushells-turkish-coffee,https://cdn0.woolworths.media/content/wowproductimages/medium/757042.jpg,2020-09-21 16:53:59,,0,,True
1edd6035-665f-4b8a-991a-fdfe9e346dbb,Woolworths Supermarket,Drinks,Woolworths Tropical Juice 6x250ml,757792,$2.30,$1.53 / 1L,https://www.woolworths.com.au/shop/productdetails/757792/woolworths-tropical-juice,https://cdn0.woolworths.media/content/wowproductimages/medium/757792.jpg,2020-09-21 16:53:59,Average product rating out of 5: 4.5. Product score is based on 364 ratings,364,,True
6cd41ece-7eda-4b50-adfc-0c86e5e6b58b,Woolworths Supermarket,Drinks,Almond Breeze Unsweetened Almond Milk 1l,761604,$2.50,$2.50 / 1L,https://www.woolworths.com.au/shop/productdetails/761604/almond-breeze-unsweetened-almond-milk,https://cdn0.woolworths.media/content/wowproductimages/medium/761604.jpg,2020-09-21 16:53:59,,0,Was $3.25 13/03/2017,True
88af9967-4a99-4526-9a99-9e161fb8f54e,Woolworths Supermarket,Drinks,Almond Breeze Flavoured Chocolate Milk 1l,761612,$2.70,$2.70 / 1L,https://www.woolworths.com.au/shop/productdetails/761612/almond-breeze-flavoured-chocolate-milk,https://cdn0.woolworths.media/content/wowproductimages/medium/761612.jpg,2020-09-21 16:53:59,,0,Was $3.59 13/03/2017,True
47818c47-83cd-44c5-8b21-73ff33a6113a,Woolworths Supermarket,Drinks,Sunraysia Prune Juice 1l,765676,$4.50,$4.50 / 1L,https://www.woolworths.com.au/shop/productdetails/765676/sunraysia-prune-juice,https://cdn0.woolworths.media/content/wowproductimages/medium/765676.jpg,2020-09-21 16:53:59,,0,,True
e6d689b0-2115-4a95-bf32-ed51fe9b28b0,Woolworths Supermarket,Drinks,Mount Franklin Lightly Sparkling Lime Water 4x450ml,766153,$6.30,$3.50 / 1L,https://www.woolworths.com.au/shop/productdetails/766153/mount-franklin-lightly-sparkling-lime-water,https://cdn0.woolworths.media/content/wowproductimages/medium/766153.jpg,2020-09-21 16:53:59,,0,,True
71b4d527-d876-40b0-8a98-f089661b3c92,Woolworths Supermarket,Drinks,Red Bull Energy Drink Zero 250ml,766988,$2.85,$11.40 / 1L,https://www.woolworths.com.au/shop/productdetails/766988/red-bull-energy-drink-zero,https://cdn0.woolworths.media/content/wowproductimages/medium/766988.jpg,2020-09-21 16:53:59,,0,,True
3d094429-1232-4d8e-8257-9b7b657c06cf,Woolworths Supermarket,Drinks,Red Bull Energy Drink Zero 4x250ml,767252,$10.20,$10.20 / 1L,https://www.woolworths.com.au/shop/productdetails/767252/red-bull-energy-drink-zero,https://cdn0.woolworths.media/content/wowproductimages/medium/767252.jpg,2020-09-21 16:53:59,,0,,True
4279d763-18f6-4930-9360-4179298c05fd,Woolworths Supermarket,Drinks,Moccona Mixes Strong Cappuccino 10 pack,767922,$4.50,$3.00 / 100G,https://www.woolworths.com.au/shop/productdetails/767922/moccona-mixes-strong-cappuccino,https://cdn0.woolworths.media/content/wowproductimages/medium/767922.jpg,2020-09-21 16:53:59,,0,Was $5.59 14/11/16,True
be6ea1d0-c4fa-4667-8977-3c19a38cdcc3,Woolworths Supermarket,Drinks,Moccona Mixes Latte 10 pack,767940,$4.50,$3.00 / 100G,https://www.woolworths.com.au/shop/productdetails/767940/moccona-mixes-latte,https://cdn0.woolworths.media/content/wowproductimages/medium/767940.jpg,2020-09-21 16:53:59,,0,Was $5.59 14/11/16,True
6774d6ff-e763-4a98-b569-46002afad83e,Woolworths Supermarket,Drinks,Moccona Mixes Cappuccino 10 pack,767983,$4.50,$0.45 / 1EA,https://www.woolworths.com.au/shop/productdetails/767983/moccona-mixes-cappuccino,https://cdn0.woolworths.media/content/wowproductimages/medium/767983.jpg,2020-09-21 16:53:59,,0,Was $5.59 14/11/16,True
35481338-b625-43d9-b2cc-56dbb14f2c87,Woolworths Supermarket,Drinks,Moccona Mixes Caramel Latte 10 pack,767993,$4.50,$3.21 / 100G,https://www.woolworths.com.au/shop/productdetails/767993/moccona-mixes-caramel-latte,https://cdn0.woolworths.media/content/wowproductimages/medium/767993.jpg,2020-09-21 16:53:59,,0,Was $5.59 14/11/16,True
dd5f97a7-2c4a-4424-9009-3e753a50cb3b,Woolworths Supermarket,Drinks,Amplify Organic Kombucha Passionfruit & Lemonade 330ml,768523,$3.00,$9.09 / 1L,https://www.woolworths.com.au/shop/productdetails/768523/amplify-organic-kombucha-passionfruit-lemonade,https://cdn0.woolworths.media/content/wowproductimages/medium/768523.jpg,2020-09-21 16:53:59,,0,,True
79fbc3ac-9301-446d-9be3-ee5a58a59769,Woolworths Supermarket,Drinks,Sustagen Vanilla Ready To Drink 3x250ml,768721,$5.49,$7.32 / 1L,https://www.woolworths.com.au/shop/productdetails/768721/sustagen-vanilla-ready-to-drink,https://cdn0.woolworths.media/content/wowproductimages/medium/768721.jpg,2020-09-21 16:53:59,,0,,True
5443b23e-d939-4702-9a90-46e990759eb9,Woolworths Supermarket,Drinks,Moccona Sweet Cappuccino 10 pack,769254,$4.50,$3.00 / 100G,https://www.woolworths.com.au/shop/productdetails/769254/moccona-sweet-cappuccino,https://cdn0.woolworths.media/content/wowproductimages/medium/769254.jpg,2020-09-21 16:53:59,,0,Was $5.59 14/11/16,True
f01fa175-475d-4441-87ba-f665ec9c4fff,Woolworths Supermarket,Drinks,Moccona Skim Cappuccino 10pk 140g,769305,$4.50,$3.21 / 100G,https://www.woolworths.com.au/shop/productdetails/769305/moccona-skim-cappuccino,https://cdn0.woolworths.media/content/wowproductimages/medium/769305.jpg,2020-09-21 16:53:59,,0,Was $5.59 14/11/16,True
f0d90963-ccd3-4763-985d-f47134e53df2,Woolworths Supermarket,Drinks,Lucozade Orange Energy Drink 380ml,769415,$2.80,$7.37 / 1L,https://www.woolworths.com.au/shop/productdetails/769415/lucozade-orange-energy-drink,https://cdn0.woolworths.media/content/wowproductimages/medium/769415.jpg,2020-09-21 16:53:59,,0,,True
bb4e58fb-8900-4312-b0c9-319d6d988655,Woolworths Supermarket,Drinks,Lucozade Original Energy Drink 380ml,769446,$2.80,$7.37 / 1L,https://www.woolworths.com.au/shop/productdetails/769446/lucozade-original-energy-drink,https://cdn0.woolworths.media/content/wowproductimages/medium/769446.jpg,2020-09-21 16:53:59,,0,,True
ecbe3e17-4682-456c-a038-fe975d829962,Woolworths Supermarket,Drinks,Schlossgold Non Alcoholic Beer Beer 6x500ml,769465,$10.99,$3.66 / 1L,https://www.woolworths.com.au/shop/productdetails/769465/schlossgold-non-alcoholic-beer-beer,https://cdn0.woolworths.media/content/wowproductimages/medium/769465.jpg,2020-09-21 16:53:59,,0,,True
9796d478-06d7-4773-b94c-b53f0a511360,Woolworths Supermarket,Drinks,Sprite No Sugar Mini Cans 200ml x8 pack,769825,$6.00,$3.75 / 1L,https://www.woolworths.com.au/shop/productdetails/769825/sprite-no-sugar-mini-cans,https://cdn0.woolworths.media/content/wowproductimages/medium/769825.jpg,2020-09-21 16:53:59,,0,Was $8.30 23/04/2018,True
7ad41996-1c1a-445b-9d69-307021d52109,Woolworths Supermarket,Drinks,Staminade Wild Berry Rush 585g,770082,$9.40,$1.61 / 100G,https://www.woolworths.com.au/shop/productdetails/770082/staminade-wild-berry-rush,https://cdn0.woolworths.media/content/wowproductimages/medium/770082.jpg,2020-09-21 16:53:59,,0,,True
e3a134cc-ca5d-4107-b89d-63b625cce004,Woolworths Supermarket,Drinks,Woolworths Spring Water 12x600ml,770183,$3.20,$0.44 / 1L,https://www.woolworths.com.au/shop/productdetails/770183/woolworths-spring-water,https://cdn0.woolworths.media/content/wowproductimages/medium/770183.jpg,2020-09-21 16:53:59,,0,,True
8bade3c5-9c7f-43eb-ada8-88a49f844ce7,Woolworths Supermarket,Drinks,Maximus Blue Bring It On 1l,770266,$1.80,$1.80 / 1L,https://www.woolworths.com.au/shop/productdetails/770266/maximus-blue-bring-it-on,https://cdn0.woolworths.media/content/wowproductimages/medium/770266.jpg,2020-09-21 16:53:59,,0,,True
b16f6f86-50bb-4370-bace-5fb41206470d,Woolworths Supermarket,Drinks,Schweppes Lemonade Can 375ml x30 pack,773144,$14.00,$1.24 / 1L,https://www.woolworths.com.au/shop/productdetails/773144/schweppes-lemonade-can,https://cdn0.woolworths.media/content/wowproductimages/medium/773144.jpg,2020-09-21 16:53:59,,0,,True
eba19ac5-e80c-4599-8aaf-74f989ff23a9,Woolworths Supermarket,Drinks,Cawston Press Brilliant Beetroot 1l,774183,$4.00,$4.00 / 1L,https://www.woolworths.com.au/shop/productdetails/774183/cawston-press-brilliant-beetroot,https://cdn0.woolworths.media/content/wowproductimages/medium/774183.jpg,2020-09-21 16:53:59,,0,,True
9d7964d5-d704-4a7e-88b1-a18aed850c1d,Woolworths Supermarket,Drinks,Woolworths Soy Milk 1l,779130,$1.15,$1.15 / 1L,https://www.woolworths.com.au/shop/productdetails/779130/woolworths-soy-milk,https://cdn0.woolworths.media/content/wowproductimages/medium/779130.jpg,2020-09-21 16:53:59,Average product rating out of 5: 4.3. Product score is based on 46 ratings,46,,True
869ca64a-d1b3-47b1-a114-d77c751ede23,Woolworths Supermarket,Drinks,Woolworths Unsweetened Almond Milk 1l,779134,$2.00,$2.00 / 1L,https://www.woolworths.com.au/shop/productdetails/779134/woolworths-unsweetened-almond-milk,https://cdn0.woolworths.media/content/wowproductimages/medium/779134.jpg,2020-09-21 16:53:59,Average product rating out of 5: 4.0. Product score is based on 272 ratings,272,,True
6ff07685-66b5-449f-808a-d98e117b2aae,Woolworths Supermarket,Drinks,Vittoria Organic Coffee Beans Organic 1kg,781407,$37.00,$3.70 / 100G,https://www.woolworths.com.au/shop/productdetails/781407/vittoria-organic-coffee-beans-organic,https://cdn0.woolworths.media/content/wowproductimages/medium/781407.jpg,2020-09-21 16:53:59,,0,,True
3a39330a-25a2-4d94-a6c0-d2156bc1e444,Woolworths Supermarket,Drinks,Schweppes Lemonade Cans 6 x200ml,782307,$5.30,$4.42 / 1L,https://www.woolworths.com.au/shop/productdetails/782307/schweppes-lemonade-cans,https://cdn0.woolworths.media/content/wowproductimages/medium/782307.jpg,2020-09-21 16:53:59,,0,,True
17f70588-c9ee-4f25-baf3-d24ee5781b46,Woolworths Supermarket,Drinks,Pepsi Max Mini Cans 6x200ml,782321,$5.30,$4.42 / 1L,https://www.woolworths.com.au/shop/productdetails/782321/pepsi-max-mini-cans,https://cdn0.woolworths.media/content/wowproductimages/medium/782321.jpg,2020-09-21 16:53:59,,0,,True
2fb24d5e-3067-4760-8f62-c1911aadbb03,Woolworths Supermarket,Drinks,Nudie Nothing But Carrot Ginger & More 400ml,784641,$3.20,$8.00 / 1L,https://www.woolworths.com.au/shop/productdetails/784641/nudie-nothing-but-carrot-ginger-more,https://cdn0.woolworths.media/content/wowproductimages/medium/784641.jpg,2020-09-21 16:53:59,,0,,True
790f5549-1111-47c2-ba86-f8f12cbc44aa,Woolworths Supermarket,Drinks,"Nudie Nothing But Carrot, Orange, Apple & Ginger 2l",784642,$8.00,$4.00 / 1L,https://www.woolworths.com.au/shop/productdetails/784642/nudie-nothing-but-carrot-orange-apple-ginger,https://cdn0.woolworths.media/content/wowproductimages/medium/784642.jpg,2020-09-21 16:53:59,,0,,True
4ace8c6d-df5a-4564-91ad-f1a349b564a8,Woolworths Supermarket,Drinks,Raw C Coconut Water Pure Natural 1l,785627,$5.00,$5.00 / 1L,https://www.woolworths.com.au/shop/productdetails/785627/raw-c-coconut-water-pure-natural,https://cdn0.woolworths.media/content/wowproductimages/medium/785627.jpg,2020-09-21 16:53:59,,0,,True
b2287db3-08cb-43d7-8290-95ef8d25335b,Woolworths Supermarket,Drinks,Woolworths Orange & Passionfruit Concentrate 500ml,785903,$1.50,$3.00 / 1L,https://www.woolworths.com.au/shop/productdetails/785903/woolworths-orange-passionfruit-concentrate,https://cdn0.woolworths.media/content/wowproductimages/medium/785903.jpg,2020-09-21 16:53:59,Average product rating out of 5: 3.4. Product score is based on 436 ratings,436,,True
a38fd82d-9f8d-46b2-933f-98127c9e7cd9,Woolworths Supermarket,Drinks,H2coco 100% Natural Pure Coconut Water 1l,786195,,,https://www.woolworths.com.au/shop/productdetails/786195/h2coco-100-natural-pure-coconut-water,https://cdn0.woolworths.media/content/wowproductimages/medium/786195.jpg,2020-09-21 16:53:59,,0,Was $6.00 21/07/2019,False
4a14a0c7-0893-464a-b103-80bbe1e2d565,Woolworths Supermarket,Drinks,Golden Circle Apricot Nectar 1l,786547,$2.40,$2.40 / 1L,https://www.woolworths.com.au/shop/productdetails/786547/golden-circle-apricot-nectar,https://cdn0.woolworths.media/content/wowproductimages/medium/786547.jpg,2020-09-21 16:53:59,,0,,True
78592561-4499-4567-88ae-c683285f4a7d,Woolworths Supermarket,Drinks,Golden Circle Mango Nectar 1l,786549,$2.40,$2.40 / 1L,https://www.woolworths.com.au/shop/productdetails/786549/golden-circle-mango-nectar,https://cdn0.woolworths.media/content/wowproductimages/medium/786549.jpg,2020-09-21 16:53:59,,0,,True
6414ced3-6eb2-4f72-964f-3f6e7bdd3d06,Woolworths Supermarket,Drinks,Golden Circle Pear Nectar 1l,786550,$2.40,$2.40 / 1L,https://www.woolworths.com.au/shop/productdetails/786550/golden-circle-pear-nectar,https://cdn0.woolworths.media/content/wowproductimages/medium/786550.jpg,2020-09-21 16:53:59,,0,,True
3ae560f3-4762-4d62-af65-0c9100a98cb0,Woolworths Supermarket,Drinks,Golden Circle Guava Nectar 1l,786581,$2.40,$2.40 / 1L,https://www.woolworths.com.au/shop/productdetails/786581/golden-circle-guava-nectar,https://cdn0.woolworths.media/content/wowproductimages/medium/786581.jpg,2020-09-21 16:53:59,,0,,True
358f0f3d-0b71-47c2-b5b0-b439cd1595c4,Woolworths Supermarket,Drinks,Golden Circle Tomato Juice 1l,786697,$2.00,$2.00 / 1L,https://www.woolworths.com.au/shop/productdetails/786697/golden-circle-tomato-juice,https://cdn0.woolworths.media/content/wowproductimages/medium/786697.jpg,2020-09-21 16:53:59,,0,,True
9637371b-0534-4931-9351-c63fca4aecc5,Woolworths Supermarket,Drinks,Golden Circle Orange & Mango Fruit Drink 2l,787165,$3.00,$1.50 / 1L,https://www.woolworths.com.au/shop/productdetails/787165/golden-circle-orange-mango-fruit-drink,https://cdn0.woolworths.media/content/wowproductimages/medium/787165.jpg,2020-09-21 16:53:59,,0,Was $3.79 15/05/2017,True
0bca2038-8d8a-4e7d-94c2-7e07dd028d87,Woolworths Supermarket,Drinks,Golden Circle Pear Apple & Raspberry Fruit Drink 2l,787176,$3.00,$1.50 / 1L,https://www.woolworths.com.au/shop/productdetails/787176/golden-circle-pear-apple-raspberry-fruit-drink,https://cdn0.woolworths.media/content/wowproductimages/medium/787176.jpg,2020-09-21 16:53:59,,0,Was $3.79 15/05/2017,True
a492a067-3ec4-46b3-9b5f-a2239a423e78,Woolworths Supermarket,Drinks,Balance Cleanse Spring Water 1l,787271,$2.00,$2.00 / 1L,https://www.woolworths.com.au/shop/productdetails/787271/balance-cleanse-spring-water,https://cdn0.woolworths.media/content/wowproductimages/medium/787271.jpg,2020-09-21 16:53:59,,0,Was $2.50 05/03/2018,True
761119c0-1664-4c5a-9ad4-b20d721bc317,Woolworths Supermarket,Drinks,Bickford's Cloudy Pear Juice 1l,787819,$5.80,$5.80 / 1L,https://www.woolworths.com.au/shop/productdetails/787819/bickford-s-cloudy-pear-juice,https://cdn0.woolworths.media/content/wowproductimages/medium/787819.jpg,2020-09-21 16:53:59,,0,,True
e3d1a33f-f789-47d1-932d-627db9bcdc0c,Woolworths Supermarket,Drinks,Quarter Past Coffee Syrup Vanilla 250ml,789306,$5.00,$2.00 / 100ML,https://www.woolworths.com.au/shop/productdetails/789306/quarter-past-coffee-syrup-vanilla,https://cdn0.woolworths.media/content/wowproductimages/medium/789306.jpg,2020-09-21 16:53:59,,0,,True
03903be1-fb97-4a5c-9915-c67d6dc52a97,Woolworths Supermarket,Drinks,Woolworths Full Cream Milk Powder 1kg,789357,$5.70,$0.57 / 100G,https://www.woolworths.com.au/shop/productdetails/789357/woolworths-full-cream-milk-powder,https://cdn0.woolworths.media/content/wowproductimages/medium/789357.jpg,2020-09-21 16:53:59,Average product rating out of 5: 4.1. Product score is based on 630 ratings,630,,True
a0002abe-96be-4849-93f9-5da807571ef2,Woolworths Supermarket,Drinks,Woolworths Skim Milk Powder 1kg,789358,$5.70,$0.57 / 100G,https://www.woolworths.com.au/shop/productdetails/789358/woolworths-skim-milk-powder,https://cdn0.woolworths.media/content/wowproductimages/medium/789358.jpg,2020-09-21 16:53:59,,0,,True
45651d70-cfa5-4ab9-9a4b-0599bd2be041,Woolworths Supermarket,Drinks,Devondale Moo Strawberry Milk 6x200ml,789937,$4.75,$3.96 / 1L,https://www.woolworths.com.au/shop/productdetails/789937/devondale-moo-strawberry-milk,https://cdn0.woolworths.media/content/wowproductimages/medium/789937.jpg,2020-09-21 16:53:59,,0,,True
accfd08c-ed22-4c6e-84cc-456cc1362de8,Woolworths Supermarket,Drinks,Sprite Can 250ml,792155,$2.10,$8.40 / 1L,https://www.woolworths.com.au/shop/productdetails/792155/sprite-can,https://cdn0.woolworths.media/content/wowproductimages/medium/792155.jpg,2020-09-21 16:53:59,,0,,True
763fdc52-acff-441b-a515-4e43e5d42c16,Woolworths Supermarket,Drinks,Coca-cola Can 250ml,792193,$2.10,$8.40 / 1L,https://www.woolworths.com.au/shop/productdetails/792193/coca-cola-can,https://cdn0.woolworths.media/content/wowproductimages/medium/792193.jpg,2020-09-21 16:53:59,,0,,True
b68bf936-490b-491a-a177-c7bbd3394754,Woolworths Supermarket,Drinks,Coca-cola Diet Fridge Mate Cans 10x375ml pack,793278,$12.30,$3.28 / 1L,https://www.woolworths.com.au/shop/productdetails/793278/coca-cola-diet-fridge-mate-cans,https://cdn0.woolworths.media/content/wowproductimages/medium/793278.jpg,2020-09-21 16:53:59,,0,,True
81ac02dd-3a56-47c2-ac85-58c4221052c0,Woolworths Supermarket,Drinks,Sprite Lemonade Cans 10x375ml pack,793285,$12.30,$3.28 / 1L,https://www.woolworths.com.au/shop/productdetails/793285/sprite-lemonade-cans,https://cdn0.woolworths.media/content/wowproductimages/medium/793285.jpg,2020-09-21 16:53:59,,0,,True
fba8fbc9-68a4-4c6d-99e3-179f8ad712c2,Woolworths Supermarket,Drinks,Sanitarium So Good Long Life Unsweetened Almond Coconut Milk 1l,793384,$1.35,$1.35 / 1L,https://www.woolworths.com.au/shop/productdetails/793384/sanitarium-so-good-long-life-unsweetened-almond-coconut-milk,https://cdn0.woolworths.media/content/wowproductimages/medium/793384.jpg,2020-09-21 16:53:59,,0,,True
b2509351-4b92-426b-af0d-0a0af26279aa,Woolworths Supermarket,Drinks,Pureharvest Coco Quench Coconut Milk 1l,793391,$3.50,$3.50 / 1L,https://www.woolworths.com.au/shop/productdetails/793391/pureharvest-coco-quench-coconut-milk,https://cdn0.woolworths.media/content/wowproductimages/medium/793391.jpg,2020-09-21 16:53:59,,0,,True
88cb8dd4-ac40-45b9-8fa1-94d99a79aac8,Woolworths Supermarket,Drinks,Mother Berry Energy Drink 4pk 500ml,793509,$6.20,$3.10 / 1L,https://www.woolworths.com.au/shop/productdetails/793509/mother-berry-energy-drink,https://cdn0.woolworths.media/content/wowproductimages/medium/793509.jpg,2020-09-21 16:53:59,,0,Was $11.15 25/06/2018,True
6d01c02f-c0a6-4b28-9e6e-a5a0a8245da9,Woolworths Supermarket,Drinks,Blue Diamond Almond Breeze Unsweetened Vanilla Almond Milk 1l,796060,$2.70,$2.70 / 1L,https://www.woolworths.com.au/shop/productdetails/796060/blue-diamond-almond-breeze-unsweetened-vanilla-almond-milk,https://cdn0.woolworths.media/content/wowproductimages/medium/796060.jpg,2020-09-21 16:53:59,,0,Was $3.59 13/03/2017,True
5e5f67db-638d-4742-a60d-9c65cb65dffc,Woolworths Supermarket,Drinks,Espressotoria Aurora Coffee Italian Coffee Capsules 100g,798705,$5.60,$0.47 / 1EA,https://www.woolworths.com.au/shop/productdetails/798705/espressotoria-aurora-coffee-italian-coffee-capsules,https://cdn0.woolworths.media/content/wowproductimages/medium/798705.jpg,2020-09-21 16:53:59,,0,,True
ecf78d4d-8b0f-499d-bc6f-9e463f8877de,Woolworths Supermarket,Drinks,Espressotoria Chicco D'oro Espresso Coffee Capsules 12 pack,798707,$4.50,$0.38 / 1EA,https://www.woolworths.com.au/shop/productdetails/798707/espressotoria-chicco-d-oro-espresso-coffee-capsules,https://cdn0.woolworths.media/content/wowproductimages/medium/798707.jpg,2020-09-21 16:53:59,,0,,True
19597a1e-fccb-4442-abff-388db917f81b,Woolworths Supermarket,Drinks,Espressotoria Coffee Capsules Caffe Aurora Espresso 12 pack,798714,$5.60,$0.47 / 1EA,https://www.woolworths.com.au/shop/productdetails/798714/espressotoria-coffee-capsules-caffe-aurora-espresso,https://cdn0.woolworths.media/content/wowproductimages/medium/798714.jpg,2020-09-21 16:53:59,,0,,True
8791fd20-5bf3-4240-89a4-9d9cfbeac39f,Woolworths Supermarket,Drinks,Gatorade Blue Bolt 1l,799681,$2.50,$2.50 / 1L,https://www.woolworths.com.au/shop/productdetails/799681/gatorade-blue-bolt,https://cdn0.woolworths.media/content/wowproductimages/medium/799681.jpg,2020-09-21 16:53:59,,0,,True
20a5aaf3-2ac9-4ac0-bdc3-bdc37add3826,Woolworths Supermarket,Drinks,Cococoast Natural Coconut Water Lychee 500ml,799788,$2.00,$4.00 / 1L,https://www.woolworths.com.au/shop/productdetails/799788/cococoast-natural-coconut-water-lychee,https://cdn0.woolworths.media/content/wowproductimages/medium/799788.jpg,2020-09-21 16:53:59,,0,,True
f6d6a4fb-eb16-4357-98a8-7fc633533190,Woolworths Supermarket,Drinks,Woolworths Free From Lactose Full Cream Milk 1l,799811,$1.70,$1.70 / 1L,https://www.woolworths.com.au/shop/productdetails/799811/woolworths-free-from-lactose-full-cream-milk,https://cdn0.woolworths.media/content/wowproductimages/medium/799811.jpg,2020-09-21 16:53:59,Average product rating out of 5: 4.5. Product score is based on 124 ratings,124,,True
a537e171-219c-4bc8-9123-49d2872849d0,Woolworths Supermarket,Drinks,Woolworths Free From Lactose Lite Milk 1l,799813,$1.70,$1.70 / 1L,https://www.woolworths.com.au/shop/productdetails/799813/woolworths-free-from-lactose-lite-milk,https://cdn0.woolworths.media/content/wowproductimages/medium/799813.jpg,2020-09-21 16:53:59,,0,,True
38bff49f-867c-4e90-bac8-4c891c5d7457,Woolworths Supermarket,Drinks,Cococoast Natural Coconut Water Passionfruit 500ml,799842,$2.00,$4.00 / 1L,https://www.woolworths.com.au/shop/productdetails/799842/cococoast-natural-coconut-water-passionfruit,https://cdn0.woolworths.media/content/wowproductimages/medium/799842.jpg,2020-09-21 16:53:59,,0,,True
97229350-dfa4-4a2b-8e0b-4789dd3705b7,Woolworths Supermarket,Drinks,Estel Premium Alkaline Sport Water 750ml,799996,$3.00,$4.00 / 1L,https://www.woolworths.com.au/shop/productdetails/799996/estel-premium-alkaline-sport-water,https://cdn0.woolworths.media/content/wowproductimages/medium/799996.jpg,2020-09-21 16:53:59,,0,,True
3a6c8919-29c3-44ad-a6a3-245ff5c94280,Woolworths Supermarket,Drinks,Jarrah Salted Caramel Latte 250g,800489,$6.00,$2.40 / 100G,https://www.woolworths.com.au/shop/productdetails/800489/jarrah-salted-caramel-latte,https://cdn0.woolworths.media/content/wowproductimages/medium/800489.jpg,2020-09-21 16:53:59,,0,,True
27f4f75e-61d8-44f6-83d0-0a07df42b960,Woolworths Supermarket,Drinks,Coca-cola Diet Can 250ml,800564,$2.10,$8.40 / 1L,https://www.woolworths.com.au/shop/productdetails/800564/coca-cola-diet-can,https://cdn0.woolworths.media/content/wowproductimages/medium/800564.jpg,2020-09-21 16:53:59,,0,,True
1b127fc5-5691-4509-b87a-5dcea55d482f,Woolworths Supermarket,Drinks,Bundaberg Traditional Lemonade 4x375ml 4x375ml,801323,$5.70,$3.80 / 1L,https://www.woolworths.com.au/shop/productdetails/801323/bundaberg-traditional-lemonade-4x375ml,https://cdn0.woolworths.media/content/wowproductimages/medium/801323.jpg,2020-09-21 16:53:59,,0,,True
6ed15525-c89d-4e22-a4da-b809c138a95d,Woolworths Supermarket,Drinks,E'stel Natural Alkaline Water 1l,802148,$1.50,$1.50 / 1L,https://www.woolworths.com.au/shop/productdetails/802148/e-stel-natural-alkaline-water,https://cdn0.woolworths.media/content/wowproductimages/medium/802148.jpg,2020-09-21 16:53:59,,0,,True
a1255715-49de-4cb7-b3a1-8753f9845685,Woolworths Supermarket,Drinks,Gatorade G-active Electrolyte Water Mango Flavoured No Sugar 600ml,802510,$3.40,$5.67 / 1L,https://www.woolworths.com.au/shop/productdetails/802510/gatorade-g-active-electrolyte-water-mango-flavoured-no-sugar,https://cdn0.woolworths.media/content/wowproductimages/medium/802510.jpg,2020-09-21 16:53:59,,0,,True
e722993a-35a7-4c6d-a23c-2918d47a8d31,Woolworths Supermarket,Drinks,Coca-cola No Sugarvanilla Soft Drink Bottle 600ml,803079,$3.00,$5.00 / 1L,https://www.woolworths.com.au/shop/productdetails/803079/coca-cola-no-sugarvanilla-soft-drink-bottle,https://cdn0.woolworths.media/content/wowproductimages/medium/803079.jpg,2020-09-21 16:53:59,,0,,True
3f04ae97-3fb5-4e1d-aba2-fc8b2f33b849,Woolworths Supermarket,Drinks,Monster Energy Drink Pipeline Punch 500ml,803888,$2.60,$5.20 / 1L,https://www.woolworths.com.au/shop/productdetails/803888/monster-energy-drink-pipeline-punch,https://cdn0.woolworths.media/content/wowproductimages/medium/803888.jpg,2020-09-21 16:53:59,,0,,True
e6246127-f5cb-468a-970c-8381f6f84cda,Woolworths Supermarket,Drinks,Woolworths Orange Juice Pulp Free 2l,804347,$5.25,$2.63 / 1L,https://www.woolworths.com.au/shop/productdetails/804347/woolworths-orange-juice-pulp-free,https://cdn0.woolworths.media/content/wowproductimages/medium/804347.jpg,2020-09-21 16:53:59,Average product rating out of 5: 4.5. Product score is based on 862 ratings,862,,True
5dc6bbcd-9cf5-4d4d-acca-cb950ce6271c,Woolworths Supermarket,Drinks,The Juice Squad Cranberry Juice 2l,805665,$5.00,$2.50 / 1L,https://www.woolworths.com.au/shop/productdetails/805665/the-juice-squad-cranberry-juice,https://cdn0.woolworths.media/content/wowproductimages/medium/805665.jpg,2020-09-21 16:53:59,,0,,True
7b81cdf3-4d5a-4e88-ba59-0d1c2deb23d3,Woolworths Supermarket,Drinks,Nudie Nothing But Guava Apple Juice 2l,805667,$8.00,$4.00 / 1L,https://www.woolworths.com.au/shop/productdetails/805667/nudie-nothing-but-guava-apple-juice,https://cdn0.woolworths.media/content/wowproductimages/medium/805667.jpg,2020-09-21 16:53:59,,0,,True
4d066be3-085a-4d47-a925-140f4d4b8588,Woolworths Supermarket,Drinks,The Juice Squad Pineapple Juice 2l,805787,$5.00,$2.50 / 1L,https://www.woolworths.com.au/shop/productdetails/805787/the-juice-squad-pineapple-juice,https://cdn0.woolworths.media/content/wowproductimages/medium/805787.jpg,2020-09-21 16:53:59,,0,,True
6eac4329-4f6a-48e0-a1d6-5d3dd329196b,Woolworths Supermarket,Drinks,Nescafe Dolce Gusto Americano 16 pack,805929,$8.50,$0.53 / 1EA,https://www.woolworths.com.au/shop/productdetails/805929/nescafe-dolce-gusto-americano,https://cdn0.woolworths.media/content/wowproductimages/medium/805929.jpg,2020-09-21 16:53:59,,0,,True
f5580244-a8ba-486c-8f13-dcc011523f04,Woolworths Supermarket,Drinks,Nescafe Dolce Gusto Intenso 16 capsules,805950,$8.50,$0.53 / 1EA,https://www.woolworths.com.au/shop/productdetails/805950/nescafe-dolce-gusto-intenso,https://cdn0.woolworths.media/content/wowproductimages/medium/805950.jpg,2020-09-21 16:53:59,,0,,True
25cee8cd-15b2-4b7f-a1c9-5e7835f4f104,Woolworths Supermarket,Drinks,Amplify Organic Kombucha Pineapple & Coconut 330ml,806068,$3.00,$9.09 / 1L,https://www.woolworths.com.au/shop/productdetails/806068/amplify-organic-kombucha-pineapple-coconut,https://cdn0.woolworths.media/content/wowproductimages/medium/806068.jpg,2020-09-21 16:53:59,,0,,True
65a3bbe3-761a-4c90-91be-788ba7811a3d,Woolworths Supermarket,Drinks,Gatorade G2 Raspberry 600ml,806597,$3.50,$5.83 / 1L,https://www.woolworths.com.au/shop/productdetails/806597/gatorade-g2-raspberry,https://cdn0.woolworths.media/content/wowproductimages/medium/806597.jpg,2020-09-21 16:53:59,,0,,True
07b3065b-3173-4334-a3da-62286f38c450,Woolworths Supermarket,Drinks,Gatorade G2 Citrus Blast 600ml,806598,$3.50,$5.83 / 1L,https://www.woolworths.com.au/shop/productdetails/806598/gatorade-g2-citrus-blast,https://cdn0.woolworths.media/content/wowproductimages/medium/806598.jpg,2020-09-21 16:53:59,,0,,True
98c6a66d-4917-404d-bd5d-107bcc8aacbc,Woolworths Supermarket,Drinks,Gatorade G2 Glacier Freeze 600ml,806627,$3.50,$5.83 / 1L,https://www.woolworths.com.au/shop/productdetails/806627/gatorade-g2-glacier-freeze,https://cdn0.woolworths.media/content/wowproductimages/medium/806627.jpg,2020-09-21 16:53:59,,0,,True
7185913c-8a34-4e04-a4fc-82b48cb83bb7,Woolworths Supermarket,Drinks,Sanitarium So Good Long Life Prebiotic Soy Milk 1l,807458,$2.00,$0.20 / 100ML,https://www.woolworths.com.au/shop/productdetails/807458/sanitarium-so-good-long-life-prebiotic-soy-milk,https://cdn0.woolworths.media/content/wowproductimages/medium/807458.jpg,2020-09-21 16:53:59,,0,,True
5381a4dd-7aa6-40a9-82ef-9e4914647432,Woolworths Supermarket,Drinks,Sanitarium So Good Long Life Unsweetened Almond Milk 250ml x3 pack,807459,$4.50,$0.60 / 100ML,https://www.woolworths.com.au/shop/productdetails/807459/sanitarium-so-good-long-life-unsweetened-almond-milk,https://cdn0.woolworths.media/content/wowproductimages/medium/807459.jpg,2020-09-21 16:53:59,,0,,True
5857f931-ad05-415c-8335-83082e1cfce2,Woolworths Supermarket,Drinks,The Juice Brothers Orange Pulp Free 1.5l,807545,$6.00,$4.00 / 1L,https://www.woolworths.com.au/shop/productdetails/807545/the-juice-brothers-orange-pulp-free,https://cdn0.woolworths.media/content/wowproductimages/medium/807545.jpg,2020-09-21 16:53:59,,0,,True
6afc747b-3885-4662-8a10-07b15c72e2f6,Woolworths Supermarket,Drinks,Remedy Lemon Lime Mint Kombucha 4 pack,807885,$8.75,$8.75 / 1L,https://www.woolworths.com.au/shop/productdetails/807885/remedy-lemon-lime-mint-kombucha,https://cdn0.woolworths.media/content/wowproductimages/medium/807885.jpg,2020-09-21 16:53:59,,0,,True
647395ef-949f-4716-880e-b68d38c5e1c0,Woolworths Supermarket,Drinks,Remedy Lemon Ginger Kombucha 4 pack,807892,$8.75,$8.75 / 1L,https://www.woolworths.com.au/shop/productdetails/807892/remedy-lemon-ginger-kombucha,https://cdn0.woolworths.media/content/wowproductimages/medium/807892.jpg,2020-09-21 16:53:59,,0,,True
363a4e0c-d3f0-40a2-aaf5-09c3beb71141,Woolworths Supermarket,Drinks,Remedy Raspberry Lemonade Kombucha 4 pack,807893,$8.75,$8.75 / 1L,https://www.woolworths.com.au/shop/productdetails/807893/remedy-raspberry-lemonade-kombucha,https://cdn0.woolworths.media/content/wowproductimages/medium/807893.jpg,2020-09-21 16:53:59,,0,,True
12e57228-2ada-49d1-bbfb-0c34b7d13d37,Woolworths Supermarket,Drinks,Nexba Elderflower & Lemon Kombucha 4x330ml,807946,$8.00,$6.06 / 1L,https://www.woolworths.com.au/shop/productdetails/807946/nexba-elderflower-lemon-kombucha,https://cdn0.woolworths.media/content/wowproductimages/medium/807946.jpg,2020-09-21 16:53:59,,0,,True
58d984a1-89cc-48ab-a6c2-0dad863cff75,Woolworths Supermarket,Drinks,Nexba Mixed Berry Kombucha 4x330ml,808011,$8.00,$6.06 / 1L,https://www.woolworths.com.au/shop/productdetails/808011/nexba-mixed-berry-kombucha,https://cdn0.woolworths.media/content/wowproductimages/medium/808011.jpg,2020-09-21 16:53:59,,0,,True
150d5ae6-f665-4278-a298-c5b1dc092529,Woolworths Supermarket,Drinks,Boost Berry Happy 350ml,808083,$4.00,$11.43 / 1L,https://www.woolworths.com.au/shop/productdetails/808083/boost-berry-happy,https://cdn0.woolworths.media/content/wowproductimages/medium/808083.jpg,2020-09-21 16:53:59,,0,,True
977853f4-bdb6-49c7-b64f-508b57c7c9ca,Woolworths Supermarket,Drinks,Pureharvest Almond Quench 1l,808867,$3.50,$3.50 / 1L,https://www.woolworths.com.au/shop/productdetails/808867/pureharvest-almond-quench,https://cdn0.woolworths.media/content/wowproductimages/medium/808867.jpg,2020-09-21 16:53:59,,0,,True
056409e0-20b3-4082-8258-08da61fc8cfe,Woolworths Supermarket,Drinks,Mojo Kombucha Mango Lime 450ml,809009,$4.00,$8.89 / 1L,https://www.woolworths.com.au/shop/productdetails/809009/mojo-kombucha-mango-lime,https://cdn0.woolworths.media/content/wowproductimages/medium/809009.jpg,2020-09-21 16:53:59,,0,Was $4.30 28/01/2018,True
17403a73-cc7c-4b5d-8216-5ae5f040ca6c,Woolworths Supermarket,Drinks,Sunraysia Organic Juice Apple & Pomegranate 200ml,813035,$1.30,$6.50 / 1L,https://www.woolworths.com.au/shop/productdetails/813035/sunraysia-organic-juice-apple-pomegranate,https://cdn0.woolworths.media/content/wowproductimages/medium/813035.jpg,2020-09-21 16:53:59,,0,5 for $5.00 $5.00/1L,True
8addda38-136b-468f-af3f-11ff725ed15b,Woolworths Supermarket,Drinks,V8 Power Blend Rainbow Burst 1.25l,819565,$3.50,$2.80 / 1L,https://www.woolworths.com.au/shop/productdetails/819565/v8-power-blend-rainbow-burst,https://cdn0.woolworths.media/content/wowproductimages/medium/819565.jpg,2020-09-21 16:53:59,,0,,True
fcb90a0b-1309-4954-ade8-d248ed65c09a,Woolworths Supermarket,Drinks,V8 Power Blend Healthy Greens 300ml,819846,$2.70,$9.00 / 1L,https://www.woolworths.com.au/shop/productdetails/819846/v8-power-blend-healthy-greens,https://cdn0.woolworths.media/content/wowproductimages/medium/819846.jpg,2020-09-21 16:53:59,,0,,True
5f453e90-b3f5-4b82-93d2-837a947f8ec9,Woolworths Supermarket,Drinks,Ocean Spray Pink Cranberry Juice Low Sugar 1.5l,819937,$5.70,$3.80 / 1L,https://www.woolworths.com.au/shop/productdetails/819937/ocean-spray-pink-cranberry-juice-low-sugar,https://cdn0.woolworths.media/content/wowproductimages/medium/819937.jpg,2020-09-21 16:53:59,,0,,True
60836469-6431-4799-9b7d-8e47c1455581,Woolworths Supermarket,Drinks,Liddells Lactose Free Chocolate Milk 3x250ml,821283,$3.65,$4.87 / 1L,https://www.woolworths.com.au/shop/productdetails/821283/liddells-lactose-free-chocolate-milk,https://cdn0.woolworths.media/content/wowproductimages/medium/821283.jpg,2020-09-21 16:53:59,,0,,True
e0239699-73dc-4bcf-8458-e21151f8d457,Woolworths Supermarket,Drinks,Waterfords Lite & Fruity Lemon Lime Bitters 250ml x4 pack,821425,$2.50,$2.50 / 1L,https://www.woolworths.com.au/shop/productdetails/821425/waterfords-lite-fruity-lemon-lime-bitters,https://cdn0.woolworths.media/content/wowproductimages/medium/821425.jpg,2020-09-21 16:53:59,,0,,True
f4b40312-809c-432b-b0f0-f33e8d9dc16b,Woolworths Supermarket,Drinks,H2juice Pineapple 1l,821427,$2.80,$2.80 / 1L,https://www.woolworths.com.au/shop/productdetails/821427/h2juice-pineapple,https://cdn0.woolworths.media/content/wowproductimages/medium/821427.jpg,2020-09-21 16:53:59,,0,,True
776f7448-3db6-4b72-994f-43dd7decc459,Woolworths Supermarket,Drinks,H2juice Berry Mix 1l,821428,$2.80,$2.80 / 1L,https://www.woolworths.com.au/shop/productdetails/821428/h2juice-berry-mix,https://cdn0.woolworths.media/content/wowproductimages/medium/821428.jpg,2020-09-21 16:53:59,,0,,True
0d7be5f0-7ad4-4fe6-8222-20ab92fbd5aa,Woolworths Supermarket,Drinks,Waterfords Lite & Fruity Tahitian Lime 250ml x4 pack,821460,$2.50,$2.50 / 1L,https://www.woolworths.com.au/shop/productdetails/821460/waterfords-lite-fruity-tahitian-lime,https://cdn0.woolworths.media/content/wowproductimages/medium/821460.jpg,2020-09-21 16:53:59,,0,,True
795ff056-7d93-47b1-87b1-dfef475f5907,Woolworths Supermarket,Drinks,Waterfords Lite & Fruity Blackcurrant 1l,821995,$1.80,$1.80 / 1L,https://www.woolworths.com.au/shop/productdetails/821995/waterfords-lite-fruity-blackcurrant,https://cdn0.woolworths.media/content/wowproductimages/medium/821995.jpg,2020-09-21 16:53:59,,0,,True
d4de939c-5222-4922-92f0-904ed9eb134f,Woolworths Supermarket,Drinks,Mount Franklin Lightly Sparkling Water Cans 250ml x4 pack,822706,$3.70,$3.70 / 1L,https://www.woolworths.com.au/shop/productdetails/822706/mount-franklin-lightly-sparkling-water-cans,https://cdn0.woolworths.media/content/wowproductimages/medium/822706.jpg,2020-09-21 16:53:59,,0,,True
bafd5601-a986-497d-a376-e3c75b67f5fb,Woolworths Supermarket,Drinks,Coca-cola No Sugar Bottle 4x300ml,822757,$5.00,$4.17 / 1L,https://www.woolworths.com.au/shop/productdetails/822757/coca-cola-no-sugar-bottle,https://cdn0.woolworths.media/content/wowproductimages/medium/822757.jpg,2020-09-21 16:53:59,,0,,True
d8e2d4f8-c76e-43cc-a96e-d405ad036600,Woolworths Supermarket,Drinks,Fanta No Sugar 8x200ml,822758,,,https://www.woolworths.com.au/shop/productdetails/822758/fanta-no-sugar,https://cdn0.woolworths.media/content/wowproductimages/medium/822758.jpg,2020-09-21 16:53:59,,0,Was $8.30 23/04/2018,False
d9e586e5-de91-4721-8d63-4db8082668b5,Woolworths Supermarket,Drinks,Bickford's Pear Juice 250ml,825027,$2.50,$10.00 / 1L,https://www.woolworths.com.au/shop/productdetails/825027/bickford-s-pear-juice,https://cdn0.woolworths.media/content/wowproductimages/medium/825027.jpg,2020-09-21 16:53:59,,0,,True
e9e6dad3-4e42-4eec-9dac-560506812278,Woolworths Supermarket,Drinks,Bickford's Prune Juice 250ml,825028,$2.50,$10.00 / 1L,https://www.woolworths.com.au/shop/productdetails/825028/bickford-s-prune-juice,https://cdn0.woolworths.media/content/wowproductimages/medium/825028.jpg,2020-09-21 16:53:59,,0,,True
a3c78ed2-d99b-4a81-9c03-14e42bbec68e,Woolworths Supermarket,Drinks,Golden Circle Apple Juice 3l,825107,$4.00,$1.33 / 1L,https://www.woolworths.com.au/shop/productdetails/825107/golden-circle-apple-juice,https://cdn0.woolworths.media/content/wowproductimages/medium/825107.jpg,2020-09-21 16:53:59,,0,,True
12e4d54b-5ba4-4e3c-9ca7-49fe60689ba4,Woolworths Supermarket,Drinks,Golden Circle Orange Juice 3l,825109,$4.00,$1.33 / 1L,https://www.woolworths.com.au/shop/productdetails/825109/golden-circle-orange-juice,https://cdn0.woolworths.media/content/wowproductimages/medium/825109.jpg,2020-09-21 16:53:59,,0,,True
d767da68-d771-48d4-9374-0916d1800816,Woolworths Supermarket,Drinks,Woolworths Orange Juice 2l,825528,$2.00,$1.00 / 1L,https://www.woolworths.com.au/shop/productdetails/825528/woolworths-orange-juice,https://cdn0.woolworths.media/content/wowproductimages/medium/825528.jpg,2020-09-21 16:53:59,Average product rating out of 5: 3.8. Product score is based on 336 ratings,336,,True
7a3f9027-34a7-4e32-8c13-6a533cb34d30,Woolworths Supermarket,Drinks,Woolworths Apple & Blackcurrant Juice 2l,825529,$2.00,$1.00 / 1L,https://www.woolworths.com.au/shop/productdetails/825529/woolworths-apple-blackcurrant-juice,https://cdn0.woolworths.media/content/wowproductimages/medium/825529.jpg,2020-09-21 16:53:59,Average product rating out of 5: 4.0. Product score is based on 104 ratings,104,,True
45fccba0-54c9-4c59-9788-448263724ea9,Woolworths Supermarket,Drinks,Golden Circle Apple Blackcurrant Juice 3l,825564,$4.00,$1.33 / 1L,https://www.woolworths.com.au/shop/productdetails/825564/golden-circle-apple-blackcurrant-juice,https://cdn0.woolworths.media/content/wowproductimages/medium/825564.jpg,2020-09-21 16:53:59,,0,,True
56477031-5234-4405-a86c-a02bec6d167d,Woolworths Supermarket,Drinks,Golden Circle Sparkling Apple 4x250ml,826466,$6.00,$6.00 / 1L,https://www.woolworths.com.au/shop/productdetails/826466/golden-circle-sparkling-apple,https://cdn0.woolworths.media/content/wowproductimages/medium/826466.jpg,2020-09-21 16:53:59,,0,,True
46a31b1f-91fe-4675-9d9d-0a3d25513806,Woolworths Supermarket,Drinks,Golden Circle Sparkling Tropical 4x250ml,826467,$6.00,$6.00 / 1L,https://www.woolworths.com.au/shop/productdetails/826467/golden-circle-sparkling-tropical,https://cdn0.woolworths.media/content/wowproductimages/medium/826467.jpg,2020-09-21 16:53:59,,0,,True
25fdd297-c5b8-4327-8956-e9833053190b,Woolworths Supermarket,Drinks,Golden Circle Apple Blackcurrant Fruit Drink 1l,826651,$2.15,$2.15 / 1L,https://www.woolworths.com.au/shop/productdetails/826651/golden-circle-apple-blackcurrant-fruit-drink,https://cdn0.woolworths.media/content/wowproductimages/medium/826651.jpg,2020-09-21 16:53:59,,0,,True
4de33570-b2b1-4f3a-b015-370b9a4b2085,Woolworths Supermarket,Drinks,Monster Pipeline Punch 4x500ml,828594,$11.70,$5.85 / 1L,https://www.woolworths.com.au/shop/productdetails/828594/monster-pipeline-punch,https://cdn0.woolworths.media/content/wowproductimages/medium/828594.jpg,2020-09-21 16:53:59,,0,,True
0eddf8e4-3733-4f7b-a8d7-dc632762ed5d,Woolworths Supermarket,Drinks,Twinings Extra Strong English Breakfast Tea Bags 80 pack,829281,$11.00,$0.14 / 1EA,https://www.woolworths.com.au/shop/productdetails/829281/twinings-extra-strong-english-breakfast-tea-bags,https://cdn0.woolworths.media/content/wowproductimages/medium/829281.jpg,2020-09-21 16:53:59,,0,,True
7244f33a-5ae5-461a-9499-1d8856a20a08,Woolworths Supermarket,Drinks,Vittoria Espressotoria Espresso Coffee Capsules 12 pack,829318,$4.20,$0.35 / 1EA,https://www.woolworths.com.au/shop/productdetails/829318/vittoria-espressotoria-espresso-coffee-capsules,https://cdn0.woolworths.media/content/wowproductimages/medium/829318.jpg,2020-09-21 16:53:59,,0,,True
f4072def-47c5-442b-9c66-654b659ab7f7,Woolworths Supermarket,Drinks,Vittoria Espressotoria Mountain Grown Coffee Capsules 12 pack,829319,$4.20,$0.35 / 1EA,https://www.woolworths.com.au/shop/productdetails/829319/vittoria-espressotoria-mountain-grown-coffee-capsules,https://cdn0.woolworths.media/content/wowproductimages/medium/829319.jpg,2020-09-21 16:53:59,,0,,True
94a4f956-1457-4521-87ac-caa9039b6141,Woolworths Supermarket,Drinks,Vittoria Espressotoria Oro Coffee Capsules 12 pack,829320,$4.20,$0.35 / 1EA,https://www.woolworths.com.au/shop/productdetails/829320/vittoria-espressotoria-oro-coffee-capsules,https://cdn0.woolworths.media/content/wowproductimages/medium/829320.jpg,2020-09-21 16:53:59,,0,,True
20442066-beb5-414e-bab7-7af12c902ee3,Woolworths Supermarket,Drinks,Vittoria Espressotoria Italian Coffee Capsules 12 pack,829332,$4.00,$0.33 / 1EA,https://www.woolworths.com.au/shop/productdetails/829332/vittoria-espressotoria-italian-coffee-capsules,https://cdn0.woolworths.media/content/wowproductimages/medium/829332.jpg,2020-09-21 16:53:59,,0,,True
0a214d67-50e5-465d-bc49-c637ab78cb57,Woolworths Supermarket,Drinks,Grinders Coffee Capsules Espresso Caffitaly System 10 pack,829495,$6.00,$0.60 / 1EA,https://www.woolworths.com.au/shop/productdetails/829495/grinders-coffee-capsules-espresso-caffitaly-system,https://cdn0.woolworths.media/content/wowproductimages/medium/829495.jpg,2020-09-21 16:53:59,,0,,True
c5383dbf-41ae-4e99-84ce-29e796c61d43,Woolworths Supermarket,Drinks,Grinders Coffee Capsules Crema Caffitaly System 10 pack,829542,$6.00,$0.60 / 1EA,https://www.woolworths.com.au/shop/productdetails/829542/grinders-coffee-capsules-crema-caffitaly-system,https://cdn0.woolworths.media/content/wowproductimages/medium/829542.jpg,2020-09-21 16:53:59,,0,,True
8db96b75-3d41-4743-abd4-2be664592825,Woolworths Supermarket,Drinks,Twinings Extra Strong English Breakfast Tea Bags 10 pack,829549,$2.70,$0.27 / 1EA,https://www.woolworths.com.au/shop/productdetails/829549/twinings-extra-strong-english-breakfast-tea-bags,https://cdn0.woolworths.media/content/wowproductimages/medium/829549.jpg,2020-09-21 16:53:59,,0,,True
eb4b2c11-989e-4bbc-883c-12cfa7248709,Woolworths Supermarket,Drinks,Twinings Decaffeinated English Breakfast Tea 40 pack,829581,$7.00,$0.18 / 1EA,https://www.woolworths.com.au/shop/productdetails/829581/twinings-decaffeinated-english-breakfast-tea,https://cdn0.woolworths.media/content/wowproductimages/medium/829581.jpg,2020-09-21 16:53:59,,0,,True
ac328cdb-99ca-430b-8711-2d064fc4bf6e,Woolworths Supermarket,Drinks,Vitafresh Sweet Navel Orange Drink 3 pack,830653,$2.00,$1.33 / 100G,https://www.woolworths.com.au/shop/productdetails/830653/vitafresh-sweet-navel-orange-drink,https://cdn0.woolworths.media/content/wowproductimages/medium/830653.jpg,2020-09-21 16:53:59,,0,,True
398e5227-1af3-4ad0-a5d9-d126a659e822,Woolworths Supermarket,Drinks,Cococoast Natural Coconut Water Pure 500ml,839502,$2.00,$4.00 / 1L,https://www.woolworths.com.au/shop/productdetails/839502/cococoast-natural-coconut-water-pure,https://cdn0.woolworths.media/content/wowproductimages/medium/839502.jpg,2020-09-21 16:53:59,,0,,True
dd03722f-34d2-40ce-8db7-1ece684665dc,Woolworths Supermarket,Drinks,Cococoast Natural Coconut Water Strawberry 500ml,839520,$2.00,$4.00 / 1L,https://www.woolworths.com.au/shop/productdetails/839520/cococoast-natural-coconut-water-strawberry,https://cdn0.woolworths.media/content/wowproductimages/medium/839520.jpg,2020-09-21 16:53:59,,0,,True
dfa7209e-5f17-47c5-8d55-d25cd602cd6b,Woolworths Supermarket,Drinks,Coca-cola Vanilla Can 250ml,839891,$2.10,$8.40 / 1L,https://www.woolworths.com.au/shop/productdetails/839891/coca-cola-vanilla-can,https://cdn0.woolworths.media/content/wowproductimages/medium/839891.jpg,2020-09-21 16:53:59,,0,,True
d53a9fa1-f1cc-4bbc-88ae-c2492a426af6,Woolworths Supermarket,Drinks,V Energy Sugar Free Drink 4 pack,841479,$5.60,$5.09 / 1L,https://www.woolworths.com.au/shop/productdetails/841479/v-energy-sugar-free-drink,https://cdn0.woolworths.media/content/wowproductimages/medium/841479.jpg,2020-09-21 16:53:59,,0,,True
f0adcb05-6b3f-40de-82f0-12739680f95b,Woolworths Supermarket,Drinks,V Energy Drink Blue 4x275ml,841486,$5.60,$5.09 / 1L,https://www.woolworths.com.au/shop/productdetails/841486/v-energy-drink-blue,https://cdn0.woolworths.media/content/wowproductimages/medium/841486.jpg,2020-09-21 16:53:59,,0,,True
d3b5f832-0b20-4508-93a2-442c33391e64,Woolworths Supermarket,Drinks,Solo Lemon Cans 6x200ml pack,842037,$5.30,$4.42 / 1L,https://www.woolworths.com.au/shop/productdetails/842037/solo-lemon-cans,https://cdn0.woolworths.media/content/wowproductimages/medium/842037.jpg,2020-09-21 16:53:59,,0,,True
0dba1556-abc7-426d-b174-5ecf24542189,Woolworths Supermarket,Drinks,Daily Juice Pop Top Apple Juice 250ml,842046,$2.00,$8.00 / 1L,https://www.woolworths.com.au/shop/productdetails/842046/daily-juice-pop-top-apple-juice,https://cdn0.woolworths.media/content/wowproductimages/medium/842046.jpg,2020-09-21 16:53:59,,0,2 for $3.50 $7.00/1L,True
db380073-d39f-416e-a3cb-215842224017,Woolworths Supermarket,Drinks,La Ice Cola Maxi Bottle 2l,842923,$1.50,$0.75 / 1L,https://www.woolworths.com.au/shop/productdetails/842923/la-ice-cola-maxi-bottle,https://cdn0.woolworths.media/content/wowproductimages/medium/842923.jpg,2020-09-21 16:53:59,,0,,True
f703656d-474f-471e-9bb7-f88e17a4da4a,Woolworths Supermarket,Drinks,Impressed Cold Pressed Juice Summer Greens 325ml,843719,$3.50,$10.77 / 1L,https://www.woolworths.com.au/shop/productdetails/843719/impressed-cold-pressed-juice-summer-greens,https://cdn0.woolworths.media/content/wowproductimages/medium/843719.jpg,2020-09-21 16:53:59,,0,,True
8bb4c65c-21b8-4aef-bc5a-c9b484954ee5,Woolworths Supermarket,Drinks,Woolworths Orange Juice 3l,852420,$4.20,$1.40 / 1L,https://www.woolworths.com.au/shop/productdetails/852420/woolworths-orange-juice,https://cdn0.woolworths.media/content/wowproductimages/medium/852420.jpg,2020-09-21 16:53:59,Average product rating out of 5: 4.2. Product score is based on 429 ratings,429,,True
5ab180b9-9edd-4932-9507-126230628b75,Woolworths Supermarket,Drinks,Jarrah Mint Drinking Chocolate Sachets 10pk 140g,852937,$5.00,$0.50 / 1EA,https://www.woolworths.com.au/shop/productdetails/852937/jarrah-mint-drinking-chocolate-sachets,https://cdn0.woolworths.media/content/wowproductimages/medium/852937.jpg,2020-09-21 16:53:59,,0,,True
8a9791a4-b4b4-4599-8e44-3d9f69ed3e4c,Woolworths Supermarket,Drinks,Just Water Spring Water 500ml,856860,$1.00,$2.00 / 1L,https://www.woolworths.com.au/shop/productdetails/856860/just-water-spring-water,https://cdn0.woolworths.media/content/wowproductimages/medium/856860.jpg,2020-09-21 16:53:59,,0,,True
3eb0a79d-22ef-4e4c-9b0e-b5923565151d,Woolworths Supermarket,Drinks,Pureharvest Almond Milk Unsweetened 1l,858008,$3.10,$3.10 / 1L,https://www.woolworths.com.au/shop/productdetails/858008/pureharvest-almond-milk-unsweetened,https://cdn0.woolworths.media/content/wowproductimages/medium/858008.jpg,2020-09-21 16:53:59,,0,,True
789ff0ff-974f-4aae-8cc6-32432bad5176,Woolworths Supermarket,Drinks,Remedy Peach Kombucha 330ml,861296,$4.00,$12.12 / 1L,https://www.woolworths.com.au/shop/productdetails/861296/remedy-peach-kombucha,https://cdn0.woolworths.media/content/wowproductimages/medium/861296.jpg,2020-09-21 16:53:59,,0,,True
a871bd64-c073-41a2-ad67-d64546e990c6,Woolworths Supermarket,Drinks,Remedy Kombucha Ginger Lemon 1.25l,872606,$9.00,$7.20 / 1L,https://www.woolworths.com.au/shop/productdetails/872606/remedy-kombucha-ginger-lemon,https://cdn0.woolworths.media/content/wowproductimages/medium/872606.jpg,2020-09-21 16:53:59,,0,,True
ffd85d47-63bd-4243-a68d-7d28a4899230,Woolworths Supermarket,Drinks,Nestle Milo 30% Less Added Sugar 395g,875163,$7.00,$1.77 / 100G,https://www.woolworths.com.au/shop/productdetails/875163/nestle-milo-30-less-added-sugar,https://cdn0.woolworths.media/content/wowproductimages/medium/875163.jpg,2020-09-21 16:53:59,,0,,True
404a75f0-0f82-4d8c-96c4-7b7ca20f1101,Woolworths Supermarket,Drinks,Cadbury Hot Chocolate Sachets 6 pack,876439,$5.00,$0.83 / 1EA,https://www.woolworths.com.au/shop/productdetails/876439/cadbury-hot-chocolate-sachets,https://cdn0.woolworths.media/content/wowproductimages/medium/876439.jpg,2020-09-21 16:53:59,,0,,True
30550d2e-4f25-4cce-9532-2ac5db0ae0df,Woolworths Supermarket,Drinks,Oak Chocolate Flavoured Milk 3x250ml,878734,$2.90,$3.87 / 1L,https://www.woolworths.com.au/shop/productdetails/878734/oak-chocolate-flavoured-milk,https://cdn0.woolworths.media/content/wowproductimages/medium/878734.jpg,2020-09-21 16:53:59,,0,,True
a17ac9fb-9c1b-411f-b92f-32ff2c89b555,Woolworths Supermarket,Drinks,Oak Strawberry Flavoured Milk (3x250ml) 750ml,878752,$2.90,$3.87 / 1L,https://www.woolworths.com.au/shop/productdetails/878752/oak-strawberry-flavoured-milk-3x250ml-,https://cdn0.woolworths.media/content/wowproductimages/medium/878752.jpg,2020-09-21 16:53:59,,0,,True
3bea6096-075a-48fe-bab2-cbf4134d55af,Woolworths Supermarket,Drinks,Sunraysia Organic Apple & Mango Juice 200ml,881507,$1.30,$6.50 / 1L,https://www.woolworths.com.au/shop/productdetails/881507/sunraysia-organic-apple-mango-juice,https://cdn0.woolworths.media/content/wowproductimages/medium/881507.jpg,2020-09-21 16:53:59,,0,5 for $5.00 $5.00/1L,True
df479f93-f7ce-4a24-898f-24387fe4fa9f,Woolworths Supermarket,Drinks,Bundaberg Diet Ginger Beer 4x375ml,886808,$5.70,$3.80 / 1L,https://www.woolworths.com.au/shop/productdetails/886808/bundaberg-diet-ginger-beer,https://cdn0.woolworths.media/content/wowproductimages/medium/886808.jpg,2020-09-21 16:53:59,,0,,True
51c9d533-5542-4ed9-a72c-dbff04ea27b7,Woolworths Supermarket,Drinks,Bundaberg Diet Sarsaparilla 4x375ml,886811,$5.70,$3.80 / 1L,https://www.woolworths.com.au/shop/productdetails/886811/bundaberg-diet-sarsaparilla,https://cdn0.woolworths.media/content/wowproductimages/medium/886811.jpg,2020-09-21 16:53:59,,0,,True
660ca23c-da2a-4fb3-8387-bb729510e926,Woolworths Supermarket,Drinks,Bundaberg Diet Ginger Beer 10x375ml,886838,$13.10,$3.49 / 1L,https://www.woolworths.com.au/shop/productdetails/886838/bundaberg-diet-ginger-beer,https://cdn0.woolworths.media/content/wowproductimages/medium/886838.jpg,2020-09-21 16:53:59,,0,,True
a64b1cb2-fa96-4120-8ab7-76ce339af9e0,Woolworths Supermarket,Drinks,V8 Purple Power Vegetable And Fruit Juice 1.25l,887085,$3.50,$2.80 / 1L,https://www.woolworths.com.au/shop/productdetails/887085/v8-purple-power-vegetable-and-fruit-juice,https://cdn0.woolworths.media/content/wowproductimages/medium/887085.jpg,2020-09-21 16:53:59,,0,,True
1abf0fba-4a37-4883-b656-93cd7bc5744f,Woolworths Supermarket,Drinks,Gatorade Lemon Lime Sports Drink 1l,923157,$2.50,$2.50 / 1L,https://www.woolworths.com.au/shop/productdetails/923157/gatorade-lemon-lime-sports-drink,https://cdn0.woolworths.media/content/wowproductimages/medium/923157.jpg,2020-09-21 16:53:59,,0,,True
03166947-5405-4eb9-86ff-1a471febba44,Woolworths Supermarket,Drinks,Gatorade Orange Ice Sports Drink 1l,923164,$2.50,$2.50 / 1L,https://www.woolworths.com.au/shop/productdetails/923164/gatorade-orange-ice-sports-drink,https://cdn0.woolworths.media/content/wowproductimages/medium/923164.jpg,2020-09-21 16:53:59,,0,,True
a2aef14a-d267-4b2c-b4bd-373df8374973,Woolworths Supermarket,Drinks,Australia's Own Unsweetened Almond Milk 1l,924245,$2.80,$2.80 / 1L,https://www.woolworths.com.au/shop/productdetails/924245/australia-s-own-unsweetened-almond-milk,https://cdn0.woolworths.media/content/wowproductimages/medium/924245.jpg,2020-09-21 16:53:59,,0,Was $3.80 30/10/2017,True
8934c286-7ec1-41b4-bf54-d0dc0f48fdc2,Woolworths Supermarket,Drinks,Nescafe Dolce Gusto Coffee Capsules Ristretto Ardenza 16 pack,926541,$8.50,$0.53 / 1EA,https://www.woolworths.com.au/shop/productdetails/926541/nescafe-dolce-gusto-coffee-capsules-ristretto-ardenza,https://cdn0.woolworths.media/content/wowproductimages/medium/926541.jpg,2020-09-21 16:53:59,,0,,True
2f1aa7fc-e50d-441a-98fd-2dca6cbd997e,Woolworths Supermarket,Drinks,Vitasoy Almond Milk Unsweetened 1l,926885,$2.00,$2.00 / 1L,https://www.woolworths.com.au/shop/productdetails/926885/vitasoy-almond-milk-unsweetened,https://cdn0.woolworths.media/content/wowproductimages/medium/926885.jpg,2020-09-21 16:53:59,,0,,True
f3292a8b-944e-4e0a-9179-0621aacd19f3,Woolworths Supermarket,Drinks,Moccona Coffee Sachets Vanilla Latte 150g 10pk,931469,$4.50,$3.00 / 100G,https://www.woolworths.com.au/shop/productdetails/931469/moccona-coffee-sachets-vanilla-latte,https://cdn0.woolworths.media/content/wowproductimages/medium/931469.jpg,2020-09-21 16:53:59,,0,Was $5.59 14/11/16,True
e97f6bc0-3ac2-448d-a1dc-2f36ea46df30,Woolworths Supermarket,Drinks,Red Bull Energy Drink The Tropical Edition 250ml 4pk,948527,$10.20,$10.20 / 1L,https://www.woolworths.com.au/shop/productdetails/948527/red-bull-energy-drink-the-tropical-edition,https://cdn0.woolworths.media/content/wowproductimages/medium/948527.jpg,2020-09-21 16:53:59,,0,,True
547b3209-48e2-4519-9025-cfcb3ce57a54,Woolworths Supermarket,Drinks,Fever Tree Mediterranean Tonic Water 200ml x4 pack,979808,$7.00,$8.75 / 1L,https://www.woolworths.com.au/shop/productdetails/979808/fever-tree-mediterranean-tonic-water,https://cdn0.woolworths.media/content/wowproductimages/medium/979808.jpg,2020-09-21 16:53:59,,0,,True
1907786a-e6ec-4fe9-9176-3efb13694913,Woolworths Supermarket,Drinks,Cascade Ginger Beer Cans 4x200ml,984116,$3.60,$4.50 / 1L,https://www.woolworths.com.au/shop/productdetails/984116/cascade-ginger-beer-cans,https://cdn0.woolworths.media/content/wowproductimages/medium/984116.jpg,2020-09-21 16:53:59,,0,,True
ecd56d8d-012a-41af-aa61-35fb2076a24c,Woolworths Supermarket,Drinks,Cascade Tonic Water Cans 4x200ml,984118,$3.60,$4.50 / 1L,https://www.woolworths.com.au/shop/productdetails/984118/cascade-tonic-water-cans,https://cdn0.woolworths.media/content/wowproductimages/medium/984118.jpg,2020-09-21 16:53:59,,0,,True
17f2754d-24ac-4216-b516-e1fa9e02e5ea,Woolworths Supermarket,Drinks,Cascade Lime & Soda Cans 4x200ml,984120,$3.60,$4.50 / 1L,https://www.woolworths.com.au/shop/productdetails/984120/cascade-lime-soda-cans,https://cdn0.woolworths.media/content/wowproductimages/medium/984120.jpg,2020-09-21 16:53:59,,0,,True
c372f154-ebc7-4030-af77-c5d31403ba52,Woolworths Supermarket,Drinks,Cascade Dry Ginger Ale Cans 4x200ml,984122,$3.60,$4.50 / 1L,https://www.woolworths.com.au/shop/productdetails/984122/cascade-dry-ginger-ale-cans,https://cdn0.woolworths.media/content/wowproductimages/medium/984122.jpg,2020-09-21 16:53:59,,0,,True
9d355c6a-46aa-4587-9729-de051ae4bfa0,Woolworths Supermarket,Drinks,Just Water Spring Water 500ml x12 case,992303,$18.00,$3.00 / 1L,https://www.woolworths.com.au/shop/productdetails/992303/just-water-spring-water,https://cdn0.woolworths.media/content/wowproductimages/medium/992303.jpg,2020-09-21 16:53:59,,0,,True
3f908441-4ff4-4a29-88af-c3411b87e0f2,Woolworths Supermarket,Drinks,Fever Tree Elderflower Tonic Water 200ml x4 pack,995405,$7.00,$8.75 / 1L,https://www.woolworths.com.au/shop/productdetails/995405/fever-tree-elderflower-tonic-water,https://cdn0.woolworths.media/content/wowproductimages/medium/995405.jpg,2020-09-21 16:53:59,,0,,True
9289acb0-ec2f-458f-9c03-734e78a79a5e,Woolworths Supermarket,Drinks,Schweppes Signature Series Soda Water With Colarado Mountain Salt 4 x300ml,003436,$6.00,$6.00 / 1L,https://www.woolworths.com.au/shop/productdetails/3436/schweppes-signature-series-soda-water-with-colarado-mountain-salt,https://cdn0.woolworths.media/content/wowproductimages/medium/003436.jpg,2020-09-21 16:53:59,,0,,True
313a4c7a-0371-4656-acfb-aa883a93990c,Woolworths Supermarket,Drinks,Saxbys Ginger Beer 750ml,013159,$2.05,$2.73 / 1L,https://www.woolworths.com.au/shop/productdetails/13159/saxbys-ginger-beer,https://cdn0.woolworths.media/content/wowproductimages/medium/013159.jpg,2020-09-21 16:53:59,,0,,True
f0f95079-b8a9-4f7d-863c-058fc9f8167b,Woolworths Supermarket,Drinks,Impressed Raspberry Beret Juice 1l,022552,$5.00,$5.00 / 1L,https://www.woolworths.com.au/shop/productdetails/22552/impressed-raspberry-beret-juice,https://cdn0.woolworths.media/content/wowproductimages/medium/022552.jpg,2020-09-21 16:53:59,,0,Was $6 12/06/2019,True
ca0eda93-165f-4c5f-ba12-12dd573293da,Woolworths Supermarket,Drinks,Nudie Nothing But Breakfast Juice 3l,022958,$10.00,$3.33 / 1L,https://www.woolworths.com.au/shop/productdetails/22958/nudie-nothing-but-breakfast-juice,https://cdn0.woolworths.media/content/wowproductimages/medium/022958.jpg,2020-09-21 16:53:59,,0,,True
efc658fc-41e1-4fa7-88cc-47e011b99f20,Woolworths Supermarket,Drinks,Appletiser Sparkling Juice Apple 750ml,042231,$3.20,$4.27 / 1L,https://www.woolworths.com.au/shop/productdetails/42231/appletiser-sparkling-juice-apple,https://cdn0.woolworths.media/content/wowproductimages/medium/042231.jpg,2020-09-21 16:53:59,,0,,True
ff5cfec5-24e6-44e3-8637-6b3d6288a7f2,Woolworths Supermarket,Drinks,Bickford's Diet Lemon Cordial 750ml,052148,$4.00,$5.33 / 1L,https://www.woolworths.com.au/shop/productdetails/52148/bickford-s-diet-lemon-cordial,https://cdn0.woolworths.media/content/wowproductimages/medium/052148.jpg,2020-09-21 16:53:59,,0,,True
a244464c-4bc0-479d-b01e-8d4b6f1cf725,Woolworths Supermarket,Drinks,Coopers Birell Premium Bottles 6x375ml,078040,$7.00,$3.11 / 1L,https://www.woolworths.com.au/shop/productdetails/78040/coopers-birell-premium-bottles,https://cdn0.woolworths.media/content/wowproductimages/medium/078040.jpg,2020-09-21 16:53:59,,0,,True
2c2b9ec9-89b2-4c65-bcce-0188a862f0e8,Woolworths Supermarket,Drinks,Golden Circle Pineapple & Coconut Fruit Drink 1l,092483,$2.15,$2.15 / 1L,https://www.woolworths.com.au/shop/productdetails/92483/golden-circle-pineapple-coconut-fruit-drink,https://cdn0.woolworths.media/content/wowproductimages/medium/092483.jpg,2020-09-21 16:53:59,,0,,True
63719ae0-8187-4f86-9471-901a375ee078,Woolworths Supermarket,Drinks,Bickford's Sugar Free Mixed Berry Flavoured Cordial 750ml,098102,$4.00,$5.33 / 1L,https://www.woolworths.com.au/shop/productdetails/98102/bickford-s-sugar-free-mixed-berry-flavoured-cordial,https://cdn0.woolworths.media/content/wowproductimages/medium/098102.jpg,2020-09-21 16:53:59,,0,,True
d65a98f9-5c9b-4e4a-ad5d-e6ad87a0639b,Woolworths Supermarket,Drinks,The Juice Brothers Apple & Raspberry 500ml,099959,$3.50,$7.00 / 1L,https://www.woolworths.com.au/shop/productdetails/99959/the-juice-brothers-apple-raspberry,https://cdn0.woolworths.media/content/wowproductimages/medium/099959.jpg,2020-09-21 16:53:59,,0,,True
8b360ff1-c85e-4182-8a91-c6fbcb2c014d,Woolworths Supermarket,Drinks,The Juice Brothers Morning Start 500ml,101186,$3.50,$7.00 / 1L,https://www.woolworths.com.au/shop/productdetails/101186/the-juice-brothers-morning-start,https://cdn0.woolworths.media/content/wowproductimages/medium/101186.jpg,2020-09-21 16:53:59,,0,,True
07d08dd9-36ce-4563-a4d4-0965c80dc6fb,Woolworths Supermarket,Drinks,Mojo Actived Kombucha Passionfruit 4 pack,101604,$9.00,$9.00 / 1L,https://www.woolworths.com.au/shop/productdetails/101604/mojo-actived-kombucha-passionfruit,https://cdn0.woolworths.media/content/wowproductimages/medium/101604.jpg,2020-09-21 16:53:59,,0,,True
84016bf2-3906-444d-a25f-a8c55ce9078f,Woolworths Supermarket,Drinks,The Juice Brothers Orange 500ml,101613,$3.50,$7.00 / 1L,https://www.woolworths.com.au/shop/productdetails/101613/the-juice-brothers-orange,https://cdn0.woolworths.media/content/wowproductimages/medium/101613.jpg,2020-09-21 16:53:59,,0,,True
a27f2768-94fd-42b5-8126-b6ccb5f49e3a,Woolworths Supermarket,Drinks,Mojo Actived Kombucha Ginger 4 pack,102393,$9.00,$9.00 / 1L,https://www.woolworths.com.au/shop/productdetails/102393/mojo-actived-kombucha-ginger,https://cdn0.woolworths.media/content/wowproductimages/medium/102393.jpg,2020-09-21 16:53:59,,0,,True
2548e911-f0c5-43b5-9a11-8aeb7f29b9a4,Woolworths Supermarket,Drinks,Original Juice Fruit & Veg Apple Banana Cucumber & Celery 1.5l,102643,$5.00,$3.33 / 1L,https://www.woolworths.com.au/shop/productdetails/102643/original-juice-fruit-veg-apple-banana-cucumber-celery,https://cdn0.woolworths.media/content/wowproductimages/medium/102643.jpg,2020-09-21 16:53:59,,0,,True
e2ae7c0d-e837-4961-bb34-3439f699f2eb,Woolworths Supermarket,Drinks,Original Juice Fruit & Veg Apple Carrot & Ginger 1.5l,102893,$5.00,$3.33 / 1L,https://www.woolworths.com.au/shop/productdetails/102893/original-juice-fruit-veg-apple-carrot-ginger,https://cdn0.woolworths.media/content/wowproductimages/medium/102893.jpg,2020-09-21 16:53:59,,0,,True
7ac84681-aafd-456c-a94c-af3c6e00954e,Woolworths Supermarket,Drinks,Oak Flavoured Milk Chocolate 500ml,103742,$2.90,$5.80 / 1L,https://www.woolworths.com.au/shop/productdetails/103742/oak-flavoured-milk-chocolate,https://cdn0.woolworths.media/content/wowproductimages/medium/103742.jpg,2020-09-21 16:53:59,,0,,True
ba0bec26-d4b4-4466-bff3-ec8a7688324e,Woolworths Supermarket,Drinks,Lo Bros Kombucha Soda Lemon Lime & Bitters 4 x250ml,113657,$8.75,$8.75 / 1L,https://www.woolworths.com.au/shop/productdetails/113657/lo-bros-kombucha-soda-lemon-lime-bitters,https://cdn0.woolworths.media/content/wowproductimages/medium/113657.jpg,2020-09-21 16:53:59,,0,,True
6c7b17b5-7cb6-4961-80ed-44a84346e38c,Woolworths Supermarket,Drinks,Lo Bros Kombucha Soda Cola 4 x250ml,114152,$8.75,$8.75 / 1L,https://www.woolworths.com.au/shop/productdetails/114152/lo-bros-kombucha-soda-cola,https://cdn0.woolworths.media/content/wowproductimages/medium/114152.jpg,2020-09-21 16:53:59,,0,,True
2d563886-0470-4ad0-902b-3ad088fe3f0f,Woolworths Supermarket,Drinks,Sanpellegrino Sparkling Mineral Water 1l,357252,$3.05,$3.05 / 1L,https://www.woolworths.com.au/shop/productdetails/357252/sanpellegrino-sparkling-mineral-water,https://cdn0.woolworths.media/content/wowproductimages/medium/357252.jpg,2020-09-21 16:53:59,,0,,True
41400b01-27da-4c55-8058-7bf362edbb38,Woolworths Supermarket,Drinks,Woolworths Fruit Cup Crush Cordial 1l,380339,$2.50,$2.50 / 1L,https://www.woolworths.com.au/shop/productdetails/380339/woolworths-fruit-cup-crush-cordial,https://cdn0.woolworths.media/content/wowproductimages/medium/380339.jpg,2020-09-21 16:53:59,Average product rating out of 5: 3.9. Product score is based on 737 ratings,737,,True
92be550c-413e-4635-a79e-37120a062b62,Woolworths Supermarket,Drinks,V8 Vegetable Juice Pineapple Passion 1.25l,406087,$3.50,$2.80 / 1L,https://www.woolworths.com.au/shop/productdetails/406087/v8-vegetable-juice-pineapple-passion,https://cdn0.woolworths.media/content/wowproductimages/medium/406087.jpg,2020-09-21 16:53:59,,0,,True
bfba0799-8521-4880-93e5-75d29d8f2bd7,Woolworths Supermarket,Drinks,Bickford's Cordial Pink Grape Fruit 750ml,574871,$4.00,$5.33 / 1L,https://www.woolworths.com.au/shop/productdetails/574871/bickford-s-cordial-pink-grape-fruit,https://cdn0.woolworths.media/content/wowproductimages/medium/574871.jpg,2020-09-21 16:53:59,,0,,True
4bff7956-9aad-4e24-b3dc-02f1dec6cc8a,Woolworths Supermarket,Drinks,Ovaltine Chocolate Lasting Energy 415g,619371,$3.50,$0.84 / 100G,https://www.woolworths.com.au/shop/productdetails/619371/ovaltine-chocolate-lasting-energy,https://cdn0.woolworths.media/content/wowproductimages/medium/619371.jpg,2020-09-21 16:53:59,,0,,True
909d1a2b-2af4-4fb6-8efd-737db0c643e3,Woolworths Supermarket,Drinks,Ya - Coya Original Aloe Crush 1.5l,700415,$4.20,$2.80 / 1L,https://www.woolworths.com.au/shop/productdetails/700415/ya-coya-original-aloe-crush,https://cdn0.woolworths.media/content/wowproductimages/medium/700415.jpg,2020-09-21 16:53:59,,0,,True
32070168-2c39-424e-bcc9-b024a80d2ec0,Woolworths Supermarket,Drinks,T2 English Breakfast Black Tea Bags 25 pack,726973,$12.00,$0.48 / 1EA,https://www.woolworths.com.au/shop/productdetails/726973/t2-english-breakfast-black-tea-bags,https://cdn0.woolworths.media/content/wowproductimages/medium/726973.jpg,2020-09-21 16:53:59,,0,,True
dee97bdb-f5d9-46a3-a1b2-bafabf177120,Woolworths Supermarket,Drinks,Golden Circle Cordial Strawberry Lemonade 2l,801782,$3.00,$1.50 / 1L,https://www.woolworths.com.au/shop/productdetails/801782/golden-circle-cordial-strawberry-lemonade,https://cdn0.woolworths.media/content/wowproductimages/medium/801782.jpg,2020-09-21 16:53:59,,0,Was $4.00 02/01/2017,True
b93a2ae2-5ca2-4f3a-a97d-0d8c368f81c0,Woolworths Supermarket,Drinks,H2juice Mango Mix 1l,821464,$2.80,$2.80 / 1L,https://www.woolworths.com.au/shop/productdetails/821464/h2juice-mango-mix,https://cdn0.woolworths.media/content/wowproductimages/medium/821464.jpg,2020-09-21 16:53:59,,0,,True
85b75af0-8c9d-4e2e-ade3-4730c207c422,Woolworths Supermarket,Drinks,Woolworths Lemon Lime & Bitters 750ml,829710,$3.00,$4.00 / 1L,https://www.woolworths.com.au/shop/productdetails/829710/woolworths-lemon-lime-bitters,https://cdn0.woolworths.media/content/wowproductimages/medium/829710.jpg,2020-09-21 16:53:59,Average product rating out of 5: 4.1. Product score is based on 301 ratings,301,,True
cb3efc9d-ed33-4e46-adb2-5c997c4605f3,Woolworths Supermarket,Drinks,Remedy Organic Ginger Beer 250ml x4 pack,059115,$8.75,$8.75 / 1L,https://www.woolworths.com.au/shop/productdetails/59115/remedy-organic-ginger-beer,https://cdn0.woolworths.media/content/wowproductimages/medium/059115.jpg,2020-09-21 16:53:59,,0,,True
99ca5d55-1a42-4de7-9346-84e543c37cdf,Woolworths Supermarket,Drinks,Remedy Kombucha Peach 300ml,061147,$2.50,$8.33 / 1L,https://www.woolworths.com.au/shop/productdetails/61147/remedy-kombucha-peach,https://cdn0.woolworths.media/content/wowproductimages/medium/061147.jpg,2020-09-21 16:53:59,,0,,True
7b8e072a-0265-4fb7-ae0e-13d5b42306ed,Woolworths Supermarket,Drinks,Good Earth Kombucha Lime & Mint 750ml,068957,$4.00,$5.33 / 1L,https://www.woolworths.com.au/shop/productdetails/68957/good-earth-kombucha-lime-mint,https://cdn0.woolworths.media/content/wowproductimages/medium/068957.jpg,2020-09-21 16:53:59,,0,,True
136d339a-7c9d-49f8-ab2d-371323e8629c,Woolworths Supermarket,Drinks,Good Earth Kombucha Passion Fruit & Lime 750ml,069355,$4.00,$5.33 / 1L,https://www.woolworths.com.au/shop/productdetails/69355/good-earth-kombucha-passion-fruit-lime,https://cdn0.woolworths.media/content/wowproductimages/medium/069355.jpg,2020-09-21 16:53:59,,0,,True
0c6966d2-223c-4d76-9a31-57ad6faa2f1e,Woolworths Supermarket,Drinks,Good Earth Kombucha Lemongrass & Ginger 750ml,069722,$4.00,$5.33 / 1L,https://www.woolworths.com.au/shop/productdetails/69722/good-earth-kombucha-lemongrass-ginger,https://cdn0.woolworths.media/content/wowproductimages/medium/069722.jpg,2020-09-21 16:53:59,,0,,True
9e5ed74d-2274-4fd0-8d76-56cfa0fa670b,Woolworths Supermarket,Drinks,Woolworths Soda Water 4 pack,675420,$2.95,$2.46 / 1L,https://www.woolworths.com.au/shop/productdetails/675420/woolworths-soda-water,https://cdn0.woolworths.media/content/wowproductimages/medium/675420.jpg,2020-09-21 16:53:59,Average product rating out of 5: 4.6. Product score is based on 1159 ratings,1159,,True
8c3fa68a-4934-4e2b-b39b-833e0165db56,Woolworths Supermarket,Drinks,Woolworths Soda Water 1.25l,799637,$0.75,$0.60 / 1L,https://www.woolworths.com.au/shop/productdetails/799637/woolworths-soda-water,https://cdn0.woolworths.media/content/wowproductimages/medium/799637.jpg,2020-09-21 16:53:59,Average product rating out of 5: 4.8. Product score is based on 4 ratings,4,,True
2eb47f04-5b56-4d1b-bd04-49a4af43a4d3,Woolworths Supermarket,Drinks,Remedy Kombucha Raspberry Lemonade 300ml,807796,$2.50,$8.33 / 1L,https://www.woolworths.com.au/shop/productdetails/807796/remedy-kombucha-raspberry-lemonade,https://cdn0.woolworths.media/content/wowproductimages/medium/807796.jpg,2020-09-21 16:53:59,,0,,True
67895615-f782-48a6-904d-398785679c93,Woolworths Supermarket,Drinks,Remedy Ginger Lemon Kombucha 300ml,807874,$2.50,$8.33 / 1L,https://www.woolworths.com.au/shop/productdetails/807874/remedy-ginger-lemon-kombucha,https://cdn0.woolworths.media/content/wowproductimages/medium/807874.jpg,2020-09-21 16:53:59,,0,,True
b830c2d2-3d20-44b8-bdbb-da867107163d,Woolworths Supermarket,Drinks,Fever Tree Naturally Light Tonic Water 4x200ml,990001,$7.00,$8.75 / 1L,https://www.woolworths.com.au/shop/productdetails/990001/fever-tree-naturally-light-tonic-water,https://cdn0.woolworths.media/content/wowproductimages/medium/990001.jpg,2020-09-21 16:53:59,,0,,True
4f80b49a-3922-4288-9b68-91de7e0326b4,Woolworths Supermarket,Drinks,Mojo Berrytown Gut Shot 55ml,101534,$3.50,$63.64 / 1L,https://www.woolworths.com.au/shop/productdetails/101534/mojo-berrytown-gut-shot,https://cdn0.woolworths.media/content/wowproductimages/medium/101534.jpg,2020-09-21 16:53:59,,0,,True
c6f76535-99b6-438f-a568-4089cb7adc2e,Woolworths Supermarket,Drinks,Mojo Ginger Spice Gut Shot 55ml,101542,$3.50,$63.64 / 1L,https://www.woolworths.com.au/shop/productdetails/101542/mojo-ginger-spice-gut-shot,https://cdn0.woolworths.media/content/wowproductimages/medium/101542.jpg,2020-09-21 16:53:59,,0,,True
cac6f4a4-aed6-4286-939b-28a015c95c44,Woolworths Supermarket,Drinks,Nudie Proactive Beauty 400ml,101991,$4.50,$11.25 / 1L,https://www.woolworths.com.au/shop/productdetails/101991/nudie-proactive-beauty,https://cdn0.woolworths.media/content/wowproductimages/medium/101991.jpg,2020-09-21 16:53:59,,0,,True
62f34dec-cdbf-492c-a7a3-62dce1c63a76,Woolworths Supermarket,Drinks,Montague Sparkling Apple Juice 4x300ml cans,405925,$7.00,$5.83 / 1L,https://www.woolworths.com.au/shop/productdetails/405925/montague-sparkling-apple-juice,https://cdn0.woolworths.media/content/wowproductimages/medium/405925.jpg,2020-09-21 16:53:59,,0,,True
a737aa91-3330-453c-930e-7bdf7709ce86,Woolworths Supermarket,Drinks,Bottlegreen Cordial Elderflower 500ml,306978,$5.90,$11.80 / 1L,https://www.woolworths.com.au/shop/productdetails/306978/bottlegreen-cordial-elderflower,https://cdn0.woolworths.media/content/wowproductimages/medium/306978.jpg,2020-09-21 16:53:59,,0,,True
3edbf9e8-52bf-4e0f-978c-1155034beca3,Woolworths Supermarket,Drinks,Belvoir Fruit Farms Ginger Cordial 500ml,678575,$6.00,$12.00 / 1L,https://www.woolworths.com.au/shop/productdetails/678575/belvoir-fruit-farms-ginger-cordial,https://cdn0.woolworths.media/content/wowproductimages/medium/678575.jpg,2020-09-21 16:53:59,,0,,True
a6a1b19d-f531-47b2-9b37-e7897944821e,Woolworths Supermarket,Drinks,Belvoir Fruit Farms Elderflower Cordial 500ml,678576,$6.00,$12.00 / 1L,https://www.woolworths.com.au/shop/productdetails/678576/belvoir-fruit-farms-elderflower-cordial,https://cdn0.woolworths.media/content/wowproductimages/medium/678576.jpg,2020-09-21 16:53:59,,0,,True
4f9887f7-7487-435b-b7e8-d699a2943adf,Woolworths Supermarket,Drinks,Belvoir Fruit Farms Elderflower & Rose Cordial 500ml,678579,$6.00,$12.00 / 1L,https://www.woolworths.com.au/shop/productdetails/678579/belvoir-fruit-farms-elderflower-rose-cordial,https://cdn0.woolworths.media/content/wowproductimages/medium/678579.jpg,2020-09-21 16:53:59,,0,,True
27e787e3-e878-4146-8d64-e1daddc260e1,Woolworths Supermarket,Drinks,Sodastream Llb Syrup 440ml,682708,$5.00,$11.36 / 1L,https://www.woolworths.com.au/shop/productdetails/682708/sodastream-llb-syrup,https://cdn0.woolworths.media/content/wowproductimages/medium/682708.jpg,2020-09-21 16:53:59,,0,,True
411e79b8-5a07-4e33-9354-8f952735312e,Woolworths Supermarket,Drinks,Devondale 100% Pure Full Cream Long Life Milk 150ml,310679,$0.85,$5.67 / 1L,https://www.woolworths.com.au/shop/productdetails/310679/devondale-100-pure-full-cream-long-life-milk,https://cdn0.woolworths.media/content/wowproductimages/medium/310679.jpg,2020-09-21 16:53:59,,0,,True
a899ece5-a2bf-4960-89d2-4e93da7441fd,Woolworths Supermarket,Drinks,Voss Sparkling Lime & Mint Water 375ml,055073,$3.00,$8.00 / 1L,https://www.woolworths.com.au/shop/productdetails/55073/voss-sparkling-lime-mint-water,https://cdn0.woolworths.media/content/wowproductimages/medium/055073.jpg,2020-09-21 16:53:59,,0,,True
26ac07f4-8d2c-4292-a3f0-414662f06fe5,Woolworths Supermarket,Drinks,Box Mixers Espresso Martini 750ml,097957,$5.50,$7.33 / 1L,https://www.woolworths.com.au/shop/productdetails/97957/box-mixers-espresso-martini,https://cdn0.woolworths.media/content/wowproductimages/medium/097957.jpg,2020-09-21 16:53:59,,0,,True
5d790afe-314d-4c94-af22-95bb8b3daa2e,Woolworths Supermarket,Drinks,Box Mixers Mojito 750ml,099029,$5.50,$7.33 / 1L,https://www.woolworths.com.au/shop/productdetails/99029/box-mixers-mojito,https://cdn0.woolworths.media/content/wowproductimages/medium/099029.jpg,2020-09-21 16:53:59,,0,,True
1ee994f5-3ca2-430d-ba67-2d4a6330b7bb,Woolworths Supermarket,Drinks,Remedy Cherry Plum Kombucha 300ml,807804,$2.50,$8.33 / 1L,https://www.woolworths.com.au/shop/productdetails/807804/remedy-cherry-plum-kombucha,https://cdn0.woolworths.media/content/wowproductimages/medium/807804.jpg,2020-09-21 16:53:59,,0,,True
582070dc-7197-4440-b802-764cd272b52b,Woolworths Supermarket,Drinks,Sodastream Fuse Bottle White 2x1l 2 pack,924728,$14.00,$14.00 / 1EA,https://www.woolworths.com.au/shop/productdetails/924728/sodastream-fuse-bottle-white-2x1l,https://cdn0.woolworths.media/content/wowproductimages/medium/924728.jpg,2020-09-21 16:53:59,,0,,True
48f39fbd-790f-46ee-baf2-d8f4fe722f29,Woolworths Supermarket,Drinks,Devondale Skim Long Life Milk 6x200ml,084244,$4.00,$3.33 / 1L,https://www.woolworths.com.au/shop/productdetails/84244/devondale-skim-long-life-milk,https://cdn0.woolworths.media/content/wowproductimages/medium/084244.jpg,2020-09-21 16:53:59,,0,,True
d6c07ea4-dd01-4c57-a512-e3ccbb975549,Woolworths Supermarket,Drinks,Devondale 100% Pure Full Cream Long Life Milk 6x200ml,090032,$4.00,$3.33 / 1L,https://www.woolworths.com.au/shop/productdetails/90032/devondale-100-pure-full-cream-long-life-milk,https://cdn0.woolworths.media/content/wowproductimages/medium/090032.jpg,2020-09-21 16:53:59,,0,,True
3198a2d2-9d4e-4625-94fd-0d391b7634a4,Woolworths Supermarket,Drinks,Orange Grove Orange Drink 2l,667857,$2.10,$1.05 / 1L,https://www.woolworths.com.au/shop/productdetails/667857/orange-grove-orange-drink,https://cdn0.woolworths.media/content/wowproductimages/medium/667857.jpg,2020-09-21 16:53:59,,0,,True
37a47401-28d5-41e4-8de1-b1737a718aa9,Woolworths Supermarket,Drinks,Orange Grove Orange & Mango Fruit Drink 2l,667900,$2.10,$1.05 / 1L,https://www.woolworths.com.au/shop/productdetails/667900/orange-grove-orange-mango-fruit-drink,https://cdn0.woolworths.media/content/wowproductimages/medium/667900.jpg,2020-09-21 16:53:59,,0,,True
08ba1ac3-a02c-4f75-b7f0-8db0102ebd2f,Woolworths Supermarket,Drinks,Tynee Tips Black Loose Leaf Tea 250g,035243,$2.80,$1.12 / 100G,https://www.woolworths.com.au/shop/productdetails/35243/tynee-tips-black-loose-leaf-tea,https://cdn0.woolworths.media/content/wowproductimages/medium/035243.jpg,2020-09-21 16:53:59,,0,,True
b92098e3-1cfe-4d1b-bd77-288509d97cd8,Woolworths Supermarket,Drinks,Nippy's Unsweetened Orange Juice 3l,711873,$7.00,$2.33 / 1L,https://www.woolworths.com.au/shop/productdetails/711873/nippy-s-unsweetened-orange-juice,https://cdn0.woolworths.media/content/wowproductimages/medium/711873.jpg,2020-09-21 16:53:59,,0,,True
5660eb13-ec94-4194-971d-c9afe3da54cc,Woolworths Supermarket,Drinks,Spreyton Premium Apple Juice 2l,111245,$6.00,$3.00 / 1L,https://www.woolworths.com.au/shop/productdetails/111245/spreyton-premium-apple-juice,https://cdn0.woolworths.media/content/wowproductimages/medium/111245.jpg,2020-09-21 16:53:59,,0,,True
3ad166a2-88d0-43c2-a891-dcc36122f307,Woolworths Supermarket,Drinks,Nippy's Orange & Passionfruit Juice 2l,359124,$5.00,$2.50 / 1L,https://www.woolworths.com.au/shop/productdetails/359124/nippy-s-orange-passionfruit-juice,https://cdn0.woolworths.media/content/wowproductimages/medium/359124.jpg,2020-09-21 16:53:59,,0,,True
0b4d3b2a-6db6-4376-8741-5c6cfb4c54d3,Woolworths Supermarket,Drinks,Nippy's Orange & Mango Juice 2l,359125,$5.00,$2.50 / 1L,https://www.woolworths.com.au/shop/productdetails/359125/nippy-s-orange-mango-juice,https://cdn0.woolworths.media/content/wowproductimages/medium/359125.jpg,2020-09-21 16:53:59,,0,,True
1460bd31-d9bd-452e-bbde-6f891ad7e2a8,Woolworths Supermarket,Drinks,Cottee's Cordial Cola 1l,362448,$3.75,$3.75 / 1L,https://www.woolworths.com.au/shop/productdetails/362448/cottee-s-cordial-cola,https://cdn0.woolworths.media/content/wowproductimages/medium/362448.jpg,2020-09-21 16:53:59,,0,,True
d00f226f-3e9e-4692-93d0-0d7477b9a98b,Woolworths Supermarket,Drinks,The Great Australian Squeeze Fresh Orange Juice 2l,841034,$6.65,$3.33 / 1L,https://www.woolworths.com.au/shop/productdetails/841034/the-great-australian-squeeze-fresh-orange-juice,https://cdn0.woolworths.media/content/wowproductimages/medium/841034.jpg,2020-09-21 16:53:59,,0,,True
c3b3c498-ca28-4df1-bb14-466613897eff,Woolworths Supermarket,Drinks,Nippy's Unsweetened Orange Juice 2l,018798,$5.00,$2.50 / 1L,https://www.woolworths.com.au/shop/productdetails/18798/nippy-s-unsweetened-orange-juice,https://cdn0.woolworths.media/content/wowproductimages/medium/018798.jpg,2020-09-21 16:53:59,,0,,True
9981c22f-3945-41cc-97db-93a32ca10a7d,Woolworths Supermarket,Drinks,Hepburn Sparkling Mineral Water 750ml,378206,$3.00,$4.00 / 1L,https://www.woolworths.com.au/shop/productdetails/378206/hepburn-sparkling-mineral-water,https://cdn0.woolworths.media/content/wowproductimages/medium/378206.jpg,2020-09-21 16:53:59,,0,,True
