id,supermarket,category,product_name,product_id,price,cup_price,product_url,img_url,viewed_date,ratings,rating_count,product_specials,available_in_stock
f1759331-330c-415b-b07e-1e2234d4f316,Woolworths Supermarket,Freezer,Woolworths Potato Wedges 750g,693777,$2.00,$2.67 / 1KG,https://www.woolworths.com.au/shop/productdetails/693777/woolworths-potato-wedges,https://cdn0.woolworths.media/content/wowproductimages/medium/693777.jpg,2020-09-21 16:53:59,Average product rating out of 5: 4.5. Product score is based on 715 ratings,715,Was $2.69 13/06/2016,True
a497dcfa-882b-40e2-a351-566ed6f56e83,Woolworths Supermarket,Freezer,Mccain Hash Browns Shredded 750g,098299,$3.00,$4.00 / 1KG,https://www.woolworths.com.au/shop/productdetails/98299/mccain-hash-browns-shredded,https://cdn0.woolworths.media/content/wowproductimages/medium/098299.jpg,2020-09-21 16:53:59,Average product rating out of 5: 4.5. Product score is based on 61 ratings,61,,True
42e622a0-7cf6-4293-9f89-d2d05c08ea80,Woolworths Supermarket,Freezer,Ingham's Frozen Chicken Breast Tenders Original 400g,038728,$4.00,$10.00 / 1KG,https://www.woolworths.com.au/shop/productdetails/38728/ingham-s-frozen-chicken-breast-tenders-original,https://cdn0.woolworths.media/content/wowproductimages/medium/038728.jpg,2020-09-21 16:53:59,Average product rating out of 5: 4.4. Product score is based on 179 ratings,179,Was $8.30 23/07/2018,True
8ec9f00e-de6b-4e15-8802-32cbf4e88526,Woolworths Supermarket,Freezer,Borg's Pastizzis Triangles Spinach & Ricotta 360g,177218,$3.00,$0.83 / 100G,https://www.woolworths.com.au/shop/productdetails/177218/borg-s-pastizzis-triangles-spinach-ricotta,https://cdn0.woolworths.media/content/wowproductimages/medium/177218.jpg,2020-09-21 16:53:59,Average product rating out of 5: 4.4. Product score is based on 60 ratings,60,,True
e0ae0925-6ad3-4f7c-81b9-7f1ad0d7b7f1,Woolworths Supermarket,Freezer,Birds Eye Fish Cakes Oven Fry 300g,039353,$5.00,$16.67 / 1KG,https://www.woolworths.com.au/shop/productdetails/39353/birds-eye-fish-cakes-oven-fry,https://cdn0.woolworths.media/content/wowproductimages/medium/039353.jpg,2020-09-21 16:53:59,Average product rating out of 5: 4.0. Product score is based on 29 ratings,29,,True
bf7672a5-48f0-4854-93d7-377c3ac5bc78,Woolworths Supermarket,Freezer,Mccain Mixed Vegetables Peas Corn & Carrot 500g,054233,$2.60,$5.20 / 1KG,https://www.woolworths.com.au/shop/productdetails/54233/mccain-mixed-vegetables-peas-corn-carrot,https://cdn0.woolworths.media/content/wowproductimages/medium/054233.jpg,2020-09-21 16:53:59,Average product rating out of 5: 4.5. Product score is based on 73 ratings,73,Was $2.99 02/04/2018,True
8f8fe8d4-f01d-49b4-87e0-bf2b327337c4,Woolworths Supermarket,Freezer,Woolworths Potato Minis 1kg,695650,$2.90,$2.90 / 1KG,https://www.woolworths.com.au/shop/productdetails/695650/woolworths-potato-minis,https://cdn0.woolworths.media/content/wowproductimages/medium/695650.jpg,2020-09-21 16:53:59,Average product rating out of 5: 4.6. Product score is based on 241 ratings,241,Was $3.49 13/06/2016,True
0e17387b-35bf-4a2c-80a0-ebd1e02b2d2d,Woolworths Supermarket,Freezer,Woolworths Puff Pastry Sheets 1kg,018366,$2.30,$0.23 / 100G,https://www.woolworths.com.au/shop/productdetails/18366/woolworths-puff-pastry-sheets,https://cdn0.woolworths.media/content/wowproductimages/medium/018366.jpg,2020-09-21 16:53:59,Average product rating out of 5: 4.6. Product score is based on 863 ratings,863,,True
aaa9b92d-8f22-45bc-85ce-36c755fe103f,Woolworths Supermarket,Freezer,Woolworths Garlic Chicken Bites 360g,575573,$5.00,$1.39 / 100G,https://www.woolworths.com.au/shop/productdetails/575573/woolworths-garlic-chicken-bites,https://cdn0.woolworths.media/content/wowproductimages/medium/575573.jpg,2020-09-21 16:53:59,Average product rating out of 5: 4.1. Product score is based on 375 ratings,375,,True
20c16c3e-3b67-4509-b5e5-0b2b05af48ea,Woolworths Supermarket,Freezer,Birds Eye Potato Gems 1kg,096403,$4.30,$4.30 / 1KG,https://www.woolworths.com.au/shop/productdetails/96403/birds-eye-potato-gems,https://cdn0.woolworths.media/content/wowproductimages/medium/096403.jpg,2020-09-21 16:53:59,Average product rating out of 5: 4.8. Product score is based on 129 ratings,129,,True
3ac6ff99-2568-4436-ba98-f7ed5d89f5fa,Woolworths Supermarket,Freezer,Woolworths Chunky Steakhouse Chips 1kg,224411,$2.00,$2.00 / 1KG,https://www.woolworths.com.au/shop/productdetails/224411/woolworths-chunky-steakhouse-chips,https://cdn0.woolworths.media/content/wowproductimages/medium/224411.jpg,2020-09-21 16:53:59,Average product rating out of 5: 4.2. Product score is based on 617 ratings,617,Was $2.69 13/06/2016,True
4dd3f395-bbe6-4980-b69e-8f4086ba6278,Woolworths Supermarket,Freezer,Ho Mai Asian Entertainer Pack 1kg,259540,$14.00,$1.40 / 100G,https://www.woolworths.com.au/shop/productdetails/259540/ho-mai-asian-entertainer-pack,https://cdn0.woolworths.media/content/wowproductimages/medium/259540.jpg,2020-09-21 16:53:59,Average product rating out of 5: 4.2. Product score is based on 61 ratings,61,,True
99c87a87-e5b8-4d1f-96f3-bb9434736c17,Woolworths Supermarket,Freezer,Golden Wok Asian Mini Chicken Dim Sims 660g,022533,$5.00,$0.76 / 100G,https://www.woolworths.com.au/shop/productdetails/22533/golden-wok-asian-mini-chicken-dim-sims,https://cdn0.woolworths.media/content/wowproductimages/medium/022533.jpg,2020-09-21 16:53:59,Average product rating out of 5: 4.4. Product score is based on 34 ratings,34,,True
eb31296c-1f70-485a-80f5-f8af1eeb9c86,Woolworths Supermarket,Freezer,Woolworths Corn Cobs Corn Cobs 1kg,374274,$2.50,$2.50 / 1KG,https://www.woolworths.com.au/shop/productdetails/374274/woolworths-corn-cobs-corn-cobs,https://cdn0.woolworths.media/content/wowproductimages/medium/374274.jpg,2020-09-21 16:53:59,Average product rating out of 5: 4.2. Product score is based on 387 ratings,387,,True
f403bb66-34b0-4fb4-a170-3819dde1afb1,Woolworths Supermarket,Freezer,Birds Eye Onion Rings 500g,470257,$3.00,$6.00 / 1KG,https://www.woolworths.com.au/shop/productdetails/470257/birds-eye-onion-rings,https://cdn0.woolworths.media/content/wowproductimages/medium/470257.jpg,2020-09-21 16:53:59,Average product rating out of 5: 4.3. Product score is based on 32 ratings,32,,True
8ce34b42-4da2-4f16-addf-5233de8fb9a7,Woolworths Supermarket,Freezer,Woolworths Chicken Breast Crumbed Tenders 400g,733773,$3.50,$8.75 / 1KG,https://www.woolworths.com.au/shop/productdetails/733773/woolworths-chicken-breast-crumbed-tenders,https://cdn0.woolworths.media/content/wowproductimages/medium/733773.jpg,2020-09-21 16:53:59,Average product rating out of 5: 4.5. Product score is based on 190 ratings,190,,True
091f3677-9500-4390-8cc6-d23ac26e1906,Woolworths Supermarket,Freezer,Golden Wok Asian Mini Dim Sims 660g,022497,$5.00,$0.76 / 100G,https://www.woolworths.com.au/shop/productdetails/22497/golden-wok-asian-mini-dim-sims,https://cdn0.woolworths.media/content/wowproductimages/medium/022497.jpg,2020-09-21 16:53:59,Average product rating out of 5: 4.3. Product score is based on 38 ratings,38,,True
c4894a97-6f10-4a92-aca3-355d6835fb65,Woolworths Supermarket,Freezer,Woolworths Party Pack Party Pies & Sausage Rolls 30 pack,622130,$9.80,$0.78 / 100G,https://www.woolworths.com.au/shop/productdetails/622130/woolworths-party-pack-party-pies-sausage-rolls,https://cdn0.woolworths.media/content/wowproductimages/medium/622130.jpg,2020-09-21 16:53:59,Average product rating out of 5: 4.3. Product score is based on 498 ratings,498,,True
9233dd15-3bfe-4d50-949e-23cf7d132c49,Woolworths Supermarket,Freezer,Birds Eye Deli Whiting Crisp Light Batter 250g,691284,$6.00,$24.00 / 1KG,https://www.woolworths.com.au/shop/productdetails/691284/birds-eye-deli-whiting-crisp-light-batter,https://cdn0.woolworths.media/content/wowproductimages/medium/691284.jpg,2020-09-21 16:53:59,Average product rating out of 5: 4.9. Product score is based on 33 ratings,33,,True
656a8383-40a7-4ee9-b7a9-a01d849d026c,Woolworths Supermarket,Freezer,Essentials Frozen Beef Lasagne 400g,027756,$2.25,$0.56 / 100G,https://www.woolworths.com.au/shop/productdetails/27756/essentials-frozen-beef-lasagne,https://cdn0.woolworths.media/content/wowproductimages/medium/027756.jpg,2020-09-21 16:53:59,Average product rating out of 5: 3.7. Product score is based on 543 ratings,543,,True
ca456035-b339-472b-a01a-e966ac1434a1,Woolworths Supermarket,Freezer,Mccain Pub Style Fries 750g,034936,$3.00,$4.00 / 1KG,https://www.woolworths.com.au/shop/productdetails/34936/mccain-pub-style-fries,https://cdn0.woolworths.media/content/wowproductimages/medium/034936.jpg,2020-09-21 16:53:59,Average product rating out of 5: 4.7. Product score is based on 44 ratings,44,,True
9fd73b10-52ca-4033-97af-54f4e3d2f950,Woolworths Supermarket,Freezer,Essentials Crumbed Chicken Nuggets 500g,097997,$2.90,$5.80 / 1KG,https://www.woolworths.com.au/shop/productdetails/97997/essentials-crumbed-chicken-nuggets,https://cdn0.woolworths.media/content/wowproductimages/medium/097997.jpg,2020-09-21 16:53:59,Average product rating out of 5: 3.9. Product score is based on 839 ratings,839,,True
6b76d76b-a3e5-4c47-a840-64c28ab74b9f,Woolworths Supermarket,Freezer,Ingham's Frozen Chicken Breast Tenders Sweet Chilli 400g,229446,$4.00,$10.00 / 1KG,https://www.woolworths.com.au/shop/productdetails/229446/ingham-s-frozen-chicken-breast-tenders-sweet-chilli,https://cdn0.woolworths.media/content/wowproductimages/medium/229446.jpg,2020-09-21 16:53:59,Average product rating out of 5: 4.7. Product score is based on 72 ratings,72,Was $8.30 23/07/2018,True
f2047c22-c843-4620-b62b-14031a67ad03,Woolworths Supermarket,Freezer,Mccain Superfries Shoestring 900g,662937,$3.00,$3.33 / 1KG,https://www.woolworths.com.au/shop/productdetails/662937/mccain-superfries-shoestring,https://cdn0.woolworths.media/content/wowproductimages/medium/662937.jpg,2020-09-21 16:53:59,Average product rating out of 5: 4.5. Product score is based on 94 ratings,94,Was $3.79 20/11/2017,True
038fc3a9-df6c-4d34-9443-ceab9dc882f5,Woolworths Supermarket,Freezer,Peters Drumstick Minis Ice Cream Vanilla 6 pack,259674,$8.40,$1.71 / 100ML,https://www.woolworths.com.au/shop/productdetails/259674/peters-drumstick-minis-ice-cream-vanilla,https://cdn0.woolworths.media/content/wowproductimages/medium/259674.jpg,2020-09-21 16:53:59,Average product rating out of 5: 4.8. Product score is based on 38 ratings,38,,True
cc207044-dc43-4896-89e5-9304b08239f9,Woolworths Supermarket,Freezer,Steggles Chicken Pieces Premium Breast Fingers 400g,251465,$4.00,$10.00 / 1KG,https://www.woolworths.com.au/shop/productdetails/251465/steggles-chicken-pieces-premium-breast-fingers,https://cdn0.woolworths.media/content/wowproductimages/medium/251465.jpg,2020-09-21 16:53:59,Average product rating out of 5: 4.4. Product score is based on 59 ratings,59,,True
4c12a97f-3e35-4bde-a284-de7ff42e84c1,Woolworths Supermarket,Freezer,Temptation Bakeries Quiche Tasty Cheese & Bacon 2 pack,356078,$4.50,$1.61 / 100G,https://www.woolworths.com.au/shop/productdetails/356078/temptation-bakeries-quiche-tasty-cheese-bacon,https://cdn0.woolworths.media/content/wowproductimages/medium/356078.jpg,2020-09-21 16:53:59,Average product rating out of 5: 4.5. Product score is based on 19 ratings,19,Was $5.00 27/04/2020,True
d547ba18-36de-4093-93d1-4117cc478f09,Woolworths Supermarket,Freezer,Mccain Hash Browns Shredded 750g,098299,$3.00,$4.00 / 1KG,https://www.woolworths.com.au/shop/productdetails/98299/mccain-hash-browns-shredded,https://cdn0.woolworths.media/content/wowproductimages/medium/098299.jpg,2020-09-21 16:53:59,Average product rating out of 5: 4.5. Product score is based on 61 ratings,61,,True
ed84be04-c3a8-4db7-b01b-d6a5cdb66686,Woolworths Supermarket,Freezer,Patties Party Pies 12 pack,077888,$8.50,$1.52 / 100G,https://www.woolworths.com.au/shop/productdetails/77888/patties-party-pies,https://cdn0.woolworths.media/content/wowproductimages/medium/077888.jpg,2020-09-21 16:53:59,Average product rating out of 5: 4.3. Product score is based on 49 ratings,49,,True
c4a86a73-4c07-4b98-a187-ef730617db43,Woolworths Supermarket,Freezer,Heinz Steam Fresh Broccoli Carrot & Cauli 450g,211189,$3.30,$7.33 / 1KG,https://www.woolworths.com.au/shop/productdetails/211189/heinz-steam-fresh-broccoli-carrot-cauli,https://cdn0.woolworths.media/content/wowproductimages/medium/211189.jpg,2020-09-21 16:53:59,Average product rating out of 5: 4.6. Product score is based on 48 ratings,48,,True
160bfdfb-1530-4b8f-96cd-e730e014a888,Woolworths Supermarket,Freezer,Woolworths Frozen Fish Fillets Battered 1kg,759044,$7.70,$7.70 / 1KG,https://www.woolworths.com.au/shop/productdetails/759044/woolworths-frozen-fish-fillets-battered,https://cdn0.woolworths.media/content/wowproductimages/medium/759044.jpg,2020-09-21 16:53:59,Average product rating out of 5: 4.5. Product score is based on 61 ratings,61,,True
87a09f9d-511b-42e7-a93f-8c8d036efef2,Woolworths Supermarket,Freezer,Sara Lee Ice Cream Classic Ultra Chocolate 1l tub,012347,$9.00,$0.90 / 100ML,https://www.woolworths.com.au/shop/productdetails/12347/sara-lee-ice-cream-classic-ultra-chocolate,https://cdn0.woolworths.media/content/wowproductimages/medium/012347.jpg,2020-09-21 16:53:59,Average product rating out of 5: 4.7. Product score is based on 49 ratings,49,,True
164b7e22-353d-4f88-b2a5-855f43686160,Woolworths Supermarket,Freezer,Essentials Frozen Mixed Vegetables 1kg,093915,$1.59,$1.59 / 1KG,https://www.woolworths.com.au/shop/productdetails/93915/essentials-frozen-mixed-vegetables,https://cdn0.woolworths.media/content/wowproductimages/medium/093915.jpg,2020-09-21 16:53:59,Average product rating out of 5: 4.1. Product score is based on 381 ratings,381,,True
f7b65832-533a-4f41-b8cb-ef8be4f80cca,Woolworths Supermarket,Freezer,Woolworths Frozen Salmon Fillets Skin On 250g,259832,$6.30,$25.20 / 1KG,https://www.woolworths.com.au/shop/productdetails/259832/woolworths-frozen-salmon-fillets-skin-on,https://cdn0.woolworths.media/content/wowproductimages/medium/259832.jpg,2020-09-21 16:53:59,Average product rating out of 5: 4.3. Product score is based on 879 ratings,879,,True
41c06bb9-9b3f-46be-8104-9c4bdfa776d9,Woolworths Supermarket,Freezer,Birds Eye Golden Ale Chips 600g,682739,$2.50,$4.17 / 1KG,https://www.woolworths.com.au/shop/productdetails/682739/birds-eye-golden-ale-chips,https://cdn0.woolworths.media/content/wowproductimages/medium/682739.jpg,2020-09-21 16:53:59,Average product rating out of 5: 4.7. Product score is based on 49 ratings,49,,True
8437ae96-1ac2-4527-ac34-094dc60a7aec,Woolworths Supermarket,Freezer,Macro Organic Frozen Blueberries 450g,815126,$7.50,$16.67 / 1KG,https://www.woolworths.com.au/shop/productdetails/815126/macro-organic-frozen-blueberries,https://cdn0.woolworths.media/content/wowproductimages/medium/815126.jpg,2020-09-21 16:53:59,Average product rating out of 5: 4.5. Product score is based on 873 ratings,873,,True
363e71b4-a388-4b41-bd40-53a85fb4af91,Woolworths Supermarket,Freezer,Birds Eye Steam Fresh Peas Beans Broccoli Corn Mix 750g,782977,$5.00,$6.67 / 1KG,https://www.woolworths.com.au/shop/productdetails/782977/birds-eye-steam-fresh-peas-beans-broccoli-corn-mix,https://cdn0.woolworths.media/content/wowproductimages/medium/782977.jpg,2020-09-21 16:53:59,Average product rating out of 5: 4.8. Product score is based on 62 ratings,62,,True
c01e7090-e49e-451a-8963-bd386e5e287a,Woolworths Supermarket,Freezer,Woolworths Simply Heat Beef Brisket 700g,821038,$14.00,$20.00 / 1KG,https://www.woolworths.com.au/shop/productdetails/821038/woolworths-simply-heat-beef-brisket,https://cdn0.woolworths.media/content/wowproductimages/medium/821038.jpg,2020-09-21 16:53:59,Average product rating out of 5: 4.5. Product score is based on 221 ratings,221,,True
8b883d04-ba53-4ad0-9235-8cf13f8be4f0,Woolworths Supermarket,Freezer,Mccain Honey Stir Fry Chicken Stir Fry Healthy Choice 330g,661424,$4.00,$1.21 / 100G,https://www.woolworths.com.au/shop/productdetails/661424/mccain-honey-stir-fry-chicken-stir-fry-healthy-choice,https://cdn0.woolworths.media/content/wowproductimages/medium/661424.jpg,2020-09-21 16:53:59,Average product rating out of 5: 3.9. Product score is based on 19 ratings,19,Was $5.59 30/01/2017,True
dc3c19e8-13da-4578-b7d3-d74c7894ce31,Woolworths Supermarket,Freezer,Umami Edamame Salad 200g,658326,$2.50,$12.50 / 1KG,https://www.woolworths.com.au/shop/productdetails/658326/umami-edamame-salad,https://cdn0.woolworths.media/content/wowproductimages/medium/658326.jpg,2020-09-21 16:53:59,Average product rating out of 5: 4.8. Product score is based on 46 ratings,46,,True
bdb1d154-85f4-41fd-945a-004ba1455a21,Woolworths Supermarket,Freezer,Mr Chen's Prawn Hargow 300g,705130,$7.50,$2.50 / 100G,https://www.woolworths.com.au/shop/productdetails/705130/mr-chen-s-prawn-hargow,https://cdn0.woolworths.media/content/wowproductimages/medium/705130.jpg,2020-09-21 16:53:59,Average product rating out of 5: 4.5. Product score is based on 42 ratings,42,,True
da6bde55-3929-4b15-a300-4963d7ecabf6,Woolworths Supermarket,Freezer,Birds Eye Potato Gems 1kg,096403,$4.30,$4.30 / 1KG,https://www.woolworths.com.au/shop/productdetails/96403/birds-eye-potato-gems,https://cdn0.woolworths.media/content/wowproductimages/medium/096403.jpg,2020-09-21 16:53:59,Average product rating out of 5: 4.8. Product score is based on 129 ratings,129,,True
f7b3662b-ebd1-4050-8106-e1f6f645b359,Woolworths Supermarket,Freezer,Heinz Steam Fresh Carrot Corn & Broccoli 450g,211190,$3.30,$7.33 / 1KG,https://www.woolworths.com.au/shop/productdetails/211190/heinz-steam-fresh-carrot-corn-broccoli,https://cdn0.woolworths.media/content/wowproductimages/medium/211190.jpg,2020-09-21 16:53:59,Average product rating out of 5: 4.7. Product score is based on 64 ratings,64,,True
1ba71854-552e-4f36-932c-7b65c3e047ad,Woolworths Supermarket,Freezer,Mccain Family Pizza Bbq Chicken & Pineapple 500g,691794,$5.50,$1.10 / 100G,https://www.woolworths.com.au/shop/productdetails/691794/mccain-family-pizza-bbq-chicken-pineapple,https://cdn0.woolworths.media/content/wowproductimages/medium/691794.jpg,2020-09-21 16:53:59,Average product rating out of 5: 4.0. Product score is based on 42 ratings,42,,True
e1b7ee8a-fede-4f93-a278-4b5440edb5d4,Woolworths Supermarket,Freezer,Woolworths Apple Pie Family 600g,763594,$3.20,$0.53 / 100G,https://www.woolworths.com.au/shop/productdetails/763594/woolworths-apple-pie-family,https://cdn0.woolworths.media/content/wowproductimages/medium/763594.jpg,2020-09-21 16:53:59,Average product rating out of 5: 3.9. Product score is based on 216 ratings,216,,True
448e102e-07d9-4652-a9a3-0eda875f7188,Woolworths Supermarket,Freezer,Woolworths Broccoli Florets 500g,768559,$2.50,$5.00 / 1KG,https://www.woolworths.com.au/shop/productdetails/768559/woolworths-broccoli-florets,https://cdn0.woolworths.media/content/wowproductimages/medium/768559.jpg,2020-09-21 16:53:59,Average product rating out of 5: 4.4. Product score is based on 191 ratings,191,,True
4b2a5098-92fc-46a3-b43c-892e648e71e2,Woolworths Supermarket,Freezer,Woolworths Broccoli & Cauliflower 500g,768561,$2.15,$4.30 / 1KG,https://www.woolworths.com.au/shop/productdetails/768561/woolworths-broccoli-cauliflower,https://cdn0.woolworths.media/content/wowproductimages/medium/768561.jpg,2020-09-21 16:53:59,Average product rating out of 5: 4.5. Product score is based on 720 ratings,720,,True
98a2c6ae-eda5-41c4-a4cc-b45cf57dc043,Woolworths Supermarket,Freezer,Herbert Adams Artisan Thai Style Red Chicken Curry Pies 2 pack,018036,$4.75,$1.19 / 100G,https://www.woolworths.com.au/shop/productdetails/18036/herbert-adams-artisan-thai-style-red-chicken-curry-pies,https://cdn0.woolworths.media/content/wowproductimages/medium/018036.jpg,2020-09-21 16:53:59,Average product rating out of 5: 4.4. Product score is based on 9 ratings,9,,True
35af29a2-f3c2-4647-b6ee-4cb7afcb53c7,Woolworths Supermarket,Freezer,Mccain Peas Baby 500g,018574,$2.50,$5.00 / 1KG,https://www.woolworths.com.au/shop/productdetails/18574/mccain-peas-baby,https://cdn0.woolworths.media/content/wowproductimages/medium/018574.jpg,2020-09-21 16:53:59,Average product rating out of 5: 4.6. Product score is based on 93 ratings,93,Was $3.25 02/04/2018,True
ff571314-d15f-427b-bb8c-aa44018cd7cf,Woolworths Supermarket,Freezer,On The Menu Ready Go Eat Burgers Fried Chicken 165g,020144,$2.65,$1.61 / 100G,https://www.woolworths.com.au/shop/productdetails/20144/on-the-menu-ready-go-eat-burgers-fried-chicken,https://cdn0.woolworths.media/content/wowproductimages/medium/020144.jpg,2020-09-21 16:53:59,Average product rating out of 5: 3.7. Product score is based on 23 ratings,23,,True
492a4409-b7d0-4de2-b64d-581109d7692d,Woolworths Supermarket,Freezer,Mccain Beans Baby 500g,022239,$2.60,$5.20 / 1KG,https://www.woolworths.com.au/shop/productdetails/22239/mccain-beans-baby,https://cdn0.woolworths.media/content/wowproductimages/medium/022239.jpg,2020-09-21 16:53:59,Average product rating out of 5: 4.6. Product score is based on 76 ratings,76,Was $3.09 02/04/2018,True
4da66ec3-b547-465d-9b8c-340399252dbb,Woolworths Supermarket,Freezer,Four'n Twenty Pies Meat 4 pack,024940,$5.00,$0.71 / 100G,https://www.woolworths.com.au/shop/productdetails/24940/four-n-twenty-pies-meat,https://cdn0.woolworths.media/content/wowproductimages/medium/024940.jpg,2020-09-21 16:53:59,Average product rating out of 5: 4.3. Product score is based on 77 ratings,77,,True
1f8400f9-c6cf-42cb-99be-3faa500c717d,Woolworths Supermarket,Freezer,Birds Eye Oven Baked Fish Herb & Garlic 425g,037448,$10.00,$23.53 / 1KG,https://www.woolworths.com.au/shop/productdetails/37448/birds-eye-oven-baked-fish-herb-garlic,https://cdn0.woolworths.media/content/wowproductimages/medium/037448.jpg,2020-09-21 16:53:59,Average product rating out of 5: 4.0. Product score is based on 23 ratings,23,,True
252657f2-50f4-4321-a102-794c73c64c46,Woolworths Supermarket,Freezer,Patties Party Pack 1.25kg,055613,$10.00,$0.80 / 100G,https://www.woolworths.com.au/shop/productdetails/55613/patties-party-pack,https://cdn0.woolworths.media/content/wowproductimages/medium/055613.jpg,2020-09-21 16:53:59,Average product rating out of 5: 4.7. Product score is based on 96 ratings,96,,True
17bd8bb5-97d9-43be-876b-7191983d9016,Woolworths Supermarket,Freezer,Magnum Ice Cream White 4 pack,485662,$4.50,$1.05 / 100ML,https://www.woolworths.com.au/shop/productdetails/485662/magnum-ice-cream-white,https://cdn0.woolworths.media/content/wowproductimages/medium/485662.jpg,2020-09-21 16:53:59,Average product rating out of 5: 4.6. Product score is based on 9 ratings,9,,True
68c5b7b5-f089-4717-8843-3068d2704f6d,Woolworths Supermarket,Freezer,Hong Kong Dim Sim Kitchen Bbq Pork Buns 200g,659505,$2.50,$1.25 / 100G,https://www.woolworths.com.au/shop/productdetails/659505/hong-kong-dim-sim-kitchen-bbq-pork-buns,https://cdn0.woolworths.media/content/wowproductimages/medium/659505.jpg,2020-09-21 16:53:59,Average product rating out of 5: 4.3. Product score is based on 64 ratings,64,,True
e495324a-184b-47fd-b90b-9d2430758fed,Woolworths Supermarket,Freezer,"Birds Eye Deli Seasoned Chips Parmesan, Garlic & Basil 600g",752330,$2.50,$4.17 / 1KG,https://www.woolworths.com.au/shop/productdetails/752330/birds-eye-deli-seasoned-chips-parmesan-garlic-basil,https://cdn0.woolworths.media/content/wowproductimages/medium/752330.jpg,2020-09-21 16:53:59,Average product rating out of 5: 4.7. Product score is based on 85 ratings,85,,True
d511a667-97b0-49b4-9e02-06bd3d26c431,Woolworths Supermarket,Freezer,Streets Blue Ribbon Light Vanilla Ice Cream 2l,000684,$4.90,$0.25 / 100ML,https://www.woolworths.com.au/shop/productdetails/684/streets-blue-ribbon-light-vanilla-ice-cream,https://cdn0.woolworths.media/content/wowproductimages/medium/000684.jpg,2020-09-21 16:53:59,Average product rating out of 5: 4.8. Product score is based on 57 ratings,57,Was $7.49 10/11/2015,True
b0318f48-e1ab-45fc-a3a0-b3204ec23c56,Woolworths Supermarket,Freezer,Birds Eye Pommes Noisettes 350g,004961,$3.95,$11.29 / 1KG,https://www.woolworths.com.au/shop/productdetails/4961/birds-eye-pommes-noisettes,https://cdn0.woolworths.media/content/wowproductimages/medium/004961.jpg,2020-09-21 16:53:59,Average product rating out of 5: 4.3. Product score is based on 26 ratings,26,,True
65125413-c8fa-49ed-ba3d-aa0d6b6d0ca5,Woolworths Supermarket,Freezer,On The Menu Ready Go Eat Burgers Cheese 161g,020122,$2.65,$1.65 / 100G,https://www.woolworths.com.au/shop/productdetails/20122/on-the-menu-ready-go-eat-burgers-cheese,https://cdn0.woolworths.media/content/wowproductimages/medium/020122.jpg,2020-09-21 16:53:59,Average product rating out of 5: 3.9. Product score is based on 35 ratings,35,,True
17813fed-31a6-46fe-8f0c-7fa9a3f5fe2a,Woolworths Supermarket,Freezer,Sargents Pies Chicken & Vegetable 4 pack,025758,$5.50,$0.79 / 100G,https://www.woolworths.com.au/shop/productdetails/25758/sargents-pies-chicken-vegetable,https://cdn0.woolworths.media/content/wowproductimages/medium/025758.jpg,2020-09-21 16:53:59,Average product rating out of 5: 4.1. Product score is based on 28 ratings,28,,True
f5ec2f20-f4fb-43c6-a33b-b34255c1b917,Woolworths Supermarket,Freezer,Birds Eye Fish Fingers 1kg,096336,$7.00,$7.00 / 1KG,https://www.woolworths.com.au/shop/productdetails/96336/birds-eye-fish-fingers,https://cdn0.woolworths.media/content/wowproductimages/medium/096336.jpg,2020-09-21 16:53:59,Average product rating out of 5: 4.6. Product score is based on 52 ratings,52,,True
580d212c-7de9-4fc1-a197-32b44268904b,Woolworths Supermarket,Freezer,Four'n Twenty Pies Beef & Cheese 700g,227091,$5.00,$0.71 / 100G,https://www.woolworths.com.au/shop/productdetails/227091/four-n-twenty-pies-beef-cheese,https://cdn0.woolworths.media/content/wowproductimages/medium/227091.jpg,2020-09-21 16:53:59,Average product rating out of 5: 4.6. Product score is based on 32 ratings,32,,True
08064a53-79f4-4f21-8b52-35298c0dca95,Woolworths Supermarket,Freezer,Bell Farms Frozen Mash Potato 1kg,429267,$3.50,$3.50 / 1KG,https://www.woolworths.com.au/shop/productdetails/429267/bell-farms-frozen-mash-potato,https://cdn0.woolworths.media/content/wowproductimages/medium/429267.jpg,2020-09-21 16:53:59,Average product rating out of 5: 4.8. Product score is based on 133 ratings,133,,True
82c83d84-ad6e-4a50-8e40-2e6f7cefdf0d,Woolworths Supermarket,Freezer,Magnum Ice Cream Classic 4 pack,485660,$4.50,$1.05 / 100ML,https://www.woolworths.com.au/shop/productdetails/485660/magnum-ice-cream-classic,https://cdn0.woolworths.media/content/wowproductimages/medium/485660.jpg,2020-09-21 16:53:59,Average product rating out of 5: 4.8. Product score is based on 32 ratings,32,,True
fd11ba67-9ecd-4704-9a66-f46f7810a773,Woolworths Supermarket,Freezer,Essentials French Fries 1kg,639533,$1.89,$1.89 / 1KG,https://www.woolworths.com.au/shop/productdetails/639533/essentials-french-fries,https://cdn0.woolworths.media/content/wowproductimages/medium/639533.jpg,2020-09-21 16:53:59,Average product rating out of 5: 4.2. Product score is based on 480 ratings,480,,True
ba29fcbc-b9d2-41f7-8f61-cb02f19e4ece,Woolworths Supermarket,Freezer,On The Menu Three Cheese Macaroni 260g,708965,$3.00,$1.15 / 100G,https://www.woolworths.com.au/shop/productdetails/708965/on-the-menu-three-cheese-macaroni,https://cdn0.woolworths.media/content/wowproductimages/medium/708965.jpg,2020-09-21 16:53:59,Average product rating out of 5: 4.2. Product score is based on 27 ratings,27,,True
c9c7072e-094c-4cbe-8c51-70570072d82c,Woolworths Supermarket,Freezer,Woolworths Julienne Carrots 500g,768562,$2.00,$4.00 / 1KG,https://www.woolworths.com.au/shop/productdetails/768562/woolworths-julienne-carrots,https://cdn0.woolworths.media/content/wowproductimages/medium/768562.jpg,2020-09-21 16:53:59,Average product rating out of 5: 4.3. Product score is based on 347 ratings,347,,True
82ec2fdf-0b35-4c82-b67d-f2fe32add1e9,Woolworths Supermarket,Freezer,Steggles Chicken Breast Tenders Crumbed 1kg,001221,$11.00,$11.00 / 1KG,https://www.woolworths.com.au/shop/productdetails/1221/steggles-chicken-breast-tenders-crumbed,https://cdn0.woolworths.media/content/wowproductimages/medium/001221.jpg,2020-09-21 16:53:59,Average product rating out of 5: 4.6. Product score is based on 38 ratings,38,,True
a378d4d8-a5f2-43d6-8996-6ef65eb4aadb,Woolworths Supermarket,Freezer,Birds Eye Wild Caught Deep Sea Dory Original Crumb 425g,006981,$10.00,$23.53 / 1KG,https://www.woolworths.com.au/shop/productdetails/6981/birds-eye-wild-caught-deep-sea-dory-original-crumb,https://cdn0.woolworths.media/content/wowproductimages/medium/006981.jpg,2020-09-21 16:53:59,Average product rating out of 5: 4.0. Product score is based on 28 ratings,28,,True
654abaaf-6933-482a-a91d-839fe9ec3e35,Woolworths Supermarket,Freezer,Birds Eye Deli Roast Duck Fat Potatoes Fat 600g,008052,$5.00,$8.33 / 1KG,https://www.woolworths.com.au/shop/productdetails/8052/birds-eye-deli-roast-duck-fat-potatoes-fat,https://cdn0.woolworths.media/content/wowproductimages/medium/008052.jpg,2020-09-21 16:53:59,Average product rating out of 5: 4.3. Product score is based on 32 ratings,32,,True
7e84990f-ba90-4dcf-9c85-8e36d6ee58ac,Woolworths Supermarket,Freezer,Bulla Crunch Blue Heaven 8 pack,018883,$3.50,$0.55 / 100ML,https://www.woolworths.com.au/shop/productdetails/18883/bulla-crunch-blue-heaven,https://cdn0.woolworths.media/content/wowproductimages/medium/018883.jpg,2020-09-21 16:53:59,Average product rating out of 5: 4.3. Product score is based on 34 ratings,34,,True
d3ce855b-b164-4fb7-9539-709513594f9d,Woolworths Supermarket,Freezer,Mccain Fettuccine Carbonara 375g,022183,$3.50,$0.93 / 100G,https://www.woolworths.com.au/shop/productdetails/22183/mccain-fettuccine-carbonara,https://cdn0.woolworths.media/content/wowproductimages/medium/022183.jpg,2020-09-21 16:53:59,Average product rating out of 5: 4.6. Product score is based on 27 ratings,27,,True
30f8d39e-f81f-4a8e-9f07-8e7013244865,Woolworths Supermarket,Freezer,Sargents Pies Meat 4 pack,025726,$5.50,$0.79 / 100G,https://www.woolworths.com.au/shop/productdetails/25726/sargents-pies-meat,https://cdn0.woolworths.media/content/wowproductimages/medium/025726.jpg,2020-09-21 16:53:59,Average product rating out of 5: 4.1. Product score is based on 89 ratings,89,,True
cdc8cdca-0e02-4272-966f-862357b1ceff,Woolworths Supermarket,Freezer,Patties Sausage Roll Party 450g,030748,$8.50,$1.89 / 100G,https://www.woolworths.com.au/shop/productdetails/30748/patties-sausage-roll-party,https://cdn0.woolworths.media/content/wowproductimages/medium/030748.jpg,2020-09-21 16:53:59,Average product rating out of 5: 4.0. Product score is based on 39 ratings,39,,True
a50b9c1a-cd76-4f61-a225-13953e2db870,Woolworths Supermarket,Freezer,Connoisseur Bush Honey & Nougat Tub 470ml,051738,$5.00,$1.06 / 100ML,https://www.woolworths.com.au/shop/productdetails/51738/connoisseur-bush-honey-nougat-tub,https://cdn0.woolworths.media/content/wowproductimages/medium/051738.jpg,2020-09-21 16:53:59,Average product rating out of 5: 4.5. Product score is based on 11 ratings,11,,True
7e1e1465-ec4e-4627-be92-46420eed2215,Woolworths Supermarket,Freezer,Mccain Dinner Chicken Parmagiana 320g,052372,$4.80,$1.50 / 100G,https://www.woolworths.com.au/shop/productdetails/52372/mccain-dinner-chicken-parmagiana,https://cdn0.woolworths.media/content/wowproductimages/medium/052372.jpg,2020-09-21 16:53:59,Average product rating out of 5: 4.5. Product score is based on 24 ratings,24,,True
a428d177-05f2-44b3-a8cd-1270562951d3,Woolworths Supermarket,Freezer,Mccain Mixed Vegetables Peas & Corn 500g,054232,$2.60,$5.20 / 1KG,https://www.woolworths.com.au/shop/productdetails/54232/mccain-mixed-vegetables-peas-corn,https://cdn0.woolworths.media/content/wowproductimages/medium/054232.jpg,2020-09-21 16:53:59,Average product rating out of 5: 4.5. Product score is based on 46 ratings,46,Was $2.99 02/04/2018,True
c7fdb44c-d3a0-4822-a9f1-6030978f16f2,Woolworths Supermarket,Freezer,Woolworths Margherita Family Pizza 470g,056916,$3.30,$0.70 / 100G,https://www.woolworths.com.au/shop/productdetails/56916/woolworths-margherita-family-pizza,https://cdn0.woolworths.media/content/wowproductimages/medium/056916.jpg,2020-09-21 16:53:59,Average product rating out of 5: 3.7. Product score is based on 294 ratings,294,,True
52da5e0b-fa14-4dfd-b058-8b3a5e201acd,Woolworths Supermarket,Freezer,Chiko Original Rolls 4 pack,059793,$5.40,$0.83 / 100G,https://www.woolworths.com.au/shop/productdetails/59793/chiko-original-rolls,https://cdn0.woolworths.media/content/wowproductimages/medium/059793.jpg,2020-09-21 16:53:59,Average product rating out of 5: 4.7. Product score is based on 62 ratings,62,,True
65195cd8-7e54-4903-9543-b26ff85fe5c2,Woolworths Supermarket,Freezer,Streets Paddle Pop Rainbow 8 pack,106503,$7.00,$1.29 / 100ML,https://www.woolworths.com.au/shop/productdetails/106503/streets-paddle-pop-rainbow,https://cdn0.woolworths.media/content/wowproductimages/medium/106503.jpg,2020-09-21 16:53:59,,0,,True
86669d8e-840c-49c2-9360-9df911233214,Woolworths Supermarket,Freezer,Birds Eye Deli Salt & Pepper Prawn Cutlets 225g,109150,$9.00,$40.00 / 1KG,https://www.woolworths.com.au/shop/productdetails/109150/birds-eye-deli-salt-pepper-prawn-cutlets,https://cdn0.woolworths.media/content/wowproductimages/medium/109150.jpg,2020-09-21 16:53:59,,0,,True
e1acb9a8-2767-4765-b646-1b8e5fde4a53,Woolworths Supermarket,Freezer,Birds Eye Deli Squid Strips Lightly Seasoned 225g,115092,$9.00,$40.00 / 1KG,https://www.woolworths.com.au/shop/productdetails/115092/birds-eye-deli-squid-strips-lightly-seasoned,https://cdn0.woolworths.media/content/wowproductimages/medium/115092.jpg,2020-09-21 16:53:59,,0,,True
d0c8dd18-684c-4606-98a3-6b57f94d3565,Woolworths Supermarket,Freezer,Bell Farms Sweet Potato Chips 750g,536230,$4.80,$6.40 / 1KG,https://www.woolworths.com.au/shop/productdetails/536230/bell-farms-sweet-potato-chips,https://cdn0.woolworths.media/content/wowproductimages/medium/536230.jpg,2020-09-21 16:53:59,Average product rating out of 5: 4.5. Product score is based on 47 ratings,47,,True
57f8f94e-34c0-4676-9506-99d336f13b73,Woolworths Supermarket,Freezer,Mccain Man Size Chicken Kiev 480g,679366,$6.00,$1.25 / 100G,https://www.woolworths.com.au/shop/productdetails/679366/mccain-man-size-chicken-kiev,https://cdn0.woolworths.media/content/wowproductimages/medium/679366.jpg,2020-09-21 16:53:59,Average product rating out of 5: 4.2. Product score is based on 29 ratings,29,,True
4bd1e001-5ff3-46bf-9ab2-c78b9cf22bd9,Woolworths Supermarket,Freezer,Woolworths Frozen Chicken Breast Garlic & Herb Kiev 350g,733774,$5.00,$14.29 / 1KG,https://www.woolworths.com.au/shop/productdetails/733774/woolworths-frozen-chicken-breast-garlic-herb-kiev,https://cdn0.woolworths.media/content/wowproductimages/medium/733774.jpg,2020-09-21 16:53:59,Average product rating out of 5: 4.2. Product score is based on 39 ratings,39,,True
9386e937-a660-4786-ad3e-d53b2da02f49,Woolworths Supermarket,Freezer,Woolworths Chicken Breast Sweet Chilli Tenders 400g,774411,$3.50,$8.75 / 1KG,https://www.woolworths.com.au/shop/productdetails/774411/woolworths-chicken-breast-sweet-chilli-tenders,https://cdn0.woolworths.media/content/wowproductimages/medium/774411.jpg,2020-09-21 16:53:59,Average product rating out of 5: 4.5. Product score is based on 390 ratings,390,,True
5d59273d-3093-4db0-a394-1d021cc44f8b,Woolworths Supermarket,Freezer,Connoisseur Ice Cream Cafe Grande 1l tub,001793,$11.00,$1.10 / 100ML,https://www.woolworths.com.au/shop/productdetails/1793/connoisseur-ice-cream-cafe-grande,https://cdn0.woolworths.media/content/wowproductimages/medium/001793.jpg,2020-09-21 16:53:59,Average product rating out of 5: 4.8. Product score is based on 57 ratings,57,,True
78a8860a-c564-4091-a42c-cc626ab92fc2,Woolworths Supermarket,Freezer,Mccain Pizza Slice Ham & Pineapple 600g,003496,$7.50,$1.25 / 100G,https://www.woolworths.com.au/shop/productdetails/3496/mccain-pizza-slice-ham-pineapple,https://cdn0.woolworths.media/content/wowproductimages/medium/003496.jpg,2020-09-21 16:53:59,Average product rating out of 5: 4.2. Product score is based on 34 ratings,34,,True
a7a2f6eb-6eca-4e97-9399-80ba72f09177,Woolworths Supermarket,Freezer,Woolworths Mint Choc Chip Cookie Ice Cream Tub 1l,004954,$5.00,$0.50 / 100ML,https://www.woolworths.com.au/shop/productdetails/4954/woolworths-mint-choc-chip-cookie-ice-cream-tub,https://cdn0.woolworths.media/content/wowproductimages/medium/004954.jpg,2020-09-21 16:53:59,Average product rating out of 5: 4.5. Product score is based on 40 ratings,40,,True
10817253-8d7c-464d-a251-073a5b7c1d37,Woolworths Supermarket,Freezer,Ocean Chef Steamed Fish Fillets Olive Oil Garlic & Herbs 350g,005268,$5.00,$14.29 / 1KG,https://www.woolworths.com.au/shop/productdetails/5268/ocean-chef-steamed-fish-fillets-olive-oil-garlic-herbs,https://cdn0.woolworths.media/content/wowproductimages/medium/005268.jpg,2020-09-21 16:53:59,,0,,True
7d47c741-c04c-4946-927a-ba357779becd,Woolworths Supermarket,Freezer,Ocean Chef Flathead In Crunchy Batter 500g,005371,$10.00,$20.00 / 1KG,https://www.woolworths.com.au/shop/productdetails/5371/ocean-chef-flathead-in-crunchy-batter,https://cdn0.woolworths.media/content/wowproductimages/medium/005371.jpg,2020-09-21 16:53:59,,0,,True
1ae7f9b0-a57b-4352-bc26-64d238cc2516,Woolworths Supermarket,Freezer,Ocean Chef Lightly Seasoned Squid Chip 360g,005400,$4.00,$11.11 / 1KG,https://www.woolworths.com.au/shop/productdetails/5400/ocean-chef-lightly-seasoned-squid-chip,https://cdn0.woolworths.media/content/wowproductimages/medium/005400.jpg,2020-09-21 16:53:59,,0,,True
98fbac04-0705-414c-85f7-ca0672d0d688,Woolworths Supermarket,Freezer,Weis Sorbet Lemon 1l tub,006181,$7.00,$0.70 / 100ML,https://www.woolworths.com.au/shop/productdetails/6181/weis-sorbet-lemon,https://cdn0.woolworths.media/content/wowproductimages/medium/006181.jpg,2020-09-21 16:53:59,Average product rating out of 5: 4.8. Product score is based on 12 ratings,12,,True
8642dae4-accf-4154-be87-973c6404776d,Woolworths Supermarket,Freezer,Peters Icy Pole Lemonade 8 pack,007280,$4.60,$0.77 / 100ML,https://www.woolworths.com.au/shop/productdetails/7280/peters-icy-pole-lemonade,https://cdn0.woolworths.media/content/wowproductimages/medium/007280.jpg,2020-09-21 16:53:59,Average product rating out of 5: 5.0. Product score is based on 19 ratings,19,,True
c81eeefa-8e5c-45f5-bdce-14c0aad752e5,Woolworths Supermarket,Freezer,Peters Drumstick Super Chocolate 4 pack,007282,$8.40,$1.77 / 100ML,https://www.woolworths.com.au/shop/productdetails/7282/peters-drumstick-super-chocolate,https://cdn0.woolworths.media/content/wowproductimages/medium/007282.jpg,2020-09-21 16:53:59,Average product rating out of 5: 5.0. Product score is based on 31 ratings,31,,True
17209a58-df02-4525-a122-06a57b4c00bf,Woolworths Supermarket,Freezer,Bulla Crunch Double Choc 8 pack,009772,$7.00,$1.11 / 100ML,https://www.woolworths.com.au/shop/productdetails/9772/bulla-crunch-double-choc,https://cdn0.woolworths.media/content/wowproductimages/medium/009772.jpg,2020-09-21 16:53:59,Average product rating out of 5: 4.7. Product score is based on 69 ratings,69,,True
3473fa81-d364-4612-9290-237b710136a1,Woolworths Supermarket,Freezer,Sara Lee Ice Cream French Vanilla 1l tub,012311,$9.00,$0.90 / 100ML,https://www.woolworths.com.au/shop/productdetails/12311/sara-lee-ice-cream-french-vanilla,https://cdn0.woolworths.media/content/wowproductimages/medium/012311.jpg,2020-09-21 16:53:59,Average product rating out of 5: 4.7. Product score is based on 63 ratings,63,,True
f487d9ad-c3d5-4db5-98f5-17d3ad322282,Woolworths Supermarket,Freezer,Sara Lee Ice Cream Classic Ultra Chocolate 1l tub,012347,$9.00,$0.90 / 100ML,https://www.woolworths.com.au/shop/productdetails/12347/sara-lee-ice-cream-classic-ultra-chocolate,https://cdn0.woolworths.media/content/wowproductimages/medium/012347.jpg,2020-09-21 16:53:59,Average product rating out of 5: 4.7. Product score is based on 49 ratings,49,,True
1234cd9f-ffd8-4cef-94ef-a6c16fa16310,Woolworths Supermarket,Freezer,Mccain Straight Cut Healthy Choice 1kg,016536,$3.00,$3.00 / 1KG,https://www.woolworths.com.au/shop/productdetails/16536/mccain-straight-cut-healthy-choice,https://cdn0.woolworths.media/content/wowproductimages/medium/016536.jpg,2020-09-21 16:53:59,Average product rating out of 5: 4.2. Product score is based on 33 ratings,33,,True
e77af11c-dd74-4e61-be28-e9c6e03e32c7,Woolworths Supermarket,Freezer,Herbert Adams Beef & Camembert Pie 2 pack,018035,$7.80,$1.95 / 100G,https://www.woolworths.com.au/shop/productdetails/18035/herbert-adams-beef-camembert-pie,https://cdn0.woolworths.media/content/wowproductimages/medium/018035.jpg,2020-09-21 16:53:59,Average product rating out of 5: 5.0. Product score is based on 9 ratings,9,,True
222ba99a-8a00-4194-b483-12a7e3b4727d,Woolworths Supermarket,Freezer,Just Caught Pollock Fillets Skin On 1kg,019323,$10.00,$10.00 / 1KG,https://www.woolworths.com.au/shop/productdetails/19323/just-caught-pollock-fillets-skin-on,https://cdn0.woolworths.media/content/wowproductimages/medium/019323.jpg,2020-09-21 16:53:59,,0,,True
92471341-ab38-4b69-a591-242c375b1109,Woolworths Supermarket,Freezer,Sara Lee Sticky Date Pudding 475g,020032,$5.00,$1.05 / 100G,https://www.woolworths.com.au/shop/productdetails/20032/sara-lee-sticky-date-pudding,https://cdn0.woolworths.media/content/wowproductimages/medium/020032.jpg,2020-09-21 16:53:59,Average product rating out of 5: 4.6. Product score is based on 30 ratings,30,,True
5de7724a-a0df-41b5-bc02-6213abe569fd,Woolworths Supermarket,Freezer,Mccain Dinner Veal Cordon Bleu 320g,022349,$4.80,$1.50 / 100G,https://www.woolworths.com.au/shop/productdetails/22349/mccain-dinner-veal-cordon-bleu,https://cdn0.woolworths.media/content/wowproductimages/medium/022349.jpg,2020-09-21 16:53:59,Average product rating out of 5: 4.0. Product score is based on 21 ratings,21,,True
114b195c-fb6d-4117-9509-b827cf07affa,Woolworths Supermarket,Freezer,Sara Lee Family Pies & Desserts Apple Pie 600g,023058,$6.25,$1.04 / 100G,https://www.woolworths.com.au/shop/productdetails/23058/sara-lee-family-pies-desserts-apple-pie,https://cdn0.woolworths.media/content/wowproductimages/medium/023058.jpg,2020-09-21 16:53:59,Average product rating out of 5: 4.1. Product score is based on 22 ratings,22,,True
1f846c33-5639-4c19-8461-990d94573ee7,Woolworths Supermarket,Freezer,Sargents Traditional Pies Steak & Onion 4 pack,025764,$5.50,$0.79 / 100G,https://www.woolworths.com.au/shop/productdetails/25764/sargents-traditional-pies-steak-onion,https://cdn0.woolworths.media/content/wowproductimages/medium/025764.jpg,2020-09-21 16:53:59,Average product rating out of 5: 4.4. Product score is based on 23 ratings,23,,True
39d2ef28-5481-4acb-8d9a-2d7d089e0b64,Woolworths Supermarket,Freezer,Four'n Twenty Sausage Roll Jumbo 6 pack,026955,$7.00,$1.00 / 100G,https://www.woolworths.com.au/shop/productdetails/26955/four-n-twenty-sausage-roll-jumbo,https://cdn0.woolworths.media/content/wowproductimages/medium/026955.jpg,2020-09-21 16:53:59,Average product rating out of 5: 4.2. Product score is based on 46 ratings,46,,True
ee2ce4db-032a-4328-8180-881c736dbeb5,Woolworths Supermarket,Freezer,Pampas Shortcrust Pastry 5 Sheets 1kg,032897,$5.50,$0.55 / 100G,https://www.woolworths.com.au/shop/productdetails/32897/pampas-shortcrust-pastry-5-sheets,https://cdn0.woolworths.media/content/wowproductimages/medium/032897.jpg,2020-09-21 16:53:59,Average product rating out of 5: 4.7. Product score is based on 14 ratings,14,,True
660553b0-f08b-40bb-9554-5c134c8038d0,Woolworths Supermarket,Freezer,Peters Original Vanilla 4l,034673,$9.50,$0.24 / 100ML,https://www.woolworths.com.au/shop/productdetails/34673/peters-original-vanilla,https://cdn0.woolworths.media/content/wowproductimages/medium/034673.jpg,2020-09-21 16:53:59,Average product rating out of 5: 4.8. Product score is based on 78 ratings,78,,True
3d7c11d3-5625-44db-8346-25ab2410263e,Woolworths Supermarket,Freezer,Pampas Lemon Meringue Pies 4 pack,037320,$5.80,$1.45 / 100G,https://www.woolworths.com.au/shop/productdetails/37320/pampas-lemon-meringue-pies,https://cdn0.woolworths.media/content/wowproductimages/medium/037320.jpg,2020-09-21 16:53:59,Average product rating out of 5: 4.8. Product score is based on 32 ratings,32,,True
80ee289a-36df-46dc-9a83-63aba2b83061,Woolworths Supermarket,Freezer,Nanna's Multipack Pies & Desserts Apple & Blackberry Pie 4 pack,037552,$4.00,$0.89 / 100G,https://www.woolworths.com.au/shop/productdetails/37552/nanna-s-multipack-pies-desserts-apple-blackberry-pie,https://cdn0.woolworths.media/content/wowproductimages/medium/037552.jpg,2020-09-21 16:53:59,Average product rating out of 5: 4.8. Product score is based on 25 ratings,25,Was $5.69 24/10/16,True
a0a53419-4abc-4ba4-9e40-1146a11e9c28,Woolworths Supermarket,Freezer,Birds Eye Corn Kernels Super Sweet 1kg,037621,$5.00,$5.00 / 1KG,https://www.woolworths.com.au/shop/productdetails/37621/birds-eye-corn-kernels-super-sweet,https://cdn0.woolworths.media/content/wowproductimages/medium/037621.jpg,2020-09-21 16:53:59,Average product rating out of 5: 4.8. Product score is based on 12 ratings,12,,True
845adaef-74f7-4520-bb8d-c910ef3f90f8,Woolworths Supermarket,Freezer,Four'n Twenty Pies Chicken & Vegetable 4 pack,037772,$5.00,$0.71 / 100G,https://www.woolworths.com.au/shop/productdetails/37772/four-n-twenty-pies-chicken-vegetable,https://cdn0.woolworths.media/content/wowproductimages/medium/037772.jpg,2020-09-21 16:53:59,Average product rating out of 5: 4.2. Product score is based on 22 ratings,22,,True
a12f00d2-30bd-49e4-be77-e42fbae7e354,Woolworths Supermarket,Freezer,Birds Eye Oven Bake Crumbed Lemon 425g,038910,$10.00,$23.53 / 1KG,https://www.woolworths.com.au/shop/productdetails/38910/birds-eye-oven-bake-crumbed-lemon,https://cdn0.woolworths.media/content/wowproductimages/medium/038910.jpg,2020-09-21 16:53:59,Average product rating out of 5: 4.4. Product score is based on 48 ratings,48,,True
98015796-378b-4e2a-8a57-49b86f284c41,Woolworths Supermarket,Freezer,Birds Eye Hash Browns 375g,038939,$3.00,$8.00 / 1KG,https://www.woolworths.com.au/shop/productdetails/38939/birds-eye-hash-browns,https://cdn0.woolworths.media/content/wowproductimages/medium/038939.jpg,2020-09-21 16:53:59,Average product rating out of 5: 4.6. Product score is based on 19 ratings,19,Was $3.19 02/04/2018,True
74b624df-acc4-4929-8b8a-b621d13ace4f,Woolworths Supermarket,Freezer,Peters Original Vanilla Ice Cream 2l,040518,$4.75,$0.24 / 100ML,https://www.woolworths.com.au/shop/productdetails/40518/peters-original-vanilla-ice-cream,https://cdn0.woolworths.media/content/wowproductimages/medium/040518.jpg,2020-09-21 16:53:59,Average product rating out of 5: 4.6. Product score is based on 46 ratings,46,,True
f70367a8-3258-4af1-890b-c75ddc49ea43,Woolworths Supermarket,Freezer,Streets Blue Ribbon Ice Cream Vanilla 2l tub,040568,$4.90,$0.25 / 100ML,https://www.woolworths.com.au/shop/productdetails/40568/streets-blue-ribbon-ice-cream-vanilla,https://cdn0.woolworths.media/content/wowproductimages/medium/040568.jpg,2020-09-21 16:53:59,Average product rating out of 5: 4.8. Product score is based on 223 ratings,223,Was $7.49 10/11/2015,True
cc64ddbd-c603-4391-b89e-7429df00d2b2,Woolworths Supermarket,Freezer,Trang's Pastry Spring Roll Sheets 300g,040920,$2.30,$0.77 / 100G,https://www.woolworths.com.au/shop/productdetails/40920/trang-s-pastry-spring-roll-sheets,https://cdn0.woolworths.media/content/wowproductimages/medium/040920.jpg,2020-09-21 16:53:59,Average product rating out of 5: 4.4. Product score is based on 20 ratings,20,,True
e3efc4b2-d76e-4468-8685-74bb19cc41f9,Woolworths Supermarket,Freezer,Peters Ice Cream Cake Party 1.5l,040950,$13.00,$0.87 / 100ML,https://www.woolworths.com.au/shop/productdetails/40950/peters-ice-cream-cake-party,https://cdn0.woolworths.media/content/wowproductimages/medium/040950.jpg,2020-09-21 16:53:59,Average product rating out of 5: 5.0. Product score is based on 13 ratings,13,,True
113119b1-7cba-4223-b77d-f6ec6248b1b6,Woolworths Supermarket,Freezer,Peters Original Neapolitan Ice Cream 2l,040960,$4.75,$0.24 / 100ML,https://www.woolworths.com.au/shop/productdetails/40960/peters-original-neapolitan-ice-cream,https://cdn0.woolworths.media/content/wowproductimages/medium/040960.jpg,2020-09-21 16:53:59,Average product rating out of 5: 4.6. Product score is based on 25 ratings,25,,True
6abf6684-4628-4f47-8592-224278951afa,Woolworths Supermarket,Freezer,Bulla Splits Raspberry 10 pack,040975,$5.00,$0.67 / 100ML,https://www.woolworths.com.au/shop/productdetails/40975/bulla-splits-raspberry,https://cdn0.woolworths.media/content/wowproductimages/medium/040975.jpg,2020-09-21 16:53:59,Average product rating out of 5: 4.8. Product score is based on 35 ratings,35,,True
29d53888-b970-4ff4-ad6c-a6be678ad883,Woolworths Supermarket,Freezer,Weis Sorbet Mango 1l tub,041378,$7.00,$0.70 / 100ML,https://www.woolworths.com.au/shop/productdetails/41378/weis-sorbet-mango,https://cdn0.woolworths.media/content/wowproductimages/medium/041378.jpg,2020-09-21 16:53:59,Average product rating out of 5: 4.9. Product score is based on 21 ratings,21,,True
56f2853f-392b-4933-a366-c00098d960d2,Woolworths Supermarket,Freezer,Bulla Choc Bars Vanilla 10 pack,041430,$7.00,$0.91 / 100ML,https://www.woolworths.com.au/shop/productdetails/41430/bulla-choc-bars-vanilla,https://cdn0.woolworths.media/content/wowproductimages/medium/041430.jpg,2020-09-21 16:53:59,Average product rating out of 5: 4.7. Product score is based on 49 ratings,49,,True
a0d78361-98ba-4b9c-bba6-2f0ccb9ca155,Woolworths Supermarket,Freezer,Ingham's Frozen Turkey Breast Roast Traditional 1kg,041929,$16.00,$16.00 / 1KG,https://www.woolworths.com.au/shop/productdetails/41929/ingham-s-frozen-turkey-breast-roast-traditional,https://cdn0.woolworths.media/content/wowproductimages/medium/041929.jpg,2020-09-21 16:53:59,Average product rating out of 5: 4.7. Product score is based on 148 ratings,148,Was $21.00 17/10/2017,True
83137edd-2ce8-4674-9ba2-999c449dd700,Woolworths Supermarket,Freezer,Mccain Sliced Beans Sliced 500g,042601,$2.50,$5.00 / 1KG,https://www.woolworths.com.au/shop/productdetails/42601/mccain-sliced-beans-sliced,https://cdn0.woolworths.media/content/wowproductimages/medium/042601.jpg,2020-09-21 16:53:59,Average product rating out of 5: 4.4. Product score is based on 42 ratings,42,Was $2.79 02/04/2018,True
4d8d4fb3-ec02-4c23-9cca-fd6753b7416a,Woolworths Supermarket,Freezer,Bulla Reduced Fat Vanilla Ice Cream 2l,042620,$4.00,$0.20 / 100ML,https://www.woolworths.com.au/shop/productdetails/42620/bulla-reduced-fat-vanilla-ice-cream,https://cdn0.woolworths.media/content/wowproductimages/medium/042620.jpg,2020-09-21 16:53:59,Average product rating out of 5: 4.8. Product score is based on 77 ratings,77,,True
0d2fb946-fc67-4a0d-9182-2bc27666f5ff,Woolworths Supermarket,Freezer,Birds Eye Oven Bake Crumbed 425g,045916,$10.00,$23.53 / 1KG,https://www.woolworths.com.au/shop/productdetails/45916/birds-eye-oven-bake-crumbed,https://cdn0.woolworths.media/content/wowproductimages/medium/045916.jpg,2020-09-21 16:53:59,Average product rating out of 5: 4.3. Product score is based on 62 ratings,62,,True
9df6932b-174d-4b04-8b68-fa6fb6a0e80a,Woolworths Supermarket,Freezer,Birds Eye Oven Bake Lightly Battered Fish 6 pack,045940,$10.00,$23.53 / 1KG,https://www.woolworths.com.au/shop/productdetails/45940/birds-eye-oven-bake-lightly-battered-fish,https://cdn0.woolworths.media/content/wowproductimages/medium/045940.jpg,2020-09-21 16:53:59,Average product rating out of 5: 4.3. Product score is based on 81 ratings,81,,True
4608992e-c2c8-45ba-b5a6-21cca30b758c,Woolworths Supermarket,Freezer,Maltesers Chocolate Ice Cream Multipack 360ml,046101,$8.50,$2.36 / 100ML,https://www.woolworths.com.au/shop/productdetails/46101/maltesers-chocolate-ice-cream-multipack,https://cdn0.woolworths.media/content/wowproductimages/medium/046101.jpg,2020-09-21 16:53:59,Average product rating out of 5: 4.6. Product score is based on 13 ratings,13,,True
dedc1398-f9bf-4a17-b03d-eb63cebaf477,Woolworths Supermarket,Freezer,Sara Lee Deep Dish Pie With Apple Crumble Top 800g,046280,$6.00,$0.75 / 100G,https://www.woolworths.com.au/shop/productdetails/46280/sara-lee-deep-dish-pie-with-apple-crumble-top,https://cdn0.woolworths.media/content/wowproductimages/medium/046280.jpg,2020-09-21 16:53:59,Average product rating out of 5: 4.6. Product score is based on 18 ratings,18,,True
1c9957ab-20a0-4f3f-88a3-89e7fa7a55e4,Woolworths Supermarket,Freezer,Birds Eye Stir Fry Mix Thai 500g,046422,$3.70,$7.40 / 1KG,https://www.woolworths.com.au/shop/productdetails/46422/birds-eye-stir-fry-mix-thai,https://cdn0.woolworths.media/content/wowproductimages/medium/046422.jpg,2020-09-21 16:53:59,Average product rating out of 5: 4.4. Product score is based on 38 ratings,38,,True
31d2a34e-ea79-4b89-a20f-d56b7e55aae8,Woolworths Supermarket,Freezer,Peters Drumstick Ice Cream Vanilla 4 pack,048387,$8.40,$1.77 / 100ML,https://www.woolworths.com.au/shop/productdetails/48387/peters-drumstick-ice-cream-vanilla,https://cdn0.woolworths.media/content/wowproductimages/medium/048387.jpg,2020-09-21 16:53:59,Average product rating out of 5: 4.6. Product score is based on 18 ratings,18,,True
7e2a7c13-c168-4fe2-9a2f-dd0375b8b9a4,Woolworths Supermarket,Freezer,Marathon Asian Dim Sims 1.5kg,048914,$9.50,$0.63 / 100G,https://www.woolworths.com.au/shop/productdetails/48914/marathon-asian-dim-sims,https://cdn0.woolworths.media/content/wowproductimages/medium/048914.jpg,2020-09-21 16:53:59,Average product rating out of 5: 4.7. Product score is based on 59 ratings,59,,True
5ac4480f-5f93-4d3f-abd3-e1de2de7ffa7,Woolworths Supermarket,Freezer,Cadbury Crunchie Bars 4 pack,051739,$5.00,$1.67 / 100ML,https://www.woolworths.com.au/shop/productdetails/51739/cadbury-crunchie-bars,https://cdn0.woolworths.media/content/wowproductimages/medium/051739.jpg,2020-09-21 16:53:59,Average product rating out of 5: 4.8. Product score is based on 17 ratings,17,,True
6498796d-a9af-4d06-be95-8e918921ec9f,Woolworths Supermarket,Freezer,Cadbury Freddo Cake 1.5l,051741,$15.00,$1.00 / 100ML,https://www.woolworths.com.au/shop/productdetails/51741/cadbury-freddo-cake,https://cdn0.woolworths.media/content/wowproductimages/medium/051741.jpg,2020-09-21 16:53:59,Average product rating out of 5: 4.8. Product score is based on 28 ratings,28,,True
fcfed976-54a5-4bb4-a9e0-d10c8c162c7f,Woolworths Supermarket,Freezer,Connoisseur Davidson Plum & Cocoa Tub 470ml,051769,$5.00,$1.06 / 100ML,https://www.woolworths.com.au/shop/productdetails/51769/connoisseur-davidson-plum-cocoa-tub,https://cdn0.woolworths.media/content/wowproductimages/medium/051769.jpg,2020-09-21 16:53:59,Average product rating out of 5: 4.0. Product score is based on 11 ratings,11,,True
92fe02b4-fd05-4416-bca8-2996c1c8f898,Woolworths Supermarket,Freezer,Connoisseur Macadamia & Spiced Lime Tub 470ml,051770,$5.00,$1.06 / 100ML,https://www.woolworths.com.au/shop/productdetails/51770/connoisseur-macadamia-spiced-lime-tub,https://cdn0.woolworths.media/content/wowproductimages/medium/051770.jpg,2020-09-21 16:53:59,Average product rating out of 5: 4.3. Product score is based on 12 ratings,12,,True
50a3fc6d-dc8b-4928-9391-db4541a5ea21,Woolworths Supermarket,Freezer,Peters Drumstick Mini Boysen Berry Swirl 6 pack,051932,$8.40,$1.75 / 100ML,https://www.woolworths.com.au/shop/productdetails/51932/peters-drumstick-mini-boysen-berry-swirl,https://cdn0.woolworths.media/content/wowproductimages/medium/051932.jpg,2020-09-21 16:53:59,Average product rating out of 5: 4.7. Product score is based on 32 ratings,32,,True
f06b33b4-473a-4ab1-a047-977597701672,Woolworths Supermarket,Freezer,Haagen-dazs Brownie Macchiato 457ml,052286,$11.50,$2.52 / 100ML,https://www.woolworths.com.au/shop/productdetails/52286/haagen-dazs-brownie-macchiato,https://cdn0.woolworths.media/content/wowproductimages/medium/052286.jpg,2020-09-21 16:53:59,Average product rating out of 5: 4.4. Product score is based on 13 ratings,13,,True
e8af9329-61fa-4444-98be-fac9d36b34fe,Woolworths Supermarket,Freezer,Bulla Splits Spider 10 pack,052287,$5.00,$0.67 / 100ML,https://www.woolworths.com.au/shop/productdetails/52287/bulla-splits-spider,https://cdn0.woolworths.media/content/wowproductimages/medium/052287.jpg,2020-09-21 16:53:59,Average product rating out of 5: 4.6. Product score is based on 25 ratings,25,,True
cae8faae-0c8e-49a3-8aa9-5ee39eeeb20e,Woolworths Supermarket,Freezer,Haagen-dazs Barista Chocolate Frappe 457ml,052301,$11.50,$2.52 / 100ML,https://www.woolworths.com.au/shop/productdetails/52301/haagen-dazs-barista-chocolate-frappe,https://cdn0.woolworths.media/content/wowproductimages/medium/052301.jpg,2020-09-21 16:53:59,Average product rating out of 5: 4.1. Product score is based on 11 ratings,11,,True
115e91f5-b469-47e3-9c2c-a31cc5bd1272,Woolworths Supermarket,Freezer,Weis Mango & Toasted Coconut Frozen Yoghurt 1l,052621,$8.00,$0.80 / 100ML,https://www.woolworths.com.au/shop/productdetails/52621/weis-mango-toasted-coconut-frozen-yoghurt,https://cdn0.woolworths.media/content/wowproductimages/medium/052621.jpg,2020-09-21 16:53:59,Average product rating out of 5: 4.8. Product score is based on 13 ratings,13,,True
f058c24c-01ea-43f8-b275-a903b5c2a0e3,Woolworths Supermarket,Freezer,Magnum White Chocolate & Cookies Tub 440ml,052628,$4.50,$1.02 / 100ML,https://www.woolworths.com.au/shop/productdetails/52628/magnum-white-chocolate-cookies-tub,https://cdn0.woolworths.media/content/wowproductimages/medium/052628.jpg,2020-09-21 16:53:59,Average product rating out of 5: 4.0. Product score is based on 8 ratings,8,,True
5675438d-4046-481a-8af3-e5c426794a56,Woolworths Supermarket,Freezer,Ben & Jerry's Chocolate Chip Cookie Dough Core Tub 458ml,052629,$12.00,$2.62 / 100ML,https://www.woolworths.com.au/shop/productdetails/52629/ben-jerry-s-chocolate-chip-cookie-dough-core-tub,https://cdn0.woolworths.media/content/wowproductimages/medium/052629.jpg,2020-09-21 16:53:59,Average product rating out of 5: 3.5. Product score is based on 6 ratings,6,,True
be641979-7935-4058-9df6-a215991f9faa,Woolworths Supermarket,Freezer,Weis Mango & Toasted Coconut Frozen Yoghurt Bar 6 pack,052857,$7.50,$0.47 / 100ML,https://www.woolworths.com.au/shop/productdetails/52857/weis-mango-toasted-coconut-frozen-yoghurt-bar,https://cdn0.woolworths.media/content/wowproductimages/medium/052857.jpg,2020-09-21 16:53:59,Average product rating out of 5: 4.8. Product score is based on 12 ratings,12,,True
48052ca0-66ae-4c7b-b64b-265c6ff17135,Woolworths Supermarket,Freezer,Halo Top Dairy Free Choc Hazelnut 473ml,052952,$9.00,$1.90 / 100ML,https://www.woolworths.com.au/shop/productdetails/52952/halo-top-dairy-free-choc-hazelnut,https://cdn0.woolworths.media/content/wowproductimages/medium/052952.jpg,2020-09-21 16:53:59,Average product rating out of 5: 3.3. Product score is based on 13 ratings,13,,True
b8f6e2bd-26f6-4da8-b2af-2fa37a6d5e18,Woolworths Supermarket,Freezer,Halo Top Dairy Free Mint Fudge Cookie 473ml,053062,$9.00,$1.90 / 100ML,https://www.woolworths.com.au/shop/productdetails/53062/halo-top-dairy-free-mint-fudge-cookie,https://cdn0.woolworths.media/content/wowproductimages/medium/053062.jpg,2020-09-21 16:53:59,Average product rating out of 5: 3.6. Product score is based on 12 ratings,12,,True
90329af9-76e2-49c7-8f7e-1033bacf64c8,Woolworths Supermarket,Freezer,Mccain Pub Style Potato Wedges 750g,053205,$3.00,$4.00 / 1KG,https://www.woolworths.com.au/shop/productdetails/53205/mccain-pub-style-potato-wedges,https://cdn0.woolworths.media/content/wowproductimages/medium/053205.jpg,2020-09-21 16:53:59,Average product rating out of 5: 4.6. Product score is based on 30 ratings,30,,True
8ac4ec21-622a-4e68-a0f1-e1caf331d197,Woolworths Supermarket,Freezer,Oreo Tub 1.2l,053739,$6.00,$0.50 / 100ML,https://www.woolworths.com.au/shop/productdetails/53739/oreo-tub,https://cdn0.woolworths.media/content/wowproductimages/medium/053739.jpg,2020-09-21 16:53:59,Average product rating out of 5: 3.9. Product score is based on 7 ratings,7,,True
687bed7b-1b7d-4d18-84a1-6c45e6a66813,Woolworths Supermarket,Freezer,Cadbury Crunchie Tub 1.2l,053740,$6.00,$0.50 / 100ML,https://www.woolworths.com.au/shop/productdetails/53740/cadbury-crunchie-tub,https://cdn0.woolworths.media/content/wowproductimages/medium/053740.jpg,2020-09-21 16:53:59,Average product rating out of 5: 4.5. Product score is based on 13 ratings,13,,True
b12d025b-b371-4658-87dd-3e93cca6f60f,Woolworths Supermarket,Freezer,Cadbury Dairy Milk Vanilla Tub 1.2l,053741,$6.00,$0.50 / 100ML,https://www.woolworths.com.au/shop/productdetails/53741/cadbury-dairy-milk-vanilla-tub,https://cdn0.woolworths.media/content/wowproductimages/medium/053741.jpg,2020-09-21 16:53:59,Average product rating out of 5: 4.4. Product score is based on 19 ratings,19,,True
cc392475-ccce-44d1-a182-bddc292decae,Woolworths Supermarket,Freezer,Cadbury Picnic Tub 1.2l,053743,$6.00,$0.50 / 100ML,https://www.woolworths.com.au/shop/productdetails/53743/cadbury-picnic-tub,https://cdn0.woolworths.media/content/wowproductimages/medium/053743.jpg,2020-09-21 16:53:59,Average product rating out of 5: 4.2. Product score is based on 12 ratings,12,,True
a3175287-198b-4ee4-93a6-6deba70ca08a,Woolworths Supermarket,Freezer,Streets Blue Ribbon Creamy Chocolate Protein Bar 4 pack,053825,$10.00,$3.73 / 100ML,https://www.woolworths.com.au/shop/productdetails/53825/streets-blue-ribbon-creamy-chocolate-protein-bar,https://cdn0.woolworths.media/content/wowproductimages/medium/053825.jpg,2020-09-21 16:53:59,Average product rating out of 5: 4.5. Product score is based on 11 ratings,11,,True
1bcccb55-2152-4c7c-96f3-2c9655b9c602,Woolworths Supermarket,Freezer,Weis Dairy Free Raspberry & Coconut Bars 4 pack,053973,$7.50,$2.68 / 100ML,https://www.woolworths.com.au/shop/productdetails/53973/weis-dairy-free-raspberry-coconut-bars,https://cdn0.woolworths.media/content/wowproductimages/medium/053973.jpg,2020-09-21 16:53:59,Average product rating out of 5: 4.7. Product score is based on 18 ratings,18,,True
799b7312-cde3-4510-a3a5-38a1ab0684b8,Woolworths Supermarket,Freezer,Weis Passionfruit Coconut Ice Cream Bars 4 pack,053974,$7.50,$2.68 / 100ML,https://www.woolworths.com.au/shop/productdetails/53974/weis-passionfruit-coconut-ice-cream-bars,https://cdn0.woolworths.media/content/wowproductimages/medium/053974.jpg,2020-09-21 16:53:59,Average product rating out of 5: 4.5. Product score is based on 13 ratings,13,,True
1edb600f-e7c7-404c-b3e5-8554458cbbb3,Woolworths Supermarket,Freezer,Mccain Man Size Pub Style Parma 480g,054002,$6.00,$1.25 / 100G,https://www.woolworths.com.au/shop/productdetails/54002/mccain-man-size-pub-style-parma,https://cdn0.woolworths.media/content/wowproductimages/medium/054002.jpg,2020-09-21 16:53:59,Average product rating out of 5: 4.0. Product score is based on 26 ratings,26,,True
dc46d376-c8ce-4b36-86b7-4d47cd69a3d2,Woolworths Supermarket,Freezer,Mccain Man Size Chicken Pops 480g,054012,$6.00,$1.25 / 100G,https://www.woolworths.com.au/shop/productdetails/54012/mccain-man-size-chicken-pops,https://cdn0.woolworths.media/content/wowproductimages/medium/054012.jpg,2020-09-21 16:53:59,Average product rating out of 5: 3.9. Product score is based on 9 ratings,9,,True
96aedb8f-c146-4f28-aa3f-e53d80200a92,Woolworths Supermarket,Freezer,Macro Organic Cauliflower 450g,054134,$5.00,$11.11 / 1KG,https://www.woolworths.com.au/shop/productdetails/54134/macro-organic-cauliflower,https://cdn0.woolworths.media/content/wowproductimages/medium/054134.jpg,2020-09-21 16:53:59,Average product rating out of 5: 5.0. Product score is based on 1 ratings,1,,True
cbcf68ed-98b9-4a24-96b9-99e3dd0d7df3,Woolworths Supermarket,Freezer,Macro Organic Cut Green Beans 450g,054135,$5.00,$11.11 / 1KG,https://www.woolworths.com.au/shop/productdetails/54135/macro-organic-cut-green-beans,https://cdn0.woolworths.media/content/wowproductimages/medium/054135.jpg,2020-09-21 16:53:59,Average product rating out of 5: 4.4. Product score is based on 28 ratings,28,,True
e64bd28c-5ef3-474d-84f5-2f0729319b5d,Woolworths Supermarket,Freezer,Woolworths Prep Set Go Pumpkin Chunks 500g,054136,$4.00,$8.00 / 1KG,https://www.woolworths.com.au/shop/productdetails/54136/woolworths-prep-set-go-pumpkin-chunks,https://cdn0.woolworths.media/content/wowproductimages/medium/054136.jpg,2020-09-21 16:53:59,Average product rating out of 5: 4.0. Product score is based on 52 ratings,52,,True
5de1fa52-2a39-4a51-996c-7adb5e01bc9c,Woolworths Supermarket,Freezer,Woolworths Prep Set Go Sweet Potato Chunks 500g,054137,$4.00,$8.00 / 1KG,https://www.woolworths.com.au/shop/productdetails/54137/woolworths-prep-set-go-sweet-potato-chunks,https://cdn0.woolworths.media/content/wowproductimages/medium/054137.jpg,2020-09-21 16:53:59,Average product rating out of 5: 4.4. Product score is based on 62 ratings,62,,True
12bc1907-3ff8-4874-b519-58a8c13cb022,Woolworths Supermarket,Freezer,Vegie Delights Meatless Meatballs 300g,054331,$6.00,$2.00 / 100G,https://www.woolworths.com.au/shop/productdetails/54331/vegie-delights-meatless-meatballs,https://cdn0.woolworths.media/content/wowproductimages/medium/054331.jpg,2020-09-21 16:53:59,,0,2 for $11.00,True
6bcd2881-643e-4c23-84f0-a7f458b3964d,Woolworths Supermarket,Freezer,Gluten Free Bakehouse Party Pack 12 pack,054616,$8.00,$1.67 / 100G,https://www.woolworths.com.au/shop/productdetails/54616/gluten-free-bakehouse-party-pack,https://cdn0.woolworths.media/content/wowproductimages/medium/054616.jpg,2020-09-21 16:53:59,,0,,True
ad193b60-dd8e-46f2-ba88-12f126548428,Woolworths Supermarket,Freezer,Grounded Hemp Beetroot & Blackbean Burger 4 pack,054733,$10.00,$3.13 / 100G,https://www.woolworths.com.au/shop/productdetails/54733/grounded-hemp-beetroot-blackbean-burger,https://cdn0.woolworths.media/content/wowproductimages/medium/054733.jpg,2020-09-21 16:53:59,,0,,True
23c23faa-fc52-46ca-a4d8-a79f090c5b36,Woolworths Supermarket,Freezer,"Grounded Hemp, Chickpea, Red Rice & Turmeric Burgers 4 pack",054734,$10.00,$3.13 / 100G,https://www.woolworths.com.au/shop/productdetails/54734/grounded-hemp-chickpea-red-rice-turmeric-burgers,https://cdn0.woolworths.media/content/wowproductimages/medium/054734.jpg,2020-09-21 16:53:59,,0,,True
86cee81f-8207-474c-9dbc-1a4052512255,Woolworths Supermarket,Freezer,Mr Chen's Vegetarian Katsu Curry & Rice 350g,054758,$7.00,$2.00 / 100G,https://www.woolworths.com.au/shop/productdetails/54758/mr-chen-s-vegetarian-katsu-curry-rice,https://cdn0.woolworths.media/content/wowproductimages/medium/054758.jpg,2020-09-21 16:53:59,Average product rating out of 5: 1.0. Product score is based on 1 ratings,1,,True
89292a6d-c619-4f62-a53f-ab02ff00aa5e,Woolworths Supermarket,Freezer,Gluten Free Bakehouse Garlic Bread 300g,054772,$3.80,$1.27 / 100G,https://www.woolworths.com.au/shop/productdetails/54772/gluten-free-bakehouse-garlic-bread,https://cdn0.woolworths.media/content/wowproductimages/medium/054772.jpg,2020-09-21 16:53:59,Average product rating out of 5: 4.8. Product score is based on 44 ratings,44,,True
a0d5fa19-13c2-4245-a5c3-d3f994ddfc69,Woolworths Supermarket,Freezer,Essentials Vanilla Ice Cream 4l,054919,$4.90,$0.12 / 100ML,https://www.woolworths.com.au/shop/productdetails/54919/essentials-vanilla-ice-cream,https://cdn0.woolworths.media/content/wowproductimages/medium/054919.jpg,2020-09-21 16:53:59,Average product rating out of 5: 4.5. Product score is based on 64 ratings,64,,True
a19409cf-d0e0-410e-9606-fe5da4a15602,Woolworths Supermarket,Freezer,Woolworths Plantitude Frozen Dessert Vanilla 1l,054964,$8.00,$0.80 / 100ML,https://www.woolworths.com.au/shop/productdetails/54964/woolworths-plantitude-frozen-dessert-vanilla,https://cdn0.woolworths.media/content/wowproductimages/medium/054964.jpg,2020-09-21 16:53:59,Average product rating out of 5: 4.7. Product score is based on 18 ratings,18,,True
84e4c895-9383-4aa9-b849-1912fcc1f88b,Woolworths Supermarket,Freezer,Woolworths Plantitude Frozen Dessert Cookies & Cream 1l,054966,$8.00,$0.80 / 100ML,https://www.woolworths.com.au/shop/productdetails/54966/woolworths-plantitude-frozen-dessert-cookies-cream,https://cdn0.woolworths.media/content/wowproductimages/medium/054966.jpg,2020-09-21 16:53:59,Average product rating out of 5: 4.4. Product score is based on 374 ratings,374,,True
551fbf1e-cd5e-4b5c-a68b-76028d6be75d,Woolworths Supermarket,Freezer,Coco & Lucas' Vegan Butter Chickenless & Basmati Rice 350g,055019,$8.00,$2.29 / 100G,https://www.woolworths.com.au/shop/productdetails/55019/coco-lucas-vegan-butter-chickenless-basmati-rice,https://cdn0.woolworths.media/content/wowproductimages/medium/055019.jpg,2020-09-21 16:53:59,Average product rating out of 5: 3.4. Product score is based on 7 ratings,7,,True
e785ec05-14ad-4c91-9d9e-d39e6d0c6e50,Woolworths Supermarket,Freezer,Coco & Lucas' Vegan Chickenless Rendang & Jasmine Rice 350g,055020,$8.00,$2.29 / 100G,https://www.woolworths.com.au/shop/productdetails/55020/coco-lucas-vegan-chickenless-rendang-jasmine-rice,https://cdn0.woolworths.media/content/wowproductimages/medium/055020.jpg,2020-09-21 16:53:59,Average product rating out of 5: 4.2. Product score is based on 6 ratings,6,,True
14f31a76-36cc-4352-b9a5-661811e5d485,Woolworths Supermarket,Freezer,Coco & Lucas' Meatless Cottage Pie 350g,055038,$8.00,$2.29 / 100G,https://www.woolworths.com.au/shop/productdetails/55038/coco-lucas-meatless-cottage-pie,https://cdn0.woolworths.media/content/wowproductimages/medium/055038.jpg,2020-09-21 16:53:59,Average product rating out of 5: 4.8. Product score is based on 8 ratings,8,,True
a951bd3f-c802-487c-bb5c-23f171a63e11,Woolworths Supermarket,Freezer,Coco & Lucas' Spaghetti Vegie-nese 350g,055039,$8.00,$2.29 / 100G,https://www.woolworths.com.au/shop/productdetails/55039/coco-lucas-spaghetti-vegie-nese,https://cdn0.woolworths.media/content/wowproductimages/medium/055039.jpg,2020-09-21 16:53:59,Average product rating out of 5: 4.8. Product score is based on 6 ratings,6,,True
bce18fd4-89f5-43fd-bdf2-a89de7b9e430,Woolworths Supermarket,Freezer,The Gluten Free Meal Co Butter Chicken With Rice 300g,055364,$7.00,$2.33 / 100G,https://www.woolworths.com.au/shop/productdetails/55364/the-gluten-free-meal-co-butter-chicken-with-rice,https://cdn0.woolworths.media/content/wowproductimages/medium/055364.jpg,2020-09-21 16:53:59,Average product rating out of 5: 4.2. Product score is based on 16 ratings,16,,True
502c0263-2b0d-4276-818f-7336115156d2,Woolworths Supermarket,Freezer,Fry's Vegan Fishless Fillet 240g,055943,$5.00,$2.08 / 100G,https://www.woolworths.com.au/shop/productdetails/55943/fry-s-vegan-fishless-fillet,https://cdn0.woolworths.media/content/wowproductimages/medium/055943.jpg,2020-09-21 16:53:59,,0,,True
fb058cfc-428a-4c3d-ae34-093556b83fdb,Woolworths Supermarket,Freezer,On The Menu Pasta Arrabbiata 260g,055979,$3.00,$1.15 / 100G,https://www.woolworths.com.au/shop/productdetails/55979/on-the-menu-pasta-arrabbiata,https://cdn0.woolworths.media/content/wowproductimages/medium/055979.jpg,2020-09-21 16:53:59,Average product rating out of 5: 3.9. Product score is based on 14 ratings,14,,True
c9a455f6-164c-4407-81b0-f94dd27756d4,Woolworths Supermarket,Freezer,On The Menu Beef Rissole 320g,056012,$6.00,$1.88 / 100G,https://www.woolworths.com.au/shop/productdetails/56012/on-the-menu-beef-rissole,https://cdn0.woolworths.media/content/wowproductimages/medium/056012.jpg,2020-09-21 16:53:59,Average product rating out of 5: 4.3. Product score is based on 27 ratings,27,,True
58645bf6-d8d7-4bbe-8ee5-be51cead5bd7,Woolworths Supermarket,Freezer,Super Nature Wellness Bowl Vietnamese Beef And Lemongrass 350g,056014,$6.30,$1.80 / 100G,https://www.woolworths.com.au/shop/productdetails/56014/super-nature-wellness-bowl-vietnamese-beef-and-lemongrass,https://cdn0.woolworths.media/content/wowproductimages/medium/056014.jpg,2020-09-21 16:53:59,Average product rating out of 5: 3.5. Product score is based on 4 ratings,4,,True
d16ea27e-caf9-409e-82db-60c16d56ac3d,Woolworths Supermarket,Freezer,Super Nature Pulses Bowl Beef Lasagne 300g,056016,$4.00,$1.33 / 100G,https://www.woolworths.com.au/shop/productdetails/56016/super-nature-pulses-bowl-beef-lasagne,https://cdn0.woolworths.media/content/wowproductimages/medium/056016.jpg,2020-09-21 16:53:59,Average product rating out of 5: 4.1. Product score is based on 9 ratings,9,,True
8484af13-bba6-4286-8d86-b88c7b637b20,Woolworths Supermarket,Freezer,Super Nature Pulses Bowl Tuna Bake 300g,056017,$4.00,$1.33 / 100G,https://www.woolworths.com.au/shop/productdetails/56017/super-nature-pulses-bowl-tuna-bake,https://cdn0.woolworths.media/content/wowproductimages/medium/056017.jpg,2020-09-21 16:53:59,Average product rating out of 5: 4.6. Product score is based on 7 ratings,7,,True
8c6d514b-03e8-407a-8626-aed8d146a5cd,Woolworths Supermarket,Freezer,Fry's Meat Free Mini Sausage Rolls 250g,056826,$6.00,$2.40 / 100G,https://www.woolworths.com.au/shop/productdetails/56826/fry-s-meat-free-mini-sausage-rolls,https://cdn0.woolworths.media/content/wowproductimages/medium/056826.jpg,2020-09-21 16:53:59,Average product rating out of 5: 4.7. Product score is based on 24 ratings,24,,True
dade1ed2-7d94-4450-99db-65aa47e6586b,Woolworths Supermarket,Freezer,Veef Plant Based Burger Patties 226g,056905,$6.50,$2.88 / 100G,https://www.woolworths.com.au/shop/productdetails/56905/veef-plant-based-burger-patties,https://cdn0.woolworths.media/content/wowproductimages/medium/056905.jpg,2020-09-21 16:53:59,,0,2 for $10.00 $2.21/100G,True
bca7584f-f760-4fc1-b5a1-6e975769fde2,Woolworths Supermarket,Freezer,Street Foodie Spring Rolls Cocktail 1kg,056909,$7.00,$0.70 / 100G,https://www.woolworths.com.au/shop/productdetails/56909/street-foodie-spring-rolls-cocktail,https://cdn0.woolworths.media/content/wowproductimages/medium/056909.jpg,2020-09-21 16:53:59,Average product rating out of 5: 4.3. Product score is based on 11 ratings,11,,True
97e20c49-f887-4be9-ad20-8f0910fb8495,Woolworths Supermarket,Freezer,La Gina Woodfired Burrata & Semi Dried Tomato Italian Pizza 405g,056917,$7.00,$1.73 / 100G,https://www.woolworths.com.au/shop/productdetails/56917/la-gina-woodfired-burrata-semi-dried-tomato-italian-pizza,https://cdn0.woolworths.media/content/wowproductimages/medium/056917.jpg,2020-09-21 16:53:59,Average product rating out of 5: 3.8. Product score is based on 358 ratings,358,2 for $13.00 $1.60/100G,True
795f05e2-b15f-412c-bdbf-e5c442810c4e,Woolworths Supermarket,Freezer,La Gina Woodfired Rocket & Crumbled Goats Cheese Italian Pizza 405g,056918,$7.00,$1.73 / 100G,https://www.woolworths.com.au/shop/productdetails/56918/la-gina-woodfired-rocket-crumbled-goats-cheese-italian-pizza,https://cdn0.woolworths.media/content/wowproductimages/medium/056918.jpg,2020-09-21 16:53:59,Average product rating out of 5: 4.1. Product score is based on 136 ratings,136,2 for $13.00 $1.60/100G,True
b4e5e07a-649b-4701-aeba-3a97b8a40e7d,Woolworths Supermarket,Freezer,La Gina Woodfired Pumpkin Mozzarella & Feta Italian Pizza 405g,056919,$7.00,$1.73 / 100G,https://www.woolworths.com.au/shop/productdetails/56919/la-gina-woodfired-pumpkin-mozzarella-feta-italian-pizza,https://cdn0.woolworths.media/content/wowproductimages/medium/056919.jpg,2020-09-21 16:53:59,Average product rating out of 5: 3.9. Product score is based on 152 ratings,152,2 for $13.00 $1.60/100G,True
aad82af7-8090-471b-9b71-3f11eb1e66c1,Woolworths Supermarket,Freezer,Woolworths Party Sprinkles Reduced Fat Ice Cream Tub 2l,056921,$4.50,$0.23 / 100ML,https://www.woolworths.com.au/shop/productdetails/56921/woolworths-party-sprinkles-reduced-fat-ice-cream-tub,https://cdn0.woolworths.media/content/wowproductimages/medium/056921.jpg,2020-09-21 16:53:59,Average product rating out of 5: 4.3. Product score is based on 13 ratings,13,,True
d3151538-b045-475b-b3a9-2de8d27a9360,Woolworths Supermarket,Freezer,Street Foodie Dynasty Banquet 1kg,056985,$7.00,$0.70 / 100G,https://www.woolworths.com.au/shop/productdetails/56985/street-foodie-dynasty-banquet,https://cdn0.woolworths.media/content/wowproductimages/medium/056985.jpg,2020-09-21 16:53:59,Average product rating out of 5: 4.8. Product score is based on 4 ratings,4,,True
79a49d25-61a5-4a5d-bb81-cb2e8a0b73d0,Woolworths Supermarket,Freezer,Halo Top Strawberry Cheesecake 473ml,059933,$9.00,$1.90 / 100ML,https://www.woolworths.com.au/shop/productdetails/59933/halo-top-strawberry-cheesecake,https://cdn0.woolworths.media/content/wowproductimages/medium/059933.jpg,2020-09-21 16:53:59,Average product rating out of 5: 4.6. Product score is based on 14 ratings,14,,True
119606dd-9538-4bf6-8dac-d8afc093275f,Woolworths Supermarket,Freezer,Mr Chen's Dumpling Favourites 500g,060175,$8.00,$1.60 / 100G,https://www.woolworths.com.au/shop/productdetails/60175/mr-chen-s-dumpling-favourites,https://cdn0.woolworths.media/content/wowproductimages/medium/060175.jpg,2020-09-21 16:53:59,Average product rating out of 5: 4.9. Product score is based on 8 ratings,8,,True
110546f0-f424-4a6b-bccd-e67378c2f64a,Woolworths Supermarket,Freezer,Mr Chen's Prawn Hargow 1kg,060176,$16.00,$1.60 / 100G,https://www.woolworths.com.au/shop/productdetails/60176/mr-chen-s-prawn-hargow,https://cdn0.woolworths.media/content/wowproductimages/medium/060176.jpg,2020-09-21 16:53:59,Average product rating out of 5: 4.7. Product score is based on 40 ratings,40,,True
b7b4f22e-3890-4084-8c6a-0b73e1f8ee95,Woolworths Supermarket,Freezer,Mr Chen's Seafood Selection 904g,060177,$16.00,$1.77 / 100G,https://www.woolworths.com.au/shop/productdetails/60177/mr-chen-s-seafood-selection,https://cdn0.woolworths.media/content/wowproductimages/medium/060177.jpg,2020-09-21 16:53:59,Average product rating out of 5: 4.5. Product score is based on 35 ratings,35,,True
cbfe8d3e-67fd-447c-8288-96d9d5e31ddf,Woolworths Supermarket,Freezer,Mr Chen's Vegetable Gyoza 600g,060180,$8.00,$1.33 / 100G,https://www.woolworths.com.au/shop/productdetails/60180/mr-chen-s-vegetable-gyoza,https://cdn0.woolworths.media/content/wowproductimages/medium/060180.jpg,2020-09-21 16:53:59,Average product rating out of 5: 4.2. Product score is based on 11 ratings,11,,True
154a522d-fde2-47f5-8b34-dba119fa9d0f,Woolworths Supermarket,Freezer,Mr Chen's Prawn Hargow 550g,060274,$8.00,$1.45 / 100G,https://www.woolworths.com.au/shop/productdetails/60274/mr-chen-s-prawn-hargow,https://cdn0.woolworths.media/content/wowproductimages/medium/060274.jpg,2020-09-21 16:53:59,Average product rating out of 5: 4.9. Product score is based on 21 ratings,21,,True
ffc56886-03e4-4d89-a35d-f874d48fe0e6,Woolworths Supermarket,Freezer,Mr Chen's Prawn Gyoza 1kg,060275,$16.00,$1.60 / 100G,https://www.woolworths.com.au/shop/productdetails/60275/mr-chen-s-prawn-gyoza,https://cdn0.woolworths.media/content/wowproductimages/medium/060275.jpg,2020-09-21 16:53:59,Average product rating out of 5: 3.8. Product score is based on 28 ratings,28,,True
3cf3bbfc-d3d6-4906-aeda-6a82856d33c6,Woolworths Supermarket,Freezer,I & J Fish Fillets Beer Batter 550g,060423,$7.50,$13.64 / 1KG,https://www.woolworths.com.au/shop/productdetails/60423/i-j-fish-fillets-beer-batter,https://cdn0.woolworths.media/content/wowproductimages/medium/060423.jpg,2020-09-21 16:53:59,Average product rating out of 5: 4.3. Product score is based on 10 ratings,10,,True
a13e90af-7d88-4a4f-9c24-da87b3fd2a38,Woolworths Supermarket,Freezer,I & J Fish Fillets Tempura 550g,060952,$7.50,$13.64 / 1KG,https://www.woolworths.com.au/shop/productdetails/60952/i-j-fish-fillets-tempura,https://cdn0.woolworths.media/content/wowproductimages/medium/060952.jpg,2020-09-21 16:53:59,Average product rating out of 5: 4.6. Product score is based on 9 ratings,9,,True
8839ed62-8484-4145-97c6-a04e8cf54deb,Woolworths Supermarket,Freezer,Gelativo Belgian Chocolate With Fudge Ripple Gelato Cookies 4 pack,060979,$6.00,$1.11 / 100ML,https://www.woolworths.com.au/shop/productdetails/60979/gelativo-belgian-chocolate-with-fudge-ripple-gelato-cookies,https://cdn0.woolworths.media/content/wowproductimages/medium/060979.jpg,2020-09-21 16:53:59,Average product rating out of 5: 5.0. Product score is based on 10 ratings,10,,True
6aaa0d58-5074-46c6-8f0c-bce1ba90cacc,Woolworths Supermarket,Freezer,I & J Fish Fillets Beer Battered 1.03kg,060992,$11.00,$10.68 / 1KG,https://www.woolworths.com.au/shop/productdetails/60992/i-j-fish-fillets-beer-battered,https://cdn0.woolworths.media/content/wowproductimages/medium/060992.jpg,2020-09-21 16:53:59,Average product rating out of 5: 4.2. Product score is based on 17 ratings,17,,True
bbfdf89f-79dc-4b41-9834-18448e74be0d,Woolworths Supermarket,Freezer,Birds Eye Sweet Potato Rice 500g,061144,$4.20,$8.40 / 1KG,https://www.woolworths.com.au/shop/productdetails/61144/birds-eye-sweet-potato-rice,https://cdn0.woolworths.media/content/wowproductimages/medium/061144.jpg,2020-09-21 16:53:59,Average product rating out of 5: 4.0. Product score is based on 16 ratings,16,,True
04ec5c77-cb01-4a2c-852e-bb7c95868289,Woolworths Supermarket,Freezer,Temptation Bakeries Vegan Petite Vegetable Tarts 18 pack,061859,$6.00,$1.85 / 100G,https://www.woolworths.com.au/shop/productdetails/61859/temptation-bakeries-vegan-petite-vegetable-tarts,https://cdn0.woolworths.media/content/wowproductimages/medium/061859.jpg,2020-09-21 16:53:59,Average product rating out of 5: 4.6. Product score is based on 11 ratings,11,,True
f03ae327-dcdb-40cd-ada8-c009c73c3885,Woolworths Supermarket,Freezer,Woolworths Prep Set Go Sliced Frozen Onions 500g,061997,$2.00,$4.00 / 1KG,https://www.woolworths.com.au/shop/productdetails/61997/woolworths-prep-set-go-sliced-frozen-onions,https://cdn0.woolworths.media/content/wowproductimages/medium/061997.jpg,2020-09-21 16:53:59,Average product rating out of 5: 4.4. Product score is based on 30 ratings,30,,True
ee7e1545-a440-4bc5-9bb3-307624dc2063,Woolworths Supermarket,Freezer,Woolworths Prep Set Go Diced Frozen Onions 500g,061998,$2.00,$4.00 / 1KG,https://www.woolworths.com.au/shop/productdetails/61998/woolworths-prep-set-go-diced-frozen-onions,https://cdn0.woolworths.media/content/wowproductimages/medium/061998.jpg,2020-09-21 16:53:59,Average product rating out of 5: 4.6. Product score is based on 37 ratings,37,,True
b8a3e404-bf75-4567-9581-c4cddde5faeb,Woolworths Supermarket,Freezer,Woolworths Prep Set Go Frozen Stir Fry Mixed Vegetables 500g,061999,$4.00,$8.00 / 1KG,https://www.woolworths.com.au/shop/productdetails/61999/woolworths-prep-set-go-frozen-stir-fry-mixed-vegetables,https://cdn0.woolworths.media/content/wowproductimages/medium/061999.jpg,2020-09-21 16:53:59,Average product rating out of 5: 4.3. Product score is based on 53 ratings,53,,True
15375a73-db6f-4113-9c73-e61ea756078b,Woolworths Supermarket,Freezer,Patties Vegetarian Broccoli & Cheese Bites 300g,062045,$8.00,$2.67 / 100G,https://www.woolworths.com.au/shop/productdetails/62045/patties-vegetarian-broccoli-cheese-bites,https://cdn0.woolworths.media/content/wowproductimages/medium/062045.jpg,2020-09-21 16:53:59,Average product rating out of 5: 4.2. Product score is based on 25 ratings,25,,True
13471f06-f78a-4974-b595-b0cf0f52fba4,Woolworths Supermarket,Freezer,Patties Vegan Friendly Rolls 450g,062046,$8.50,$1.89 / 100G,https://www.woolworths.com.au/shop/productdetails/62046/patties-vegan-friendly-rolls,https://cdn0.woolworths.media/content/wowproductimages/medium/062046.jpg,2020-09-21 16:53:59,Average product rating out of 5: 4.2. Product score is based on 14 ratings,14,,True
f589ef86-b7d7-43bc-a06d-82cf6e3a111a,Woolworths Supermarket,Freezer,Heavenly Banquet Pork & Spring Onion Dumpling 750g,062047,$15.00,$2.00 / 100G,https://www.woolworths.com.au/shop/productdetails/62047/heavenly-banquet-pork-spring-onion-dumpling,https://cdn0.woolworths.media/content/wowproductimages/medium/062047.jpg,2020-09-21 16:53:59,Average product rating out of 5: 4.2. Product score is based on 28 ratings,28,,True
bf82276c-c181-4748-85c1-e0348b272871,Woolworths Supermarket,Freezer,Heavenly Banquet Chicken & Ginger Dumplings 750g,062048,$15.00,$2.00 / 100G,https://www.woolworths.com.au/shop/productdetails/62048/heavenly-banquet-chicken-ginger-dumplings,https://cdn0.woolworths.media/content/wowproductimages/medium/062048.jpg,2020-09-21 16:53:59,Average product rating out of 5: 3.6. Product score is based on 21 ratings,21,,True
cab5dc19-d52e-4f1b-9e2d-8a581ac7e388,Woolworths Supermarket,Freezer,Birds Eye Broccoli And Cauliflower Rice 500g,062825,$4.20,$8.40 / 1KG,https://www.woolworths.com.au/shop/productdetails/62825/birds-eye-broccoli-and-cauliflower-rice,https://cdn0.woolworths.media/content/wowproductimages/medium/062825.jpg,2020-09-21 16:53:59,Average product rating out of 5: 4.6. Product score is based on 40 ratings,40,,True
cf4878f9-09a8-4a75-b35a-684361f96e3f,Woolworths Supermarket,Freezer,M&m's Chocolate Ice Cream Cones Multipack 4 pack,062866,$8.00,$1.54 / 100ML,https://www.woolworths.com.au/shop/productdetails/62866/m-m-s-chocolate-ice-cream-cones-multipack,https://cdn0.woolworths.media/content/wowproductimages/medium/062866.jpg,2020-09-21 16:53:59,Average product rating out of 5: 4.4. Product score is based on 20 ratings,20,,True
423b3d7c-589e-4566-b585-022d2136f6fc,Woolworths Supermarket,Freezer,Pana Organic Banana & Caramel Dairy Free Frozen Dessert 475ml,062888,$5.50,$1.16 / 100ML,https://www.woolworths.com.au/shop/productdetails/62888/pana-organic-banana-caramel-dairy-free-frozen-dessert,https://cdn0.woolworths.media/content/wowproductimages/medium/062888.jpg,2020-09-21 16:53:59,Average product rating out of 5: 4.6. Product score is based on 32 ratings,32,,True
8d29a35d-9471-405b-af54-590eafbf8344,Woolworths Supermarket,Freezer,Sara Lee Dulce De Leche Ice Cream Tub 1l,063571,$9.00,$0.90 / 100ML,https://www.woolworths.com.au/shop/productdetails/63571/sara-lee-dulce-de-leche-ice-cream-tub,https://cdn0.woolworths.media/content/wowproductimages/medium/063571.jpg,2020-09-21 16:53:59,Average product rating out of 5: 3.9. Product score is based on 15 ratings,15,,True
def897d9-9849-4807-9777-62dcbd56639c,Woolworths Supermarket,Freezer,Birds Eye Steamfresh Plus Vietnamese 400g,063573,$5.00,$12.50 / 1KG,https://www.woolworths.com.au/shop/productdetails/63573/birds-eye-steamfresh-plus-vietnamese,https://cdn0.woolworths.media/content/wowproductimages/medium/063573.jpg,2020-09-21 16:53:59,Average product rating out of 5: 4.3. Product score is based on 11 ratings,11,,True
381b08d1-930f-473f-ae3a-9c5703ec00b1,Woolworths Supermarket,Freezer,Birds Eye Steamfresh Plus Japanese 400g,063592,$5.00,$12.50 / 1KG,https://www.woolworths.com.au/shop/productdetails/63592/birds-eye-steamfresh-plus-japanese,https://cdn0.woolworths.media/content/wowproductimages/medium/063592.jpg,2020-09-21 16:53:59,Average product rating out of 5: 3.3. Product score is based on 6 ratings,6,,True
c57c3c3f-c9a0-48b0-a905-faa23d3af4a8,Woolworths Supermarket,Freezer,Fropro Singles Double Choc Sticks 4 pack,063604,$10.00,$2.50 / 100ML,https://www.woolworths.com.au/shop/productdetails/63604/fropro-singles-double-choc-sticks,https://cdn0.woolworths.media/content/wowproductimages/medium/063604.jpg,2020-09-21 16:53:59,Average product rating out of 5: 5.0. Product score is based on 13 ratings,13,,True
b4199c83-f808-4be0-9d6e-3c40241370e8,Woolworths Supermarket,Freezer,Bulla Nourish Mango And Coconut Sticks 6 pack,063639,$5.00,$1.11 / 100ML,https://www.woolworths.com.au/shop/productdetails/63639/bulla-nourish-mango-and-coconut-sticks,https://cdn0.woolworths.media/content/wowproductimages/medium/063639.jpg,2020-09-21 16:53:59,Average product rating out of 5: 3.5. Product score is based on 23 ratings,23,,True
1440b2c7-0891-4240-a03d-6cf486e5c29f,Woolworths Supermarket,Freezer,Bulla Nourish Strawberry Sticks 6 pack,063792,$5.00,$1.11 / 100ML,https://www.woolworths.com.au/shop/productdetails/63792/bulla-nourish-strawberry-sticks,https://cdn0.woolworths.media/content/wowproductimages/medium/063792.jpg,2020-09-21 16:53:59,Average product rating out of 5: 3.8. Product score is based on 19 ratings,19,,True
d650ce53-624e-46a0-a4f5-6c42148a7231,Woolworths Supermarket,Freezer,Proud & Punch Strawberry Acai 6 pack,063817,$8.00,$1.29 / 100ML,https://www.woolworths.com.au/shop/productdetails/63817/proud-punch-strawberry-acai,https://cdn0.woolworths.media/content/wowproductimages/medium/063817.jpg,2020-09-21 16:53:59,Average product rating out of 5: 4.8. Product score is based on 12 ratings,12,,True
3f4411ed-078a-40df-acdf-90d12e9bb387,Woolworths Supermarket,Freezer,Proud & Punch Choc Banana Smoothie Pops 6 pack,063821,$8.00,$1.29 / 100ML,https://www.woolworths.com.au/shop/productdetails/63821/proud-punch-choc-banana-smoothie-pops,https://cdn0.woolworths.media/content/wowproductimages/medium/063821.jpg,2020-09-21 16:53:59,Average product rating out of 5: 4.4. Product score is based on 38 ratings,38,,True
37dce11e-5319-4c43-8831-f580cc41d65a,Woolworths Supermarket,Freezer,Fropro Singles Salted Caramel 4 pack,063922,$10.00,$2.50 / 100ML,https://www.woolworths.com.au/shop/productdetails/63922/fropro-singles-salted-caramel,https://cdn0.woolworths.media/content/wowproductimages/medium/063922.jpg,2020-09-21 16:53:59,Average product rating out of 5: 3.7. Product score is based on 3 ratings,3,,True
85eaa730-8e32-426f-bfd4-227735ef7cd7,Woolworths Supermarket,Freezer,Sara Lee Creamy Coconut Key Lime Pie 450g,063968,$7.00,$1.56 / 100G,https://www.woolworths.com.au/shop/productdetails/63968/sara-lee-creamy-coconut-key-lime-pie,https://cdn0.woolworths.media/content/wowproductimages/medium/063968.jpg,2020-09-21 16:53:59,Average product rating out of 5: 3.8. Product score is based on 11 ratings,11,,True
bdd83f2a-1340-47a7-bd5c-7a6fe2e8e5a2,Woolworths Supermarket,Freezer,Movenpick Chocolate & Salted Caramel Ice Cream 500ml,064222,$7.00,$1.40 / 100ML,https://www.woolworths.com.au/shop/productdetails/64222/movenpick-chocolate-salted-caramel-ice-cream,https://cdn0.woolworths.media/content/wowproductimages/medium/064222.jpg,2020-09-21 16:53:59,Average product rating out of 5: 4.4. Product score is based on 8 ratings,8,,True
08a22bfb-79fd-486b-9f5c-7958adf6f2d3,Woolworths Supermarket,Freezer,Movenpick Cookies & Caramel Ice Cream 500ml,064223,$7.00,$1.40 / 100ML,https://www.woolworths.com.au/shop/productdetails/64223/movenpick-cookies-caramel-ice-cream,https://cdn0.woolworths.media/content/wowproductimages/medium/064223.jpg,2020-09-21 16:53:59,Average product rating out of 5: 3.8. Product score is based on 10 ratings,10,,True
cd6e0cf5-9634-4b70-8a8f-f0f21d031121,Woolworths Supermarket,Freezer,Fropro Singles Classic Vanilla 4 pack,065606,$10.00,$2.50 / 100ML,https://www.woolworths.com.au/shop/productdetails/65606/fropro-singles-classic-vanilla,https://cdn0.woolworths.media/content/wowproductimages/medium/065606.jpg,2020-09-21 16:53:59,Average product rating out of 5: 4.4. Product score is based on 12 ratings,12,,True
689c1bd4-796d-4a06-a41b-4e584e8b2d72,Woolworths Supermarket,Freezer,Streets Golden Gaytime Violet Crumble 4 pack,065785,$8.50,$2.13 / 100ML,https://www.woolworths.com.au/shop/productdetails/65785/streets-golden-gaytime-violet-crumble,https://cdn0.woolworths.media/content/wowproductimages/medium/065785.jpg,2020-09-21 16:53:59,Average product rating out of 5: 3.8. Product score is based on 24 ratings,24,,True
a4572ee3-4315-428d-846f-138564fe6ad2,Woolworths Supermarket,Freezer,Connoisseur Ice Cream Cookies & Cream 1l tub,066363,$11.00,$1.10 / 100ML,https://www.woolworths.com.au/shop/productdetails/66363/connoisseur-ice-cream-cookies-cream,https://cdn0.woolworths.media/content/wowproductimages/medium/066363.jpg,2020-09-21 16:53:59,Average product rating out of 5: 4.8. Product score is based on 42 ratings,42,,True
26da8767-1f15-4bbc-a71d-0d423db74fad,Woolworths Supermarket,Freezer,Gelativo Hazelnut With Dark Chocolate Ripple Gelato Cookies 4 pack,066512,$6.00,$1.11 / 100ML,https://www.woolworths.com.au/shop/productdetails/66512/gelativo-hazelnut-with-dark-chocolate-ripple-gelato-cookies,https://cdn0.woolworths.media/content/wowproductimages/medium/066512.jpg,2020-09-21 16:53:59,Average product rating out of 5: 4.0. Product score is based on 2 ratings,2,,True
066fc1ba-ea8d-4ca7-aacc-8a713517b423,Woolworths Supermarket,Freezer,Ingham's Free Range Breast Fillet With Ciabatta Parsley Crumb 300g,066711,$8.30,$27.67 / 1KG,https://www.woolworths.com.au/shop/productdetails/66711/ingham-s-free-range-breast-fillet-with-ciabatta-parsley-crumb,https://cdn0.woolworths.media/content/wowproductimages/medium/066711.jpg,2020-09-21 16:53:59,Average product rating out of 5: 4.4. Product score is based on 14 ratings,14,,True
3711ea1a-eec2-4776-95b1-8bf631a985fb,Woolworths Supermarket,Freezer,Better Bar Company Date & Canadian Pear 6 pack,066755,$5.00,$1.16 / 100ML,https://www.woolworths.com.au/shop/productdetails/66755/better-bar-company-date-canadian-pear,https://cdn0.woolworths.media/content/wowproductimages/medium/066755.jpg,2020-09-21 16:53:59,Average product rating out of 5: 3.6. Product score is based on 5 ratings,5,,True
a676ec3d-c2cc-4f75-817c-d609ed891739,Woolworths Supermarket,Freezer,Steggles Chicken Crumbed Nuggets 1kg,066955,$9.00,$9.00 / 1KG,https://www.woolworths.com.au/shop/productdetails/66955/steggles-chicken-crumbed-nuggets,https://cdn0.woolworths.media/content/wowproductimages/medium/066955.jpg,2020-09-21 16:53:59,Average product rating out of 5: 4.2. Product score is based on 55 ratings,55,,True
08bc4118-a8ee-4a6f-8d45-fb2fb7ae323c,Woolworths Supermarket,Freezer,Sanitarium So Good Choc Bliss Frozen Dessert 1l,069811,$6.60,$0.66 / 100ML,https://www.woolworths.com.au/shop/productdetails/69811/sanitarium-so-good-choc-bliss-frozen-dessert,https://cdn0.woolworths.media/content/wowproductimages/medium/069811.jpg,2020-09-21 16:53:59,Average product rating out of 5: 4.4. Product score is based on 11 ratings,11,,True
a448b967-016b-42d5-8cd4-8697d5d696ac,Woolworths Supermarket,Freezer,Toblerone Frozen Sticks 4 pack,070423,$8.50,$2.13 / 100ML,https://www.woolworths.com.au/shop/productdetails/70423/toblerone-frozen-sticks,https://cdn0.woolworths.media/content/wowproductimages/medium/070423.jpg,2020-09-21 16:53:59,Average product rating out of 5: 4.0. Product score is based on 49 ratings,49,,True
88b75bd9-c4a3-442b-ab8d-c8c07ed66a20,Woolworths Supermarket,Freezer,Chilli Con Carne 375g,070785,$3.00,$0.80 / 100G,https://www.woolworths.com.au/shop/productdetails/70785/chilli-con-carne,https://cdn0.woolworths.media/content/wowproductimages/medium/070785.jpg,2020-09-21 16:53:59,,0,,True
58a13c4b-7e3f-4102-a082-268264797b6e,Woolworths Supermarket,Freezer,Woolworths Sweet Potato Cottage Pie 375g,070786,$3.00,$0.80 / 100G,https://www.woolworths.com.au/shop/productdetails/70786/woolworths-sweet-potato-cottage-pie,https://cdn0.woolworths.media/content/wowproductimages/medium/070786.jpg,2020-09-21 16:53:59,Average product rating out of 5: 4.1. Product score is based on 14 ratings,14,,True
f93b0ac6-81b0-4333-8ec0-cae60a7f21fa,Woolworths Supermarket,Freezer,Woolworths Spaghetti Bolognese 375g,070787,$3.00,$0.80 / 100G,https://www.woolworths.com.au/shop/productdetails/70787/woolworths-spaghetti-bolognese,https://cdn0.woolworths.media/content/wowproductimages/medium/070787.jpg,2020-09-21 16:53:59,Average product rating out of 5: 5.0. Product score is based on 2 ratings,2,Was $3.50 20/02/2017,True
68008823-055e-4648-bc37-ed515ad72a41,Woolworths Supermarket,Freezer,Woolworths Macaroni & Cheese 375g,070788,$3.00,$0.80 / 100G,https://www.woolworths.com.au/shop/productdetails/70788/woolworths-macaroni-cheese,https://cdn0.woolworths.media/content/wowproductimages/medium/070788.jpg,2020-09-21 16:53:59,Average product rating out of 5: 1.0. Product score is based on 1 ratings,1,Was $3.50 20/02/2017,True
6969a415-0dd1-4bf0-9d6a-bf6c9129f939,Woolworths Supermarket,Freezer,Woolworths Chicken Noodle Stir Fry 375g,070789,$3.00,$0.80 / 100G,https://www.woolworths.com.au/shop/productdetails/70789/woolworths-chicken-noodle-stir-fry,https://cdn0.woolworths.media/content/wowproductimages/medium/070789.jpg,2020-09-21 16:53:59,,0,Was $3.50 20/02/2017,True
3c7defcf-a36d-4f0a-9ab3-c3fc43edef51,Woolworths Supermarket,Freezer,Woolworths Penne Napolitana 375g,070790,$3.00,$0.80 / 100G,https://www.woolworths.com.au/shop/productdetails/70790/woolworths-penne-napolitana,https://cdn0.woolworths.media/content/wowproductimages/medium/070790.jpg,2020-09-21 16:53:59,,0,Was $3.50 20/02/2017,True
4c4ee74d-1c08-4e04-85a4-e5d46de53b6a,Woolworths Supermarket,Freezer,Woolworths Cauliflower Bites 200g,072365,$5.00,$2.50 / 100G,https://www.woolworths.com.au/shop/productdetails/72365/woolworths-cauliflower-bites,https://cdn0.woolworths.media/content/wowproductimages/medium/072365.jpg,2020-09-21 16:53:59,Average product rating out of 5: 3.9. Product score is based on 9 ratings,9,,True
e41cdbc0-4107-44ce-ac24-0347420f19f1,Woolworths Supermarket,Freezer,Patties Party Pies 24 pack,072390,$14.00,$1.25 / 100G,https://www.woolworths.com.au/shop/productdetails/72390/patties-party-pies,https://cdn0.woolworths.media/content/wowproductimages/medium/072390.jpg,2020-09-21 16:53:59,Average product rating out of 5: 4.7. Product score is based on 68 ratings,68,,True
36dc1279-abe6-4698-99ff-5904a4f1a67e,Woolworths Supermarket,Freezer,Fitness Outcomes Beef Bolognese 350g,072545,$9.00,$2.57 / 100G,https://www.woolworths.com.au/shop/productdetails/72545/fitness-outcomes-beef-bolognese,https://cdn0.woolworths.media/content/wowproductimages/medium/072545.jpg,2020-09-21 16:53:59,Average product rating out of 5: 3.0. Product score is based on 2 ratings,2,,True
1e597a7b-fed9-4c28-98a3-cc1fa4cee9ba,Woolworths Supermarket,Freezer,Peters Drumstick Vegan Vanilla Bean Choc Almond Cones 4 pack,072594,$7.00,$1.47 / 100ML,https://www.woolworths.com.au/shop/productdetails/72594/peters-drumstick-vegan-vanilla-bean-choc-almond-cones,https://cdn0.woolworths.media/content/wowproductimages/medium/072594.jpg,2020-09-21 16:53:59,Average product rating out of 5: 4.9. Product score is based on 10 ratings,10,,True
c3f06fb1-1c1f-4f2e-b296-0820ad7d43e0,Woolworths Supermarket,Freezer,Ruffie Rustic Foods Butter Chicken With Tumeric Basmati Rice 350g,072642,$7.00,$2.00 / 100G,https://www.woolworths.com.au/shop/productdetails/72642/ruffie-rustic-foods-butter-chicken-with-tumeric-basmati-rice,https://cdn0.woolworths.media/content/wowproductimages/medium/072642.jpg,2020-09-21 16:53:59,Average product rating out of 5: 3.5. Product score is based on 6 ratings,6,,True
171c8221-42bf-4b0b-8dfe-a3c00c4ed246,Woolworths Supermarket,Freezer,Fitness Outcomes Open Chicken Burrito 350g,072665,$9.00,$2.57 / 100G,https://www.woolworths.com.au/shop/productdetails/72665/fitness-outcomes-open-chicken-burrito,https://cdn0.woolworths.media/content/wowproductimages/medium/072665.jpg,2020-09-21 16:53:59,Average product rating out of 5: 4.0. Product score is based on 2 ratings,2,,True
34cf62de-fab7-4bd4-abbb-6df7e123d304,Woolworths Supermarket,Freezer,Fitness Outcomes Cashew Chicken & Vegetable Stir Fry 350g,072676,$9.00,$2.57 / 100G,https://www.woolworths.com.au/shop/productdetails/72676/fitness-outcomes-cashew-chicken-vegetable-stir-fry,https://cdn0.woolworths.media/content/wowproductimages/medium/072676.jpg,2020-09-21 16:53:59,Average product rating out of 5: 3.5. Product score is based on 4 ratings,4,,True
f69fbc77-a2c3-4826-9337-6fbfa5a142cc,Woolworths Supermarket,Freezer,Ruffie Rustic Foods Plant Based Spaghetti Meat Free Balls 350g,072732,$7.00,$2.00 / 100G,https://www.woolworths.com.au/shop/productdetails/72732/ruffie-rustic-foods-plant-based-spaghetti-meat-free-balls,https://cdn0.woolworths.media/content/wowproductimages/medium/072732.jpg,2020-09-21 16:53:59,Average product rating out of 5: 4.3. Product score is based on 6 ratings,6,,True
c4fd71cb-409a-4ed0-a2ec-ee3229cfbf52,Woolworths Supermarket,Freezer,Peters Drumstick Vegan Affogato Cones 4 pack,072850,,,https://www.woolworths.com.au/shop/productdetails/72850/peters-drumstick-vegan-affogato-cones,https://cdn0.woolworths.media/content/wowproductimages/medium/072850.jpg,2020-09-21 16:53:59,Average product rating out of 5: 4.6. Product score is based on 25 ratings,25,,False
6c4c91fb-41d8-4234-b843-464112daaaa8,Woolworths Supermarket,Freezer,Peters Drumstick Vegan Raspberry & Coconut Cones 4 pack,072873,$5.00,$1.05 / 100ML,https://www.woolworths.com.au/shop/productdetails/72873/peters-drumstick-vegan-raspberry-coconut-cones,https://cdn0.woolworths.media/content/wowproductimages/medium/072873.jpg,2020-09-21 16:53:59,Average product rating out of 5: 4.6. Product score is based on 25 ratings,25,,True
03659790-e523-44ce-bf8a-bb82c2bf7b1e,Woolworths Supermarket,Freezer,Streets Magnum Luxe Salted Caramel Tub 440ml,072880,$4.50,$1.02 / 100ML,https://www.woolworths.com.au/shop/productdetails/72880/streets-magnum-luxe-salted-caramel-tub,https://cdn0.woolworths.media/content/wowproductimages/medium/072880.jpg,2020-09-21 16:53:59,,0,,True
b6fb0c79-365d-43fe-af5a-fef82ca2a9bc,Woolworths Supermarket,Freezer,Fitness Outcomes Portuguese Chicken 350g,073002,$9.00,$2.57 / 100G,https://www.woolworths.com.au/shop/productdetails/73002/fitness-outcomes-portuguese-chicken,https://cdn0.woolworths.media/content/wowproductimages/medium/073002.jpg,2020-09-21 16:53:59,Average product rating out of 5: 3.0. Product score is based on 10 ratings,10,,True
115166cf-8138-4bc3-b4b1-d00de4addefc,Woolworths Supermarket,Freezer,Ruffie Rustic Foods Portobello Mushroom Risotto With White Beans 350g,073077,$7.00,$2.00 / 100G,https://www.woolworths.com.au/shop/productdetails/73077/ruffie-rustic-foods-portobello-mushroom-risotto-with-white-beans,https://cdn0.woolworths.media/content/wowproductimages/medium/073077.jpg,2020-09-21 16:53:59,Average product rating out of 5: 4.0. Product score is based on 9 ratings,9,,True
c24fc83e-4865-44da-963e-09b9fe1dbaf9,Woolworths Supermarket,Freezer,Essentials Vanilla Ice Cream 2l,074273,$2.75,$0.14 / 100ML,https://www.woolworths.com.au/shop/productdetails/74273/essentials-vanilla-ice-cream,https://cdn0.woolworths.media/content/wowproductimages/medium/074273.jpg,2020-09-21 16:53:59,Average product rating out of 5: 4.0. Product score is based on 662 ratings,662,,True
2ef72de7-c7cd-4d38-96e0-68c83068624d,Woolworths Supermarket,Freezer,Essentials Neapolitan Ice Cream 2l,074296,$2.75,$0.14 / 100ML,https://www.woolworths.com.au/shop/productdetails/74296/essentials-neapolitan-ice-cream,https://cdn0.woolworths.media/content/wowproductimages/medium/074296.jpg,2020-09-21 16:53:59,Average product rating out of 5: 4.1. Product score is based on 526 ratings,526,,True
925fb1ec-e564-48ec-a518-6d5a9e7dfce2,Woolworths Supermarket,Freezer,"Essentials Neapolitan Chocolate, Vanilla, Strawberry Ice Cream 4l",074311,$4.90,$0.12 / 100ML,https://www.woolworths.com.au/shop/productdetails/74311/essentials-neapolitan-chocolate-vanilla-strawberry-ice-cream,https://cdn0.woolworths.media/content/wowproductimages/medium/074311.jpg,2020-09-21 16:53:59,Average product rating out of 5: 4.3. Product score is based on 42 ratings,42,,True
467f925f-78f1-40fb-b70c-9e882c2f148c,Woolworths Supermarket,Freezer,Streets Magnum Luxe Chocolate Ganache Tub 440ml,074646,$4.50,$1.02 / 100ML,https://www.woolworths.com.au/shop/productdetails/74646/streets-magnum-luxe-chocolate-ganache-tub,https://cdn0.woolworths.media/content/wowproductimages/medium/074646.jpg,2020-09-21 16:53:59,,0,,True
4f50be85-5908-4f44-8cc3-6282494d8e47,Woolworths Supermarket,Freezer,Ben & Jerry's Netflix & Chill'd Ice Cream Tub 458ml,074998,$12.00,$2.62 / 100ML,https://www.woolworths.com.au/shop/productdetails/74998/ben-jerry-s-netflix-chill-d-ice-cream-tub,https://cdn0.woolworths.media/content/wowproductimages/medium/074998.jpg,2020-09-21 16:53:59,Average product rating out of 5: 4.1. Product score is based on 11 ratings,11,,True
54f3f5eb-9aef-4e95-a57b-6636ba59f28f,Woolworths Supermarket,Freezer,Streets Golden Gaytime Krispy Kreme Ice Cream 4 pack,076065,$8.50,$2.13 / 100ML,https://www.woolworths.com.au/shop/productdetails/76065/streets-golden-gaytime-krispy-kreme-ice-cream,https://cdn0.woolworths.media/content/wowproductimages/medium/076065.jpg,2020-09-21 16:53:59,,0,,True
675c4720-175a-40a7-bd23-ea0d069b42a0,Woolworths Supermarket,Freezer,Ben & Jerry's Non Dairy Choc Chip Cookie Dough Ice Cream 458ml,077842,$12.00,$2.62 / 100ML,https://www.woolworths.com.au/shop/productdetails/77842/ben-jerry-s-non-dairy-choc-chip-cookie-dough-ice-cream,https://cdn0.woolworths.media/content/wowproductimages/medium/077842.jpg,2020-09-21 16:53:59,Average product rating out of 5: 4.0. Product score is based on 9 ratings,9,,True
162578f5-4239-4cc9-bff4-1eb2e68e4eb7,Woolworths Supermarket,Freezer,Patties Party Pies 12 pack,077888,$8.50,$1.52 / 100G,https://www.woolworths.com.au/shop/productdetails/77888/patties-party-pies,https://cdn0.woolworths.media/content/wowproductimages/medium/077888.jpg,2020-09-21 16:53:59,Average product rating out of 5: 4.3. Product score is based on 49 ratings,49,,True
4a1b7d83-7db0-4e3c-a9ce-98e9e72ee0a0,Woolworths Supermarket,Freezer,So Delicious Dairy Free Chocolate Cookies N Cr?me Cashew Ice Cream 473ml,077958,$12.00,$2.54 / 100ML,https://www.woolworths.com.au/shop/productdetails/77958/so-delicious-dairy-free-chocolate-cookies-n-cr-me-cashew-ice-cream,https://cdn0.woolworths.media/content/wowproductimages/medium/077958.jpg,2020-09-21 16:53:59,Average product rating out of 5: 5.0. Product score is based on 2 ratings,2,,True
a39b3d18-8272-4705-9482-bb745bb08c68,Woolworths Supermarket,Freezer,Mccain Pizza Pockets Super Supreme 400g,078048,$7.50,$1.88 / 100G,https://www.woolworths.com.au/shop/productdetails/78048/mccain-pizza-pockets-super-supreme,https://cdn0.woolworths.media/content/wowproductimages/medium/078048.jpg,2020-09-21 16:53:59,Average product rating out of 5: 3.4. Product score is based on 10 ratings,10,,True
a047274a-c8e7-44c7-b6a7-1af3936231fb,Woolworths Supermarket,Freezer,Mccain Hawaiian Pizza Pockets 400g,078067,$7.50,$1.88 / 100G,https://www.woolworths.com.au/shop/productdetails/78067/mccain-hawaiian-pizza-pockets,https://cdn0.woolworths.media/content/wowproductimages/medium/078067.jpg,2020-09-21 16:53:59,Average product rating out of 5: 3.5. Product score is based on 21 ratings,21,,True
4a064d04-cc68-4aa7-877e-a508e01fe712,Woolworths Supermarket,Freezer,So Delicious Dairy Free Dipped Mocha Fudge Almond Ice Cream 4 pack,078096,$5.50,$2.02 / 100ML,https://www.woolworths.com.au/shop/productdetails/78096/so-delicious-dairy-free-dipped-mocha-fudge-almond-ice-cream,https://cdn0.woolworths.media/content/wowproductimages/medium/078096.jpg,2020-09-21 16:53:59,Average product rating out of 5: 5.0. Product score is based on 2 ratings,2,,True
7c8e6383-dad5-4b99-942b-2a0ad8f9bb28,Woolworths Supermarket,Freezer,So Delicious Dairy Free Dipped Salted Caramel Cashew Ice Cream 4 pack,078133,$5.50,$2.02 / 100ML,https://www.woolworths.com.au/shop/productdetails/78133/so-delicious-dairy-free-dipped-salted-caramel-cashew-ice-cream,https://cdn0.woolworths.media/content/wowproductimages/medium/078133.jpg,2020-09-21 16:53:59,Average product rating out of 5: 4.4. Product score is based on 5 ratings,5,,True
9ebb4a0c-1d6d-4b5c-a0ea-d69e44bd98e6,Woolworths Supermarket,Freezer,So Delicious Dairy Free Double Chocolate Delight Cashew Ice Cream 4 pack,078594,$5.50,$2.02 / 100ML,https://www.woolworths.com.au/shop/productdetails/78594/so-delicious-dairy-free-double-chocolate-delight-cashew-ice-cream,https://cdn0.woolworths.media/content/wowproductimages/medium/078594.jpg,2020-09-21 16:53:59,Average product rating out of 5: 4.0. Product score is based on 2 ratings,2,,True
70306b94-b0ba-43ad-b195-e12e3f8628dc,Woolworths Supermarket,Freezer,Woolworths Meat Pie Single Pack 150g,078650,$0.75,$0.50 / 100G,https://www.woolworths.com.au/shop/productdetails/78650/woolworths-meat-pie-single-pack,https://cdn0.woolworths.media/content/wowproductimages/medium/078650.jpg,2020-09-21 16:53:59,Average product rating out of 5: 4.3. Product score is based on 19 ratings,19,,True
eacb7097-68b0-44b2-9688-84cb54a8cbe2,Woolworths Supermarket,Freezer,So Delicious Dairy Free Very Vanilla Cashew Ice Cream 473ml,078745,$12.00,$2.54 / 100ML,https://www.woolworths.com.au/shop/productdetails/78745/so-delicious-dairy-free-very-vanilla-cashew-ice-cream,https://cdn0.woolworths.media/content/wowproductimages/medium/078745.jpg,2020-09-21 16:53:59,Average product rating out of 5: 5.0. Product score is based on 8 ratings,8,,True
70a2a67c-89ae-4c16-aaf4-f6515d4aa455,Woolworths Supermarket,Freezer,So Delicious Dairy Free Salted Caramel N Choc Chip Cashew Ice Cream 473ml,079122,$12.00,$2.54 / 100ML,https://www.woolworths.com.au/shop/productdetails/79122/so-delicious-dairy-free-salted-caramel-n-choc-chip-cashew-ice-cream,https://cdn0.woolworths.media/content/wowproductimages/medium/079122.jpg,2020-09-21 16:53:59,Average product rating out of 5: 5.0. Product score is based on 5 ratings,5,,True
b8eb5a20-ff15-47a7-99c0-0f4589ea0e95,Woolworths Supermarket,Freezer,Ingham's Crumbed Chicken Kiev Garlic Butter 350g,079509,$9.00,$25.71 / 1KG,https://www.woolworths.com.au/shop/productdetails/79509/ingham-s-crumbed-chicken-kiev-garlic-butter,https://cdn0.woolworths.media/content/wowproductimages/medium/079509.jpg,2020-09-21 16:53:59,Average product rating out of 5: 4.5. Product score is based on 46 ratings,46,,True
fcfc75f0-b357-4371-af2f-6ccc7b81488e,Woolworths Supermarket,Freezer,Mccain Man Size Curried Sausages 480g,081228,$6.00,$1.25 / 100G,https://www.woolworths.com.au/shop/productdetails/81228/mccain-man-size-curried-sausages,https://cdn0.woolworths.media/content/wowproductimages/medium/081228.jpg,2020-09-21 16:53:59,Average product rating out of 5: 3.0. Product score is based on 2 ratings,2,,True
a822a9ec-89ea-4935-8854-70e93c9019a3,Woolworths Supermarket,Freezer,Mccain Man Size Chilli Con Carne 480g,081229,$6.00,$1.25 / 100G,https://www.woolworths.com.au/shop/productdetails/81229/mccain-man-size-chilli-con-carne,https://cdn0.woolworths.media/content/wowproductimages/medium/081229.jpg,2020-09-21 16:53:59,Average product rating out of 5: 3.3. Product score is based on 3 ratings,3,,True
e44389e1-0c1c-4e07-9ca6-0c46a57f58a6,Woolworths Supermarket,Freezer,Mccain Healthy Choice Indian Chickpea Curry 280g,081635,$4.00,$1.43 / 100G,https://www.woolworths.com.au/shop/productdetails/81635/mccain-healthy-choice-indian-chickpea-curry,https://cdn0.woolworths.media/content/wowproductimages/medium/081635.jpg,2020-09-21 16:53:59,Average product rating out of 5: 4.8. Product score is based on 5 ratings,5,Was $5.59 30/01/2017,True
fe63f3ef-4b82-4f01-be0d-2f8dc83161a0,Woolworths Supermarket,Freezer,Della Rosa Bbq Meatlovers Family Pizza 500g,081977,$6.50,$1.30 / 100G,https://www.woolworths.com.au/shop/productdetails/81977/della-rosa-bbq-meatlovers-family-pizza,https://cdn0.woolworths.media/content/wowproductimages/medium/081977.jpg,2020-09-21 16:53:59,Average product rating out of 5: 4.0. Product score is based on 18 ratings,18,,True
deb373f7-9393-4d65-9aee-66f868c30097,Woolworths Supermarket,Freezer,Get Vegged Vegan Vegetable Burger 300g,081978,$6.50,$2.17 / 100G,https://www.woolworths.com.au/shop/productdetails/81978/get-vegged-vegan-vegetable-burger,https://cdn0.woolworths.media/content/wowproductimages/medium/081978.jpg,2020-09-21 16:53:59,,0,,True
63f7cb80-ddf1-41cb-9205-872a3dd321b3,Woolworths Supermarket,Freezer,Della Rosa Stone Baked Ham & Pineapple Pizza 500g,082583,$6.50,$1.30 / 100G,https://www.woolworths.com.au/shop/productdetails/82583/della-rosa-stone-baked-ham-pineapple-pizza,https://cdn0.woolworths.media/content/wowproductimages/medium/082583.jpg,2020-09-21 16:53:59,Average product rating out of 5: 3.6. Product score is based on 20 ratings,20,,True
33cf6e7b-1ad1-4216-9b29-25688bb83c64,Woolworths Supermarket,Freezer,Vegie Delights Crispy Chicken-style Burgers 300g,082597,$6.00,$2.00 / 100G,https://www.woolworths.com.au/shop/productdetails/82597/vegie-delights-crispy-chicken-style-burgers,https://cdn0.woolworths.media/content/wowproductimages/medium/082597.jpg,2020-09-21 16:53:59,,0,2 for $11.00,True
2ed7f730-9e6c-47ca-8814-eacc9a3812e8,Woolworths Supermarket,Freezer,Della Rosa Stone Baked Bbq Chicken & Pineapple Pizza 500g,082847,$6.50,$1.30 / 100G,https://www.woolworths.com.au/shop/productdetails/82847/della-rosa-stone-baked-bbq-chicken-pineapple-pizza,https://cdn0.woolworths.media/content/wowproductimages/medium/082847.jpg,2020-09-21 16:53:59,Average product rating out of 5: 3.5. Product score is based on 13 ratings,13,,True
206b2e8c-ce4c-4ea8-ba79-bf26ecff111d,Woolworths Supermarket,Freezer,Dr. Oetker Ristorante Pizza Barbacoa 330g,082869,$6.50,$1.97 / 100G,https://www.woolworths.com.au/shop/productdetails/82869/dr-oetker-ristorante-pizza-barbacoa,https://cdn0.woolworths.media/content/wowproductimages/medium/082869.jpg,2020-09-21 16:53:59,Average product rating out of 5: 4.7. Product score is based on 9 ratings,9,,True
067d9390-7dba-42e4-aabd-a4ec5e6c5803,Woolworths Supermarket,Freezer,Dr. Oetker Artisana Ham & Mushroom Pizza 405g,082870,$7.50,$1.85 / 100G,https://www.woolworths.com.au/shop/productdetails/82870/dr-oetker-artisana-ham-mushroom-pizza,https://cdn0.woolworths.media/content/wowproductimages/medium/082870.jpg,2020-09-21 16:53:59,Average product rating out of 5: 5.0. Product score is based on 1 ratings,1,,True
617b827b-19a9-4359-90f9-cca4cc4af30b,Woolworths Supermarket,Freezer,Papa Giuseppi's Stuffed Crust Bbq Meat Pizza 500g,082968,$8.00,$1.60 / 100G,https://www.woolworths.com.au/shop/productdetails/82968/papa-giuseppi-s-stuffed-crust-bbq-meat-pizza,https://cdn0.woolworths.media/content/wowproductimages/medium/082968.jpg,2020-09-21 16:53:59,Average product rating out of 5: 4.8. Product score is based on 4 ratings,4,,True
d95fe889-a8de-4339-8815-784e75479190,Woolworths Supermarket,Freezer,Dr. Oetker Artisana Pepperoni Pesto Pizza 415g,082974,$7.50,$1.81 / 100G,https://www.woolworths.com.au/shop/productdetails/82974/dr-oetker-artisana-pepperoni-pesto-pizza,https://cdn0.woolworths.media/content/wowproductimages/medium/082974.jpg,2020-09-21 16:53:59,Average product rating out of 5: 4.4. Product score is based on 8 ratings,8,,True
c9854002-93f9-4bee-a6be-33de16857bdc,Woolworths Supermarket,Freezer,Della Rosa Stone Baked 3 Cheese Pizza Pack 900g,083187,$6.50,$0.72 / 100G,https://www.woolworths.com.au/shop/productdetails/83187/della-rosa-stone-baked-3-cheese-pizza-pack,https://cdn0.woolworths.media/content/wowproductimages/medium/083187.jpg,2020-09-21 16:53:59,Average product rating out of 5: 3.8. Product score is based on 29 ratings,29,,True
3ab9e187-9ed6-4bf5-a416-c8a7943f10ce,Woolworths Supermarket,Freezer,Mr Chen's Prawn Pad Thai 350g,083335,$7.00,$2.00 / 100G,https://www.woolworths.com.au/shop/productdetails/83335/mr-chen-s-prawn-pad-thai,https://cdn0.woolworths.media/content/wowproductimages/medium/083335.jpg,2020-09-21 16:53:59,Average product rating out of 5: 4.3. Product score is based on 3 ratings,3,,True
b0da1312-f5d1-4ce3-9f97-d2dbc5e7bb31,Woolworths Supermarket,Freezer,Mr Chen's Seafood Singapore Noodles 350g,083465,$7.00,$2.00 / 100G,https://www.woolworths.com.au/shop/productdetails/83465/mr-chen-s-seafood-singapore-noodles,https://cdn0.woolworths.media/content/wowproductimages/medium/083465.jpg,2020-09-21 16:53:59,Average product rating out of 5: 4.7. Product score is based on 3 ratings,3,,True
ea4fd9cd-b845-4ba4-abdd-8e24778c7824,Woolworths Supermarket,Freezer,Pampas Puff Pastry 10 Sheets 1.6kg,083512,$6.85,$0.43 / 100G,https://www.woolworths.com.au/shop/productdetails/83512/pampas-puff-pastry-10-sheets,https://cdn0.woolworths.media/content/wowproductimages/medium/083512.jpg,2020-09-21 16:53:59,Average product rating out of 5: 4.8. Product score is based on 53 ratings,53,,True
4d1a0cc7-78b3-4eba-b68b-e7a4f7a32d37,Woolworths Supermarket,Freezer,Mr Chen's Prawn Gyoza Noodles 350g,083597,$7.00,$2.00 / 100G,https://www.woolworths.com.au/shop/productdetails/83597/mr-chen-s-prawn-gyoza-noodles,https://cdn0.woolworths.media/content/wowproductimages/medium/083597.jpg,2020-09-21 16:53:59,Average product rating out of 5: 4.0. Product score is based on 1 ratings,1,,True
4837115e-4b08-4841-a83c-99d2a2ea2980,Woolworths Supermarket,Freezer,Nanna's Vegan Friendly Apple & Rhubarb Snack Pies 2 pack,085274,$4.00,$1.78 / 100G,https://www.woolworths.com.au/shop/productdetails/85274/nanna-s-vegan-friendly-apple-rhubarb-snack-pies,https://cdn0.woolworths.media/content/wowproductimages/medium/085274.jpg,2020-09-21 16:53:59,Average product rating out of 5: 3.8. Product score is based on 6 ratings,6,,True
d969b8da-ba4b-4711-bfe6-18cc76fafeaa,Woolworths Supermarket,Freezer,Strength Meals Co Ripped Italian Meatballs 300g,085330,$8.50,$2.83 / 100G,https://www.woolworths.com.au/shop/productdetails/85330/strength-meals-co-ripped-italian-meatballs,https://cdn0.woolworths.media/content/wowproductimages/medium/085330.jpg,2020-09-21 16:53:59,Average product rating out of 5: 2.4. Product score is based on 190 ratings,190,,True
0653df5a-ccbd-4806-9037-e4cc92408d4f,Woolworths Supermarket,Freezer,Strength Meals Co Repair Chicken Meatballs 400g,085335,$9.50,$2.38 / 100G,https://www.woolworths.com.au/shop/productdetails/85335/strength-meals-co-repair-chicken-meatballs,https://cdn0.woolworths.media/content/wowproductimages/medium/085335.jpg,2020-09-21 16:53:59,Average product rating out of 5: 2.4. Product score is based on 184 ratings,184,,True
b80cbc38-854d-42e3-8da9-44caedbcf588,Woolworths Supermarket,Freezer,Strength Meals Co Restore Crumbled Pork Pasta 400g,085433,$9.50,$2.38 / 100G,https://www.woolworths.com.au/shop/productdetails/85433/strength-meals-co-restore-crumbled-pork-pasta,https://cdn0.woolworths.media/content/wowproductimages/medium/085433.jpg,2020-09-21 16:53:59,Average product rating out of 5: 3.3. Product score is based on 151 ratings,151,,True
9f2b8b0e-8d92-4c3d-937e-04f1f28e88c7,Woolworths Supermarket,Freezer,Strength Meals Co Power Chicken Burrito 300g,085696,$8.50,$2.83 / 100G,https://www.woolworths.com.au/shop/productdetails/85696/strength-meals-co-power-chicken-burrito,https://cdn0.woolworths.media/content/wowproductimages/medium/085696.jpg,2020-09-21 16:53:59,Average product rating out of 5: 2.6. Product score is based on 236 ratings,236,,True
430652cb-3992-4757-8fbe-0644aa531629,Woolworths Supermarket,Freezer,Nourishing Bubs Babies First Foods Vegetables 400g,085704,$9.50,$2.38 / 100G,https://www.woolworths.com.au/shop/productdetails/85704/nourishing-bubs-babies-first-foods-vegetables,https://cdn0.woolworths.media/content/wowproductimages/medium/085704.jpg,2020-09-21 16:53:59,Average product rating out of 5: 3.8. Product score is based on 5 ratings,5,2 for $17.00 $2.13/100G,True
3bbd9d7d-90c5-486a-983c-3d88af8d2bae,Woolworths Supermarket,Freezer,Strength Meals Co Activate Thai Chicken Noodles 300g,085714,$8.50,$2.83 / 100G,https://www.woolworths.com.au/shop/productdetails/85714/strength-meals-co-activate-thai-chicken-noodles,https://cdn0.woolworths.media/content/wowproductimages/medium/085714.jpg,2020-09-21 16:53:59,Average product rating out of 5: 3.0. Product score is based on 207 ratings,207,,True
e1a5a2da-cf8a-4238-bce4-39e7083ab710,Woolworths Supermarket,Freezer,Double Merino Pastry Gow Gee 275g,085721,$2.90,$1.05 / 100G,https://www.woolworths.com.au/shop/productdetails/85721/double-merino-pastry-gow-gee,https://cdn0.woolworths.media/content/wowproductimages/medium/085721.jpg,2020-09-21 16:53:59,,0,,True
489ac2ea-4244-4df2-9e9d-0de9b35f44a2,Woolworths Supermarket,Freezer,Strength Meals Co Nourish Chicken Paella 400g,085769,$9.50,$2.38 / 100G,https://www.woolworths.com.au/shop/productdetails/85769/strength-meals-co-nourish-chicken-paella,https://cdn0.woolworths.media/content/wowproductimages/medium/085769.jpg,2020-09-21 16:53:59,Average product rating out of 5: 3.1. Product score is based on 154 ratings,154,,True
8f51d794-86f9-4907-8bc1-a059dbfdf677,Woolworths Supermarket,Freezer,Ingham's Chicken Breast Schnitzel 400g,085804,$8.15,$20.38 / 1KG,https://www.woolworths.com.au/shop/productdetails/85804/ingham-s-chicken-breast-schnitzel,https://cdn0.woolworths.media/content/wowproductimages/medium/085804.jpg,2020-09-21 16:53:59,Average product rating out of 5: 4.3. Product score is based on 12 ratings,12,,True
ada5781a-b3ab-493f-8470-0e706941aec7,Woolworths Supermarket,Freezer,Nourishing Bubs Babies First Foods Fruit 400g,085823,$9.50,$2.38 / 100G,https://www.woolworths.com.au/shop/productdetails/85823/nourishing-bubs-babies-first-foods-fruit,https://cdn0.woolworths.media/content/wowproductimages/medium/085823.jpg,2020-09-21 16:53:59,Average product rating out of 5: 4.7. Product score is based on 3 ratings,3,2 for $17.00 $2.13/100G,True
8d3738c9-7661-4853-a6fb-adb1e6d271ee,Woolworths Supermarket,Freezer,Strength Meals Co Balanced Butter Chicken 400g,085864,$9.50,$2.38 / 100G,https://www.woolworths.com.au/shop/productdetails/85864/strength-meals-co-balanced-butter-chicken,https://cdn0.woolworths.media/content/wowproductimages/medium/085864.jpg,2020-09-21 16:53:59,Average product rating out of 5: 3.0. Product score is based on 228 ratings,228,,True
a6eceac8-0558-4292-bae2-70112a549d13,Woolworths Supermarket,Freezer,Strength Meals Co Shred South Indian Curry 300g,085902,$8.50,$2.83 / 100G,https://www.woolworths.com.au/shop/productdetails/85902/strength-meals-co-shred-south-indian-curry,https://cdn0.woolworths.media/content/wowproductimages/medium/085902.jpg,2020-09-21 16:53:59,Average product rating out of 5: 2.9. Product score is based on 190 ratings,190,,True
863793b3-506d-4e14-b5e6-db8c99918c08,Woolworths Supermarket,Freezer,Four'n Twenty Beef Cheese & Bacon Pie 160g,086334,$1.60,$1.00 / 100G,https://www.woolworths.com.au/shop/productdetails/86334/four-n-twenty-beef-cheese-bacon-pie,https://cdn0.woolworths.media/content/wowproductimages/medium/086334.jpg,2020-09-21 16:53:59,Average product rating out of 5: 4.8. Product score is based on 4 ratings,4,,True
4708eab1-51ea-45fd-b143-5576d5f4f375,Woolworths Supermarket,Freezer,Bulla Ice Cream Vanilla 4l tub,086412,$10.00,$0.25 / 100ML,https://www.woolworths.com.au/shop/productdetails/86412/bulla-ice-cream-vanilla,https://cdn0.woolworths.media/content/wowproductimages/medium/086412.jpg,2020-09-21 16:53:59,Average product rating out of 5: 4.8. Product score is based on 62 ratings,62,,True
e94361c8-5746-40d6-bcf5-320eb4256e24,Woolworths Supermarket,Freezer,Four'n Twenty Philly Cheese Steak Pie 160g,086431,$1.60,$1.00 / 100G,https://www.woolworths.com.au/shop/productdetails/86431/four-n-twenty-philly-cheese-steak-pie,https://cdn0.woolworths.media/content/wowproductimages/medium/086431.jpg,2020-09-21 16:53:59,,0,,True
c8c85f59-21fd-4513-8e73-eafbacc5bf40,Woolworths Supermarket,Freezer,Patties Croquettes Mozzarella Onion & Corn 300g,086837,$8.00,$2.67 / 100G,https://www.woolworths.com.au/shop/productdetails/86837/patties-croquettes-mozzarella-onion-corn,https://cdn0.woolworths.media/content/wowproductimages/medium/086837.jpg,2020-09-21 16:53:59,Average product rating out of 5: 4.0. Product score is based on 3 ratings,3,,True
bf747ed1-31ba-4c42-b7b6-592f3c423c5c,Woolworths Supermarket,Freezer,Cadbury Cherry Ripe Ice Cream Sticks 4 pack,086921,$5.00,$1.39 / 100ML,https://www.woolworths.com.au/shop/productdetails/86921/cadbury-cherry-ripe-ice-cream-sticks,https://cdn0.woolworths.media/content/wowproductimages/medium/086921.jpg,2020-09-21 16:53:59,Average product rating out of 5: 4.6. Product score is based on 16 ratings,16,,True
147222da-af0f-4671-8f53-fb9cf944f04b,Woolworths Supermarket,Freezer,Oob Organic Frozen Blueberries 900g,086952,$16.00,$17.78 / 1KG,https://www.woolworths.com.au/shop/productdetails/86952/oob-organic-frozen-blueberries,https://cdn0.woolworths.media/content/wowproductimages/medium/086952.jpg,2020-09-21 16:53:59,,0,,True
5bd6a202-29c4-46d1-ad48-28352025bacc,Woolworths Supermarket,Freezer,Nanna's Apple Crumble 550g,087076,$4.00,$0.73 / 100G,https://www.woolworths.com.au/shop/productdetails/87076/nanna-s-apple-crumble,https://cdn0.woolworths.media/content/wowproductimages/medium/087076.jpg,2020-09-21 16:53:59,Average product rating out of 5: 4.5. Product score is based on 26 ratings,26,Was $6.00 23/07/2018,True
1cc6d40e-e34c-4e5e-a2a2-31e3c06a9337,Woolworths Supermarket,Freezer,Four'n Twenty Meat Free Pie 4 pack,087572,$9.50,$1.36 / 100G,https://www.woolworths.com.au/shop/productdetails/87572/four-n-twenty-meat-free-pie,https://cdn0.woolworths.media/content/wowproductimages/medium/087572.jpg,2020-09-21 16:53:59,Average product rating out of 5: 4.4. Product score is based on 31 ratings,31,,True
35bba642-2640-4046-9f95-19c2afc307b2,Woolworths Supermarket,Freezer,Four'n Twenty Sausage Roll Party 500g,088267,$6.00,$1.20 / 100G,https://www.woolworths.com.au/shop/productdetails/88267/four-n-twenty-sausage-roll-party,https://cdn0.woolworths.media/content/wowproductimages/medium/088267.jpg,2020-09-21 16:53:59,Average product rating out of 5: 4.3. Product score is based on 36 ratings,36,,True
92c96604-227b-4e92-a867-674d7fbfd069,Woolworths Supermarket,Freezer,Four'n Twenty Pies Party 12 pack,088281,$6.00,$1.00 / 100G,https://www.woolworths.com.au/shop/productdetails/88281/four-n-twenty-pies-party,https://cdn0.woolworths.media/content/wowproductimages/medium/088281.jpg,2020-09-21 16:53:59,Average product rating out of 5: 4.3. Product score is based on 34 ratings,34,,True
ff9bcc79-dbf8-47c0-b8d8-619c01c63507,Woolworths Supermarket,Freezer,Herbert Adams Artisan Moroccan Vegetable Pie Chickpea & Vegetable Pie 440g,088748,$4.75,$1.08 / 100G,https://www.woolworths.com.au/shop/productdetails/88748/herbert-adams-artisan-moroccan-vegetable-pie-chickpea-vegetable-pie,https://cdn0.woolworths.media/content/wowproductimages/medium/088748.jpg,2020-09-21 16:53:59,Average product rating out of 5: 3.8. Product score is based on 6 ratings,6,,True
8748e648-bb87-485f-9a2f-f7940447ac55,Woolworths Supermarket,Freezer,Ingham's Frozen Turkey Thigh Roast Traditional 1kg,089785,$10.00,$10.00 / 1KG,https://www.woolworths.com.au/shop/productdetails/89785/ingham-s-frozen-turkey-thigh-roast-traditional,https://cdn0.woolworths.media/content/wowproductimages/medium/089785.jpg,2020-09-21 16:53:59,Average product rating out of 5: 4.6. Product score is based on 65 ratings,65,Was $12.99 28/11/2017,True
1ec9c944-e83e-4f4f-86a0-e1c81ab43623,Woolworths Supermarket,Freezer,Mccain Tuna Mornay 400g,089994,$3.50,$0.88 / 100G,https://www.woolworths.com.au/shop/productdetails/89994/mccain-tuna-mornay,https://cdn0.woolworths.media/content/wowproductimages/medium/089994.jpg,2020-09-21 16:53:59,Average product rating out of 5: 4.5. Product score is based on 44 ratings,44,,True
725a9a13-54bb-495f-ac6a-9719dddc71a7,Woolworths Supermarket,Freezer,Mccain Corn Kernels 500g,090838,$2.50,$5.00 / 1KG,https://www.woolworths.com.au/shop/productdetails/90838/mccain-corn-kernels,https://cdn0.woolworths.media/content/wowproductimages/medium/090838.jpg,2020-09-21 16:53:59,Average product rating out of 5: 4.6. Product score is based on 59 ratings,59,Was $2.90 02/04/2018,True
33d9950c-76fa-4aae-acaf-28bcc4f22f64,Woolworths Supermarket,Freezer,Aussie Frozen Fruit 100% Australian Blueberries 400g,091595,$6.00,$15.00 / 1KG,https://www.woolworths.com.au/shop/productdetails/91595/aussie-frozen-fruit-100-australian-blueberries,https://cdn0.woolworths.media/content/wowproductimages/medium/091595.jpg,2020-09-21 16:53:59,Average product rating out of 5: 4.5. Product score is based on 44 ratings,44,,True
5a652e2a-f4be-460a-8a0b-3617e4bbc809,Woolworths Supermarket,Freezer,Aussie Frozen Fruit 100% Australian Mixed Berries 400g,091872,$6.00,$15.00 / 1KG,https://www.woolworths.com.au/shop/productdetails/91872/aussie-frozen-fruit-100-australian-mixed-berries,https://cdn0.woolworths.media/content/wowproductimages/medium/091872.jpg,2020-09-21 16:53:59,Average product rating out of 5: 4.3. Product score is based on 39 ratings,39,,True
536aeb17-de6f-4d83-afcb-31aed6356fc0,Woolworths Supermarket,Freezer,Just Caught Crumbed Fish Fillets Salt & Pepper 880g,093049,$12.00,$13.64 / 1KG,https://www.woolworths.com.au/shop/productdetails/93049/just-caught-crumbed-fish-fillets-salt-pepper,https://cdn0.woolworths.media/content/wowproductimages/medium/093049.jpg,2020-09-21 16:53:59,,0,,True
33edcd3c-f448-4078-b2ee-a0e29a32dc56,Woolworths Supermarket,Freezer,Mccain Peas Baby 1kg,093371,$4.40,$4.40 / 1KG,https://www.woolworths.com.au/shop/productdetails/93371/mccain-peas-baby,https://cdn0.woolworths.media/content/wowproductimages/medium/093371.jpg,2020-09-21 16:53:59,Average product rating out of 5: 4.7. Product score is based on 50 ratings,50,Was $4.79 12/04/2018,True
b3cf0cc0-59be-426a-88ea-1a0310466bf7,Woolworths Supermarket,Freezer,Mccain Dinner Roast Lamb 320g,093756,$4.80,$1.50 / 100G,https://www.woolworths.com.au/shop/productdetails/93756/mccain-dinner-roast-lamb,https://cdn0.woolworths.media/content/wowproductimages/medium/093756.jpg,2020-09-21 16:53:59,Average product rating out of 5: 3.6. Product score is based on 26 ratings,26,,True
6cdb7457-4af6-4857-8760-76af856493c8,Woolworths Supermarket,Freezer,Mccain Dinner Roast Chicken 320g,093758,$4.80,$1.50 / 100G,https://www.woolworths.com.au/shop/productdetails/93758/mccain-dinner-roast-chicken,https://cdn0.woolworths.media/content/wowproductimages/medium/093758.jpg,2020-09-21 16:53:59,Average product rating out of 5: 4.4. Product score is based on 19 ratings,19,,True
1538474d-3e9d-40ab-bc88-cf9624bc80e6,Woolworths Supermarket,Freezer,Mccain Pizza Cheese & Bacon 500g,093831,$5.50,$1.10 / 100G,https://www.woolworths.com.au/shop/productdetails/93831/mccain-pizza-cheese-bacon,https://cdn0.woolworths.media/content/wowproductimages/medium/093831.jpg,2020-09-21 16:53:59,Average product rating out of 5: 4.3. Product score is based on 44 ratings,44,,True
b5ac6230-95be-4ce0-9a69-8417b3170a51,Woolworths Supermarket,Freezer,Birds Eye Corn Cobs Super Sweet 1kg,093832,$5.00,$5.00 / 1KG,https://www.woolworths.com.au/shop/productdetails/93832/birds-eye-corn-cobs-super-sweet,https://cdn0.woolworths.media/content/wowproductimages/medium/093832.jpg,2020-09-21 16:53:59,Average product rating out of 5: 4.7. Product score is based on 37 ratings,37,,True
9c4bd30a-05b7-4c4e-a3d2-867c139f9e7b,Woolworths Supermarket,Freezer,Essentials Frozen Mixed Vegetables 1kg,093915,$1.59,$1.59 / 1KG,https://www.woolworths.com.au/shop/productdetails/93915/essentials-frozen-mixed-vegetables,https://cdn0.woolworths.media/content/wowproductimages/medium/093915.jpg,2020-09-21 16:53:59,Average product rating out of 5: 4.1. Product score is based on 381 ratings,381,,True
0cf914a5-ed78-4a7c-b7d9-8c1923807bae,Woolworths Supermarket,Freezer,Steggles Garlic Chicken Breast Kiev 350g,094181,$8.00,$22.86 / 1KG,https://www.woolworths.com.au/shop/productdetails/94181/steggles-garlic-chicken-breast-kiev,https://cdn0.woolworths.media/content/wowproductimages/medium/094181.jpg,2020-09-21 16:53:59,Average product rating out of 5: 4.5. Product score is based on 2 ratings,2,,True
afa41f55-0731-4aec-9c96-b5ba8f5e693c,Woolworths Supermarket,Freezer,Steggles Southern Style Chicken Breast Burgers 360g,094369,$5.00,$13.89 / 1KG,https://www.woolworths.com.au/shop/productdetails/94369/steggles-southern-style-chicken-breast-burgers,https://cdn0.woolworths.media/content/wowproductimages/medium/094369.jpg,2020-09-21 16:53:59,,0,,True
9587de40-726d-4ab7-9ab8-1718aff536c7,Woolworths Supermarket,Freezer,Sanitarium So Good Vanilla Bliss Frozen Dessert 1l,094996,$6.60,$0.66 / 100ML,https://www.woolworths.com.au/shop/productdetails/94996/sanitarium-so-good-vanilla-bliss-frozen-dessert,https://cdn0.woolworths.media/content/wowproductimages/medium/094996.jpg,2020-09-21 16:53:59,Average product rating out of 5: 4.5. Product score is based on 32 ratings,32,,True
ab88d713-17e5-4abe-9cb9-01dad4b5d2b3,Woolworths Supermarket,Freezer,Scotts Pies Meat 6pk 900g,095243,$6.00,$0.67 / 100G,https://www.woolworths.com.au/shop/productdetails/95243/scotts-pies-meat,https://cdn0.woolworths.media/content/wowproductimages/medium/095243.jpg,2020-09-21 16:53:59,Average product rating out of 5: 3.8. Product score is based on 53 ratings,53,Was $6.99 12/04/2016,True
4a55e487-280c-4b7d-a9c3-076786634281,Woolworths Supermarket,Freezer,Steggles Salt & Vinegar Chicken Tenders 1kg,095563,$11.00,$11.00 / 1KG,https://www.woolworths.com.au/shop/productdetails/95563/steggles-salt-vinegar-chicken-tenders,https://cdn0.woolworths.media/content/wowproductimages/medium/095563.jpg,2020-09-21 16:53:59,,0,,True
3a0c714e-9135-49ca-8f3f-53b6d9b22edd,Woolworths Supermarket,Freezer,Mccain Mixed Vegetables Peas & Super Sweet Corn 1kg,095871,$4.40,$4.40 / 1KG,https://www.woolworths.com.au/shop/productdetails/95871/mccain-mixed-vegetables-peas-super-sweet-corn,https://cdn0.woolworths.media/content/wowproductimages/medium/095871.jpg,2020-09-21 16:53:59,Average product rating out of 5: 4.7. Product score is based on 31 ratings,31,Was $5.00 02/04/2018,True
cb53dbfb-e78f-46fe-8251-1813d47e402b,Woolworths Supermarket,Freezer,Logan Farm Chopped Spinach Portions 250g,096041,$1.80,$7.20 / 1KG,https://www.woolworths.com.au/shop/productdetails/96041/logan-farm-chopped-spinach-portions,https://cdn0.woolworths.media/content/wowproductimages/medium/096041.jpg,2020-09-21 16:53:59,Average product rating out of 5: 4.6. Product score is based on 54 ratings,54,,True
d15b25e9-99ca-4908-8011-21c7980c26fb,Woolworths Supermarket,Freezer,Woolworths Meat Pies 6 pack,096118,$4.00,$0.44 / 100G,https://www.woolworths.com.au/shop/productdetails/96118/woolworths-meat-pies,https://cdn0.woolworths.media/content/wowproductimages/medium/096118.jpg,2020-09-21 16:53:59,Average product rating out of 5: 3.7. Product score is based on 832 ratings,832,,True
5aa5a32d-d19f-4718-9002-f7b8864c52dc,Woolworths Supermarket,Freezer,Connoisseur Ice Cream Classic Vanilla 1l tub,096190,$11.00,$1.10 / 100ML,https://www.woolworths.com.au/shop/productdetails/96190/connoisseur-ice-cream-classic-vanilla,https://cdn0.woolworths.media/content/wowproductimages/medium/096190.jpg,2020-09-21 16:53:59,Average product rating out of 5: 4.9. Product score is based on 79 ratings,79,,True
89122e45-cfdd-4d68-a384-6e21183e815b,Woolworths Supermarket,Freezer,Mccain Frozen Peas 500g,096206,$2.00,$4.00 / 1KG,https://www.woolworths.com.au/shop/productdetails/96206/mccain-frozen-peas,https://cdn0.woolworths.media/content/wowproductimages/medium/096206.jpg,2020-09-21 16:53:59,Average product rating out of 5: 4.6. Product score is based on 37 ratings,37,Was $2.25 02/04/2018,True
3f2a8ebe-e4b9-4415-9f15-f5523f45fd4e,Woolworths Supermarket,Freezer,Mccain Peas 1kg,096215,$3.80,$3.80 / 1KG,https://www.woolworths.com.au/shop/productdetails/96215/mccain-peas,https://cdn0.woolworths.media/content/wowproductimages/medium/096215.jpg,2020-09-21 16:53:59,Average product rating out of 5: 4.9. Product score is based on 27 ratings,27,,True
262767d6-efab-4c3e-948f-6c7c21524dc5,Woolworths Supermarket,Freezer,Birds Eye Peas Garden Field Fresh 1kg,096216,$3.70,$3.70 / 1KG,https://www.woolworths.com.au/shop/productdetails/96216/birds-eye-peas-garden-field-fresh,https://cdn0.woolworths.media/content/wowproductimages/medium/096216.jpg,2020-09-21 16:53:59,Average product rating out of 5: 4.9. Product score is based on 42 ratings,42,Was $4.39 05/03/2018,True
bbca11a3-0742-4243-b0db-007d9798decd,Woolworths Supermarket,Freezer,Birds Eye Fish Fingers 375g,096318,$5.60,$14.93 / 1KG,https://www.woolworths.com.au/shop/productdetails/96318/birds-eye-fish-fingers,https://cdn0.woolworths.media/content/wowproductimages/medium/096318.jpg,2020-09-21 16:53:59,Average product rating out of 5: 4.5. Product score is based on 19 ratings,19,,True
85239929-56a2-4df7-a9cf-7bce8f490ee5,Woolworths Supermarket,Freezer,Peters Frosty Fruits Tropical 8 pack,096328,$7.00,$1.17 / 100ML,https://www.woolworths.com.au/shop/productdetails/96328/peters-frosty-fruits-tropical,https://cdn0.woolworths.media/content/wowproductimages/medium/096328.jpg,2020-09-21 16:53:59,Average product rating out of 5: 4.7. Product score is based on 47 ratings,47,,True
fa50e46e-849b-4d6f-ae1e-12e242302689,Woolworths Supermarket,Freezer,Mccain Pizza Ham & Pineapple 500g,096406,$5.50,$1.10 / 100G,https://www.woolworths.com.au/shop/productdetails/96406/mccain-pizza-ham-pineapple,https://cdn0.woolworths.media/content/wowproductimages/medium/096406.jpg,2020-09-21 16:53:59,Average product rating out of 5: 4.2. Product score is based on 45 ratings,45,,True
fc74aeb2-ecfb-462d-89a8-cae58af15233,Woolworths Supermarket,Freezer,Mccain Supreme Pizza 500g,096415,$5.50,$1.10 / 100G,https://www.woolworths.com.au/shop/productdetails/96415/mccain-supreme-pizza,https://cdn0.woolworths.media/content/wowproductimages/medium/096415.jpg,2020-09-21 16:53:59,Average product rating out of 5: 4.0. Product score is based on 44 ratings,44,,True
e565f3d8-2794-4779-bfb4-72aa8f7b1563,Woolworths Supermarket,Freezer,Pampas Puff Pastry 6 Sheets 1kg,096492,$5.50,$0.55 / 100G,https://www.woolworths.com.au/shop/productdetails/96492/pampas-puff-pastry-6-sheets,https://cdn0.woolworths.media/content/wowproductimages/medium/096492.jpg,2020-09-21 16:53:59,Average product rating out of 5: 4.7. Product score is based on 40 ratings,40,,True
93f170cd-2883-4118-9ed0-c5d37cd20d2e,Woolworths Supermarket,Freezer,Sara Lee Butter Chocolate Cake 350g,096530,,,https://www.woolworths.com.au/shop/productdetails/96530/sara-lee-butter-chocolate-cake,https://cdn0.woolworths.media/content/wowproductimages/medium/096530.jpg,2020-09-21 16:53:59,Average product rating out of 5: 4.5. Product score is based on 22 ratings,22,,False
c54f49cc-bbb6-41e8-9854-52683fd6681a,Woolworths Supermarket,Freezer,Nanna's Family Pies & Desserts Apple Pie 600g,096610,$4.00,$0.67 / 100G,https://www.woolworths.com.au/shop/productdetails/96610/nanna-s-family-pies-desserts-apple-pie,https://cdn0.woolworths.media/content/wowproductimages/medium/096610.jpg,2020-09-21 16:53:59,Average product rating out of 5: 4.8. Product score is based on 12 ratings,12,Was $5.69 24/10/16,True
beb739e5-b8c3-43ad-b48b-dad4f91ed9f9,Woolworths Supermarket,Freezer,Essentials Frozen Straight Cut Potato Chips 1kg,096698,$1.89,$1.89 / 1KG,https://www.woolworths.com.au/shop/productdetails/96698/essentials-frozen-straight-cut-potato-chips,https://cdn0.woolworths.media/content/wowproductimages/medium/096698.jpg,2020-09-21 16:53:59,Average product rating out of 5: 4.1. Product score is based on 560 ratings,560,,True
c5816cd0-a79b-4db1-b999-e17f1500a849,Woolworths Supermarket,Freezer,Sara Lee Carrot Cake 400g,096708,$6.25,$1.56 / 100G,https://www.woolworths.com.au/shop/productdetails/96708/sara-lee-carrot-cake,https://cdn0.woolworths.media/content/wowproductimages/medium/096708.jpg,2020-09-21 16:53:59,Average product rating out of 5: 4.9. Product score is based on 38 ratings,38,,True
bea0d20d-9401-49c1-9528-6045b1b5e992,Woolworths Supermarket,Freezer,Essentials Fish Fingers 1kg,096775,$5.40,$5.40 / 1KG,https://www.woolworths.com.au/shop/productdetails/96775/essentials-fish-fingers,https://cdn0.woolworths.media/content/wowproductimages/medium/096775.jpg,2020-09-21 16:53:59,Average product rating out of 5: 3.8. Product score is based on 34 ratings,34,,True
6d85be1c-0539-4a09-a53b-c49a2d1b8f80,Woolworths Supermarket,Freezer,Mccain Spaghetti Bolognese 400g,096821,$3.50,$0.88 / 100G,https://www.woolworths.com.au/shop/productdetails/96821/mccain-spaghetti-bolognese,https://cdn0.woolworths.media/content/wowproductimages/medium/096821.jpg,2020-09-21 16:53:59,Average product rating out of 5: 4.3. Product score is based on 22 ratings,22,,True
cdd3ef7a-8cee-4581-8ebd-d56f92cd82a4,Woolworths Supermarket,Freezer,Mccain Lasagne 400g,096822,$3.50,$0.88 / 100G,https://www.woolworths.com.au/shop/productdetails/96822/mccain-lasagne,https://cdn0.woolworths.media/content/wowproductimages/medium/096822.jpg,2020-09-21 16:53:59,Average product rating out of 5: 4.0. Product score is based on 30 ratings,30,,True
c17f0d70-06d3-4c1e-a912-ac773b33fea7,Woolworths Supermarket,Freezer,Essentials Frozen Cut Green Beans 1kg,096844,$1.99,$1.99 / 1KG,https://www.woolworths.com.au/shop/productdetails/96844/essentials-frozen-cut-green-beans,https://cdn0.woolworths.media/content/wowproductimages/medium/096844.jpg,2020-09-21 16:53:59,Average product rating out of 5: 4.5. Product score is based on 44 ratings,44,,True
cc66ceeb-7de2-41f9-a19a-5cf0c9a07e28,Woolworths Supermarket,Freezer,Mccain Family Pizza Sausage Sizzle 500g,098097,$5.50,$1.10 / 100G,https://www.woolworths.com.au/shop/productdetails/98097/mccain-family-pizza-sausage-sizzle,https://cdn0.woolworths.media/content/wowproductimages/medium/098097.jpg,2020-09-21 16:53:59,,0,,True
89406e6e-79a9-4788-9619-6a2029ecfc1b,Woolworths Supermarket,Freezer,The Gluten Free Meal Co Comforting Cottage Pie 400g,099439,$6.50,$1.63 / 100G,https://www.woolworths.com.au/shop/productdetails/99439/the-gluten-free-meal-co-comforting-cottage-pie,https://cdn0.woolworths.media/content/wowproductimages/medium/099439.jpg,2020-09-21 16:53:59,,0,,True
0ae4ae96-35f7-4943-a4e0-e54d9bcba282,Woolworths Supermarket,Freezer,Tutto Pasta Gluten Free & Vegan Vegetarian Lasagna 300g,100920,$6.40,$2.13 / 100G,https://www.woolworths.com.au/shop/productdetails/100920/tutto-pasta-gluten-free-vegan-vegetarian-lasagna,https://cdn0.woolworths.media/content/wowproductimages/medium/100920.jpg,2020-09-21 16:53:59,,0,,True
9f319cb7-083f-4156-bc9e-b1e55e2d5cd6,Woolworths Supermarket,Freezer,Tutto Pasta Fettuccini With Bolognese & Lentil Sauce 300g,101034,$6.40,$2.13 / 100G,https://www.woolworths.com.au/shop/productdetails/101034/tutto-pasta-fettuccini-with-bolognese-lentil-sauce,https://cdn0.woolworths.media/content/wowproductimages/medium/101034.jpg,2020-09-21 16:53:59,,0,,True
d0b42667-7b96-4796-9909-8cfbf2c22931,Woolworths Supermarket,Freezer,Papa Giuseppi's Deep Pan Bakehouse Crust Hawaiian 392g,101520,$7.50,$1.91 / 100G,https://www.woolworths.com.au/shop/productdetails/101520/papa-giuseppi-s-deep-pan-bakehouse-crust-hawaiian,https://cdn0.woolworths.media/content/wowproductimages/medium/101520.jpg,2020-09-21 16:53:59,,0,,True
05708e7d-0319-4d08-af8d-b3a99f80f5ec,Woolworths Supermarket,Freezer,Jase's Kitchen Gluten Free Spinach & Ricotta Rolls 2 pack,101599,$6.50,$2.50 / 100G,https://www.woolworths.com.au/shop/productdetails/101599/jase-s-kitchen-gluten-free-spinach-ricotta-rolls,https://cdn0.woolworths.media/content/wowproductimages/medium/101599.jpg,2020-09-21 16:53:59,,0,,True
b0fe24f2-d05c-4c7e-a700-6c333e8e53f7,Woolworths Supermarket,Freezer,Papa Giuseppi's Deep Pan Bakehouse Crust Bbq Meatlovers 392g,102346,$7.50,$1.91 / 100G,https://www.woolworths.com.au/shop/productdetails/102346/papa-giuseppi-s-deep-pan-bakehouse-crust-bbq-meatlovers,https://cdn0.woolworths.media/content/wowproductimages/medium/102346.jpg,2020-09-21 16:53:59,,0,,True
006d05c1-eb21-486b-bfd1-a805daa9d908,Woolworths Supermarket,Freezer,Earth Porkless Spring Rolls 250g,102879,$7.00,$2.80 / 100G,https://www.woolworths.com.au/shop/productdetails/102879/earth-porkless-spring-rolls,https://cdn0.woolworths.media/content/wowproductimages/medium/102879.jpg,2020-09-21 16:53:59,,0,,True
20b14016-5a20-452e-b937-916d22a8091a,Woolworths Supermarket,Freezer,Jase's Kitchen Gluten Free Sausage Rolls 2 pack,103775,$6.50,$2.50 / 100G,https://www.woolworths.com.au/shop/productdetails/103775/jase-s-kitchen-gluten-free-sausage-rolls,https://cdn0.woolworths.media/content/wowproductimages/medium/103775.jpg,2020-09-21 16:53:59,Average product rating out of 5: 4.0. Product score is based on 1 ratings,1,,True
82b383fb-9d7a-4336-9bf0-b83651e1efa1,Woolworths Supermarket,Freezer,The Why Meat Co Gluten Free Plant Based Sausage Rolls 40g x8 pack,103786,$9.40,$2.94 / 100G,https://www.woolworths.com.au/shop/productdetails/103786/the-why-meat-co-gluten-free-plant-based-sausage-rolls,https://cdn0.woolworths.media/content/wowproductimages/medium/103786.jpg,2020-09-21 16:53:59,,0,,True
e7c9782f-c7a0-4d8a-b08e-7515cd8868a2,Woolworths Supermarket,Freezer,Street Foodie Corn Fritters 300g,104328,$5.25,$1.75 / 100G,https://www.woolworths.com.au/shop/productdetails/104328/street-foodie-corn-fritters,https://cdn0.woolworths.media/content/wowproductimages/medium/104328.jpg,2020-09-21 16:53:59,,0,,True
95b11dbc-9491-4705-ade3-c06c40173744,Woolworths Supermarket,Freezer,Street Foodie Japanese Pancake 300g,104349,$5.25,$1.75 / 100G,https://www.woolworths.com.au/shop/productdetails/104349/street-foodie-japanese-pancake,https://cdn0.woolworths.media/content/wowproductimages/medium/104349.jpg,2020-09-21 16:53:59,,0,,True
e33c1bd8-21d1-4e59-af1a-afcf84a5f6bd,Woolworths Supermarket,Freezer,The Why Meat Co Plant Based Sausage Rolls 10 pack,104399,$9.40,$2.35 / 100G,https://www.woolworths.com.au/shop/productdetails/104399/the-why-meat-co-plant-based-sausage-rolls,https://cdn0.woolworths.media/content/wowproductimages/medium/104399.jpg,2020-09-21 16:53:59,,0,,True
83566d59-665e-4ae4-a4b2-26289b659cd9,Woolworths Supermarket,Freezer,Earth Chickenless Crumbed Bites 250g,104425,$7.00,$2.80 / 100G,https://www.woolworths.com.au/shop/productdetails/104425/earth-chickenless-crumbed-bites,https://cdn0.woolworths.media/content/wowproductimages/medium/104425.jpg,2020-09-21 16:53:59,,0,,True
154ab5ae-8259-4ec6-8a0d-1a13c721d828,Woolworths Supermarket,Freezer,Earth Chickenless Money Bags 250g,104426,$7.00,$2.80 / 100G,https://www.woolworths.com.au/shop/productdetails/104426/earth-chickenless-money-bags,https://cdn0.woolworths.media/content/wowproductimages/medium/104426.jpg,2020-09-21 16:53:59,,0,,True
ed5e3018-c511-4ec0-9dd4-98f2eb5e9ae5,Woolworths Supermarket,Freezer,Earth Chickenless Cheese Balls 250g,104439,$7.00,$2.80 / 100G,https://www.woolworths.com.au/shop/productdetails/104439/earth-chickenless-cheese-balls,https://cdn0.woolworths.media/content/wowproductimages/medium/104439.jpg,2020-09-21 16:53:59,,0,,True
cd9054b0-1823-4c77-b44f-003dd6f6192e,Woolworths Supermarket,Freezer,Street Foodie Salt & Pepper Tofu 300g,104674,$5.25,$1.75 / 100G,https://www.woolworths.com.au/shop/productdetails/104674/street-foodie-salt-pepper-tofu,https://cdn0.woolworths.media/content/wowproductimages/medium/104674.jpg,2020-09-21 16:53:59,,0,,True
02ead007-9122-4cc6-a7da-fe75b5cba90e,Woolworths Supermarket,Freezer,Street Foodie Cauliflower Popcorn 300g,104774,$5.25,$1.75 / 100G,https://www.woolworths.com.au/shop/productdetails/104774/street-foodie-cauliflower-popcorn,https://cdn0.woolworths.media/content/wowproductimages/medium/104774.jpg,2020-09-21 16:53:59,,0,,True
e37a8b2f-9b01-4c77-b693-de90d36cf2dc,Woolworths Supermarket,Freezer,Earth Beefless Curry Puffs 250g,105142,$7.00,$2.80 / 100G,https://www.woolworths.com.au/shop/productdetails/105142/earth-beefless-curry-puffs,https://cdn0.woolworths.media/content/wowproductimages/medium/105142.jpg,2020-09-21 16:53:59,,0,,True
e98d3aad-5916-4b65-b45e-4e98d2505c71,Woolworths Supermarket,Freezer,Golden Wok Tandoori Chicken Dumplings 230g,105356,$7.50,$3.26 / 100G,https://www.woolworths.com.au/shop/productdetails/105356/golden-wok-tandoori-chicken-dumplings,https://cdn0.woolworths.media/content/wowproductimages/medium/105356.jpg,2020-09-21 16:53:59,,0,,True
6fceef63-1b29-44fe-a7f0-65d8b6063682,Woolworths Supermarket,Freezer,Peters Maxibon Dare Iced Coffee Ice Cream Sandwich 4 pack,105823,$8.40,$1.35 / 100ML,https://www.woolworths.com.au/shop/productdetails/105823/peters-maxibon-dare-iced-coffee-ice-cream-sandwich,https://cdn0.woolworths.media/content/wowproductimages/medium/105823.jpg,2020-09-21 16:53:59,,0,,True
15cf7c20-a6c2-4b91-90af-0010a9e91e11,Woolworths Supermarket,Freezer,Mr Chen's Chicken & Chive Dumplings 550g,106276,$8.00,$1.45 / 100G,https://www.woolworths.com.au/shop/productdetails/106276/mr-chen-s-chicken-chive-dumplings,https://cdn0.woolworths.media/content/wowproductimages/medium/106276.jpg,2020-09-21 16:53:59,,0,,True
2c439fd6-48c9-4881-bf13-525619cd1699,Woolworths Supermarket,Freezer,Streets Paddle Pop Banana 8 pack,106304,$7.00,$1.29 / 100ML,https://www.woolworths.com.au/shop/productdetails/106304/streets-paddle-pop-banana,https://cdn0.woolworths.media/content/wowproductimages/medium/106304.jpg,2020-09-21 16:53:59,,0,,True
ed44502d-019d-4159-984a-55470c452297,Woolworths Supermarket,Freezer,Streets Magnum Luxe Ruby & Raspberry 4 pack,106305,$10.50,$2.92 / 100ML,https://www.woolworths.com.au/shop/productdetails/106305/streets-magnum-luxe-ruby-raspberry,https://cdn0.woolworths.media/content/wowproductimages/medium/106305.jpg,2020-09-21 16:53:59,,0,,True
058cd857-1c80-430e-9346-e79f2546feb2,Woolworths Supermarket,Freezer,Mr Chen's Chicken & Lemon Grass Dumplings 300g,106330,$7.50,$2.50 / 100G,https://www.woolworths.com.au/shop/productdetails/106330/mr-chen-s-chicken-lemon-grass-dumplings,https://cdn0.woolworths.media/content/wowproductimages/medium/106330.jpg,2020-09-21 16:53:59,,0,,True
d3126702-497d-49dc-8239-d1cf813c8059,Woolworths Supermarket,Freezer,Mrs Macs Microwave Beef & Cheese Pie 175g,106471,$2.50,$1.43 / 100G,https://www.woolworths.com.au/shop/productdetails/106471/mrs-macs-microwave-beef-cheese-pie,https://cdn0.woolworths.media/content/wowproductimages/medium/106471.jpg,2020-09-21 16:53:59,,0,,True
6177a65b-b646-4e3b-814d-edefd32919cd,Woolworths Supermarket,Freezer,Mr Chen's Pork & Chive Dumplings 550g,106480,$8.00,$1.45 / 100G,https://www.woolworths.com.au/shop/productdetails/106480/mr-chen-s-pork-chive-dumplings,https://cdn0.woolworths.media/content/wowproductimages/medium/106480.jpg,2020-09-21 16:53:59,,0,,True
424d0e68-22dc-4006-92ff-54cd66f57ce2,Woolworths Supermarket,Freezer,Streets Magnum Luxe Raspberry Pannacotta 4 pack,106486,$10.50,$2.92 / 100ML,https://www.woolworths.com.au/shop/productdetails/106486/streets-magnum-luxe-raspberry-pannacotta,https://cdn0.woolworths.media/content/wowproductimages/medium/106486.jpg,2020-09-21 16:53:59,,0,,True
d3b3fd24-0925-46f1-bc39-f0c05e8ec8ef,Woolworths Supermarket,Freezer,Streets Magnum Luxe Ruby & Blood Orange 4 pack,106504,$10.50,$2.92 / 100ML,https://www.woolworths.com.au/shop/productdetails/106504/streets-magnum-luxe-ruby-blood-orange,https://cdn0.woolworths.media/content/wowproductimages/medium/106504.jpg,2020-09-21 16:53:59,,0,,True
099e5c19-2e58-4cb9-b664-c5b2b93c0777,Woolworths Supermarket,Freezer,Ben & Jerry's Boots On The Mooo'n Ice Cream Tub 458ml,106515,$12.00,$2.62 / 100ML,https://www.woolworths.com.au/shop/productdetails/106515/ben-jerry-s-boots-on-the-mooo-n-ice-cream-tub,https://cdn0.woolworths.media/content/wowproductimages/medium/106515.jpg,2020-09-21 16:53:59,,0,,True
01a79250-2711-46a6-9cb1-d9443401944a,Woolworths Supermarket,Freezer,Streets Paddle Pop Rainbow Tub 1l,106524,$8.00,$0.80 / 100ML,https://www.woolworths.com.au/shop/productdetails/106524/streets-paddle-pop-rainbow-tub,https://cdn0.woolworths.media/content/wowproductimages/medium/106524.jpg,2020-09-21 16:53:59,,0,,True
52c24f94-87ce-44cd-b366-00f6c1eb73ae,Woolworths Supermarket,Freezer,Streets Bubble O' Bill Tub 1l,106532,$8.00,$0.80 / 100ML,https://www.woolworths.com.au/shop/productdetails/106532/streets-bubble-o-bill-tub,https://cdn0.woolworths.media/content/wowproductimages/medium/106532.jpg,2020-09-21 16:53:59,,0,,True
7c8e7be5-e624-4f11-a19c-401215cac0da,Woolworths Supermarket,Freezer,Mrs Macs Microwave Beef Pie 175g,106533,$2.50,$1.43 / 100G,https://www.woolworths.com.au/shop/productdetails/106533/mrs-macs-microwave-beef-pie,https://cdn0.woolworths.media/content/wowproductimages/medium/106533.jpg,2020-09-21 16:53:59,,0,,True
4ea8f23f-e28e-4f46-bbd3-4d6c91932ae6,Woolworths Supermarket,Freezer,Mr Chen's Ginger Prawn Dumplings 450g,106540,$8.00,$1.78 / 100G,https://www.woolworths.com.au/shop/productdetails/106540/mr-chen-s-ginger-prawn-dumplings,https://cdn0.woolworths.media/content/wowproductimages/medium/106540.jpg,2020-09-21 16:53:59,,0,,True
a73b8f0a-9938-42ff-808a-fac99943eadf,Woolworths Supermarket,Freezer,M&m's Ice Cream Cones Caramel 4 pack,106550,$8.00,$1.56 / 100ML,https://www.woolworths.com.au/shop/productdetails/106550/m-m-s-ice-cream-cones-caramel,https://cdn0.woolworths.media/content/wowproductimages/medium/106550.jpg,2020-09-21 16:53:59,,0,,True
7315dbed-4275-4c2c-9059-a86f9c13f6d3,Woolworths Supermarket,Freezer,Streets Magnum Luxe Caramel Hazelnut Truffle 4 pack,106554,$10.50,$2.92 / 100ML,https://www.woolworths.com.au/shop/productdetails/106554/streets-magnum-luxe-caramel-hazelnut-truffle,https://cdn0.woolworths.media/content/wowproductimages/medium/106554.jpg,2020-09-21 16:53:59,,0,,True
e7d94a25-a721-4e41-9577-4d0d0e132089,Woolworths Supermarket,Freezer,Mr Chen's Beef Teriyaki Dumplings 300g,106570,$7.50,$2.50 / 100G,https://www.woolworths.com.au/shop/productdetails/106570/mr-chen-s-beef-teriyaki-dumplings,https://cdn0.woolworths.media/content/wowproductimages/medium/106570.jpg,2020-09-21 16:53:59,,0,,True
450bc8bb-4c5c-41c4-9f4c-e889f64f7c72,Woolworths Supermarket,Freezer,Mr Chen's Pork & Chive Dumplings 1kg,106586,$16.00,$1.60 / 100G,https://www.woolworths.com.au/shop/productdetails/106586/mr-chen-s-pork-chive-dumplings,https://cdn0.woolworths.media/content/wowproductimages/medium/106586.jpg,2020-09-21 16:53:59,,0,,True
df82c0ae-fab5-4a77-b0ce-ff3dfb1f0c73,Woolworths Supermarket,Freezer,Streets Magnum Luxe Gooey Chocolate & Cookies 4 pack,106594,$10.50,$2.82 / 100ML,https://www.woolworths.com.au/shop/productdetails/106594/streets-magnum-luxe-gooey-chocolate-cookies,https://cdn0.woolworths.media/content/wowproductimages/medium/106594.jpg,2020-09-21 16:53:59,,0,,True
19ed76d7-b599-4289-882d-b874b51317ee,Woolworths Supermarket,Freezer,Mr Chen's Bbq Pork Buns 275g,106601,$7.50,$2.73 / 100G,https://www.woolworths.com.au/shop/productdetails/106601/mr-chen-s-bbq-pork-buns,https://cdn0.woolworths.media/content/wowproductimages/medium/106601.jpg,2020-09-21 16:53:59,,0,,True
13db8f96-1dd0-4ea9-962d-fa0d28d67d9c,Woolworths Supermarket,Freezer,Streets Paddle Pop Chocolate 8 pack,107082,$7.00,$1.29 / 100ML,https://www.woolworths.com.au/shop/productdetails/107082/streets-paddle-pop-chocolate,https://cdn0.woolworths.media/content/wowproductimages/medium/107082.jpg,2020-09-21 16:53:59,,0,,True
d20af6ee-3ad8-4ba8-9437-ccd425c9c52d,Woolworths Supermarket,Freezer,Snickers Crisper Ice Bar 6 pack,107328,$8.50,$3.62 / 100ML,https://www.woolworths.com.au/shop/productdetails/107328/snickers-crisper-ice-bar,https://cdn0.woolworths.media/content/wowproductimages/medium/107328.jpg,2020-09-21 16:53:59,,0,,True
272d84d6-35eb-4cf4-b640-44de9effd798,Woolworths Supermarket,Freezer,Streets Paddle Pop Strawberry Milkshake 8 pack,107539,$7.00,$1.29 / 100ML,https://www.woolworths.com.au/shop/productdetails/107539/streets-paddle-pop-strawberry-milkshake,https://cdn0.woolworths.media/content/wowproductimages/medium/107539.jpg,2020-09-21 16:53:59,,0,,True
a626ae05-553c-48bb-bf30-7cf4a10169ad,Woolworths Supermarket,Freezer,Mr Chen's Shanghai Soup Dumplins 240g,107630,$7.50,$3.13 / 100G,https://www.woolworths.com.au/shop/productdetails/107630/mr-chen-s-shanghai-soup-dumplins,https://cdn0.woolworths.media/content/wowproductimages/medium/107630.jpg,2020-09-21 16:53:59,,0,,True
90d76529-41f3-4ec1-b2f7-e8e3eed51222,Woolworths Supermarket,Freezer,Heavenly Banquet Pork Soup Filled Dumpling 500g,107870,$15.00,$3.00 / 100G,https://www.woolworths.com.au/shop/productdetails/107870/heavenly-banquet-pork-soup-filled-dumpling,https://cdn0.woolworths.media/content/wowproductimages/medium/107870.jpg,2020-09-21 16:53:59,,0,,True
b2163fb1-ca93-434f-aca5-ebef59933cb2,Woolworths Supermarket,Freezer,I&j Fish Fillets Original Crumb 550g,108601,$7.50,$13.64 / 1KG,https://www.woolworths.com.au/shop/productdetails/108601/i-j-fish-fillets-original-crumb,https://cdn0.woolworths.media/content/wowproductimages/medium/108601.jpg,2020-09-21 16:53:59,,0,,True
cd791a8d-1bf9-4f1e-9cba-679fd602849f,Woolworths Supermarket,Freezer,I&j Fish Fillets Lemon Crumb 1kg,109742,$11.00,$11.00 / 1KG,https://www.woolworths.com.au/shop/productdetails/109742/i-j-fish-fillets-lemon-crumb,https://cdn0.woolworths.media/content/wowproductimages/medium/109742.jpg,2020-09-21 16:53:59,,0,,True
9980b49d-e346-4276-b778-64d25ac687a3,Woolworths Supermarket,Freezer,I&j Fish Fillets Original Crumb 1kg,110895,$10.09,$10.09 / 1KG,https://www.woolworths.com.au/shop/productdetails/110895/i-j-fish-fillets-original-crumb,https://cdn0.woolworths.media/content/wowproductimages/medium/110895.jpg,2020-09-21 16:53:59,,0,,True
8afbf4ba-ab72-4261-be6f-c7d4e579d0f3,Woolworths Supermarket,Freezer,Birds Eye Deli Flathead Fish Bites Crisp Light Batter 250g,111368,$9.00,$36.00 / 1KG,https://www.woolworths.com.au/shop/productdetails/111368/birds-eye-deli-flathead-fish-bites-crisp-light-batter,https://cdn0.woolworths.media/content/wowproductimages/medium/111368.jpg,2020-09-21 16:53:59,,0,,True
cac9d9be-0c37-4d48-9b5b-199789a8511c,Woolworths Supermarket,Freezer,Mccain Pizza Slice Cheese & Bacon 600g,112352,$7.50,$1.25 / 100G,https://www.woolworths.com.au/shop/productdetails/112352/mccain-pizza-slice-cheese-bacon,https://cdn0.woolworths.media/content/wowproductimages/medium/112352.jpg,2020-09-21 16:53:59,Average product rating out of 5: 4.5. Product score is based on 41 ratings,41,,True
60d76752-f716-4b6c-8c66-aed984d16197,Woolworths Supermarket,Freezer,Mccain Pizza Slice Meatlovers 600g,112492,$7.50,$1.25 / 100G,https://www.woolworths.com.au/shop/productdetails/112492/mccain-pizza-slice-meatlovers,https://cdn0.woolworths.media/content/wowproductimages/medium/112492.jpg,2020-09-21 16:53:59,Average product rating out of 5: 4.3. Product score is based on 22 ratings,22,,True
af944fd9-9067-40c3-b901-f25fd1bbfae1,Woolworths Supermarket,Freezer,Birds Eye Golden Crunch Straight Cut Chips 1kg,113921,$4.30,$4.30 / 1KG,https://www.woolworths.com.au/shop/productdetails/113921/birds-eye-golden-crunch-straight-cut-chips,https://cdn0.woolworths.media/content/wowproductimages/medium/113921.jpg,2020-09-21 16:53:59,Average product rating out of 5: 4.7. Product score is based on 90 ratings,90,,True
d1707660-a1e7-466a-89e7-d160ff5dd663,Woolworths Supermarket,Freezer,"Bulla Choc Bars Malt, Peppermint & Vanilla 10 pack",115996,$7.00,$0.91 / 100ML,https://www.woolworths.com.au/shop/productdetails/115996/bulla-choc-bars-malt-peppermint-vanilla,https://cdn0.woolworths.media/content/wowproductimages/medium/115996.jpg,2020-09-21 16:53:59,Average product rating out of 5: 4.7. Product score is based on 31 ratings,31,,True
3910d32a-0040-49a2-9c58-3bb0cc0140b5,Woolworths Supermarket,Freezer,Birds Eye Golden Crunch Crinkle Cut Chips 1kg,139322,$4.30,$4.30 / 1KG,https://www.woolworths.com.au/shop/productdetails/139322/birds-eye-golden-crunch-crinkle-cut-chips,https://cdn0.woolworths.media/content/wowproductimages/medium/139322.jpg,2020-09-21 16:53:59,Average product rating out of 5: 4.5. Product score is based on 66 ratings,66,,True
f86f9b9d-77cd-473f-9afd-df370ddab9d0,Woolworths Supermarket,Freezer,Mccain Pizza Pocket Cheese & Bacon 4 pack,139610,$7.50,$1.88 / 100G,https://www.woolworths.com.au/shop/productdetails/139610/mccain-pizza-pocket-cheese-bacon,https://cdn0.woolworths.media/content/wowproductimages/medium/139610.jpg,2020-09-21 16:53:59,Average product rating out of 5: 4.4. Product score is based on 40 ratings,40,,True
a023e666-2221-4145-86fc-6af9285e77aa,Woolworths Supermarket,Freezer,Asp Scottish Kippers 335g,140267,$6.80,$20.30 / 1KG,https://www.woolworths.com.au/shop/productdetails/140267/asp-scottish-kippers,https://cdn0.woolworths.media/content/wowproductimages/medium/140267.jpg,2020-09-21 16:53:59,,0,,True
32b8d147-08b5-4f31-9d91-edb6403df940,Woolworths Supermarket,Freezer,"Bulla Splits Multipack Raspberry, Mango & Lemon Lime 10 pack",140646,$5.00,$0.67 / 100ML,https://www.woolworths.com.au/shop/productdetails/140646/bulla-splits-multipack-raspberry-mango-lemon-lime,https://cdn0.woolworths.media/content/wowproductimages/medium/140646.jpg,2020-09-21 16:53:59,Average product rating out of 5: 4.9. Product score is based on 51 ratings,51,,True
888aa52b-05fd-4a2b-9bf5-c9aa00f98c08,Woolworths Supermarket,Freezer,Mccain Dinner Lamb Cutlet & Gravy 320g,146418,$4.80,$1.50 / 100G,https://www.woolworths.com.au/shop/productdetails/146418/mccain-dinner-lamb-cutlet-gravy,https://cdn0.woolworths.media/content/wowproductimages/medium/146418.jpg,2020-09-21 16:53:59,Average product rating out of 5: 3.9. Product score is based on 17 ratings,17,,True
6c235570-d7db-4086-a093-b1bbbcd9193e,Woolworths Supermarket,Freezer,Patties Party Pack Mini Pies & Sausage Rolls 1kg,147700,$10.00,$1.00 / 100G,https://www.woolworths.com.au/shop/productdetails/147700/patties-party-pack-mini-pies-sausage-rolls,https://cdn0.woolworths.media/content/wowproductimages/medium/147700.jpg,2020-09-21 16:53:59,Average product rating out of 5: 4.3. Product score is based on 85 ratings,85,,True
039c4d27-419c-492c-9822-de978193342e,Woolworths Supermarket,Freezer,Magnum Mini Ice Cream Almond 6 pack,153673,$4.50,$1.25 / 100ML,https://www.woolworths.com.au/shop/productdetails/153673/magnum-mini-ice-cream-almond,https://cdn0.woolworths.media/content/wowproductimages/medium/153673.jpg,2020-09-21 16:53:59,Average product rating out of 5: 4.8. Product score is based on 43 ratings,43,,True
4be68ce1-9cf8-45bc-a84e-df0a0951a3aa,Woolworths Supermarket,Freezer,Magnum Mini Ice Cream Classic 6 pack,153676,$4.50,$1.25 / 100ML,https://www.woolworths.com.au/shop/productdetails/153676/magnum-mini-ice-cream-classic,https://cdn0.woolworths.media/content/wowproductimages/medium/153676.jpg,2020-09-21 16:53:59,Average product rating out of 5: 4.6. Product score is based on 40 ratings,40,,True
357836e0-0115-4c95-9d5a-78d96c231e2a,Woolworths Supermarket,Freezer,Peters Drumstick Caramel 4 pack,158311,$8.40,$1.77 / 100ML,https://www.woolworths.com.au/shop/productdetails/158311/peters-drumstick-caramel,https://cdn0.woolworths.media/content/wowproductimages/medium/158311.jpg,2020-09-21 16:53:59,Average product rating out of 5: 4.8. Product score is based on 15 ratings,15,,True
d5350f9d-153d-4ed9-afdd-6d71b5916077,Woolworths Supermarket,Freezer,Streets Golden Gaytime Ice Cream Original 4 pack,169430,$8.50,$2.13 / 100ML,https://www.woolworths.com.au/shop/productdetails/169430/streets-golden-gaytime-ice-cream-original,https://cdn0.woolworths.media/content/wowproductimages/medium/169430.jpg,2020-09-21 16:53:59,Average product rating out of 5: 4.8. Product score is based on 60 ratings,60,,True
d752a26d-115a-4368-94bd-316968418b50,Woolworths Supermarket,Freezer,Mccain Pizza Margherita 500g,173140,$5.50,$1.10 / 100G,https://www.woolworths.com.au/shop/productdetails/173140/mccain-pizza-margherita,https://cdn0.woolworths.media/content/wowproductimages/medium/173140.jpg,2020-09-21 16:53:59,Average product rating out of 5: 4.4. Product score is based on 42 ratings,42,,True
7cf4fdcf-3b4a-4f25-9667-04003413c1d7,Woolworths Supermarket,Freezer,Bulla Splits Ice Cream Wildberry Orange Tropical 10 pack,178943,$5.00,$0.67 / 100ML,https://www.woolworths.com.au/shop/productdetails/178943/bulla-splits-ice-cream-wildberry-orange-tropical,https://cdn0.woolworths.media/content/wowproductimages/medium/178943.jpg,2020-09-21 16:53:59,Average product rating out of 5: 4.8. Product score is based on 33 ratings,33,,True
c88a35dc-704d-4634-b607-215bf06aa2ed,Woolworths Supermarket,Freezer,"Bulla Crunch Caramel, Strawberry & Honeycomb 8 pack",178946,$7.00,$1.11 / 100ML,https://www.woolworths.com.au/shop/productdetails/178946/bulla-crunch-caramel-strawberry-honeycomb,https://cdn0.woolworths.media/content/wowproductimages/medium/178946.jpg,2020-09-21 16:53:59,Average product rating out of 5: 4.7. Product score is based on 55 ratings,55,,True
9d800e3a-affd-4929-972e-0d8db085e270,Woolworths Supermarket,Freezer,Weis Ice Cream Passionfruit Banana Pineapple 4 pack,178950,$7.50,$2.68 / 100ML,https://www.woolworths.com.au/shop/productdetails/178950/weis-ice-cream-passionfruit-banana-pineapple,https://cdn0.woolworths.media/content/wowproductimages/medium/178950.jpg,2020-09-21 16:53:59,Average product rating out of 5: 4.8. Product score is based on 26 ratings,26,,True
7465c7fd-093f-4572-9659-068abad67c43,Woolworths Supermarket,Freezer,Weis Ice Cream Mango & Cream 4 pack,178953,$7.50,$2.68 / 100ML,https://www.woolworths.com.au/shop/productdetails/178953/weis-ice-cream-mango-cream,https://cdn0.woolworths.media/content/wowproductimages/medium/178953.jpg,2020-09-21 16:53:59,Average product rating out of 5: 5.0. Product score is based on 27 ratings,27,,True
686dcac2-20d9-4441-bb05-b0fe55e2f53e,Woolworths Supermarket,Freezer,Weis Ice Cream Mini Mango & Cream 8 pack,178959,$7.50,$2.68 / 100ML,https://www.woolworths.com.au/shop/productdetails/178959/weis-ice-cream-mini-mango-cream,https://cdn0.woolworths.media/content/wowproductimages/medium/178959.jpg,2020-09-21 16:53:59,Average product rating out of 5: 4.6. Product score is based on 34 ratings,34,,True
6eacffc1-3939-4dad-8aff-a694af909433,Woolworths Supermarket,Freezer,Peters Drumstick Ice Cream Boysenberry Swirl 4 pack,179039,$8.40,$1.77 / 100ML,https://www.woolworths.com.au/shop/productdetails/179039/peters-drumstick-ice-cream-boysenberry-swirl,https://cdn0.woolworths.media/content/wowproductimages/medium/179039.jpg,2020-09-21 16:53:59,Average product rating out of 5: 5.0. Product score is based on 26 ratings,26,,True
cb07a69e-2db4-458c-a8f5-2649334a9a69,Woolworths Supermarket,Freezer,Pampas Puff Pastry Reduced Fat 1kg,186550,$5.50,$0.55 / 100G,https://www.woolworths.com.au/shop/productdetails/186550/pampas-puff-pastry-reduced-fat,https://cdn0.woolworths.media/content/wowproductimages/medium/186550.jpg,2020-09-21 16:53:59,Average product rating out of 5: 4.1. Product score is based on 18 ratings,18,,True
c9f03acd-7880-4041-92fd-1441022f8029,Woolworths Supermarket,Freezer,Bulla Creamy Classics Ice Cream Vanilla 2l tub,191043,$8.50,$0.43 / 100ML,https://www.woolworths.com.au/shop/productdetails/191043/bulla-creamy-classics-ice-cream-vanilla,https://cdn0.woolworths.media/content/wowproductimages/medium/191043.jpg,2020-09-21 16:53:59,Average product rating out of 5: 4.8. Product score is based on 165 ratings,165,,True
643b2f4f-9870-43bb-9c48-8ed61b19888e,Woolworths Supermarket,Freezer,Bulla Creamy Classics Ice Cream Cookies & Cream 2l tub,191046,$8.50,$0.43 / 100ML,https://www.woolworths.com.au/shop/productdetails/191046/bulla-creamy-classics-ice-cream-cookies-cream,https://cdn0.woolworths.media/content/wowproductimages/medium/191046.jpg,2020-09-21 16:53:59,Average product rating out of 5: 4.7. Product score is based on 71 ratings,71,,True
54c3716e-ff54-4bbb-bdec-75901903e4ea,Woolworths Supermarket,Freezer,Sargents Party Pack 36 pack,192350,$6.75,$0.56 / 100G,https://www.woolworths.com.au/shop/productdetails/192350/sargents-party-pack,https://cdn0.woolworths.media/content/wowproductimages/medium/192350.jpg,2020-09-21 16:53:59,Average product rating out of 5: 3.8. Product score is based on 69 ratings,69,,True
8479d2f4-d4ac-46ce-9b5e-e490361ed15f,Woolworths Supermarket,Freezer,Sargents Pies Chunky Beef Royale 4 pack,192361,$8.50,$1.21 / 100G,https://www.woolworths.com.au/shop/productdetails/192361/sargents-pies-chunky-beef-royale,https://cdn0.woolworths.media/content/wowproductimages/medium/192361.jpg,2020-09-21 16:53:59,Average product rating out of 5: 4.0. Product score is based on 39 ratings,39,,True
1a088723-ab44-4002-b06d-1373bf33eb75,Woolworths Supermarket,Freezer,Birds Eye Salmon Provencale Lemon Pepper 260g,193923,$10.00,$38.46 / 1KG,https://www.woolworths.com.au/shop/productdetails/193923/birds-eye-salmon-provencale-lemon-pepper,https://cdn0.woolworths.media/content/wowproductimages/medium/193923.jpg,2020-09-21 16:53:59,Average product rating out of 5: 4.6. Product score is based on 14 ratings,14,,True
aa5b756a-566c-4d6a-98c9-a55f6cff9955,Woolworths Supermarket,Freezer,Paddle Pop Water Ice Cyclone 8 pack,199982,$7.00,$1.02 / 100ML,https://www.woolworths.com.au/shop/productdetails/199982/paddle-pop-water-ice-cyclone,https://cdn0.woolworths.media/content/wowproductimages/medium/199982.jpg,2020-09-21 16:53:59,Average product rating out of 5: 4.7. Product score is based on 41 ratings,41,,True
6b5176cd-a519-490e-9267-35f8fbc16176,Woolworths Supermarket,Freezer,Temptation Bakeries Quiche Petite Lorraine Bacon & Cheese 300g,209215,$6.00,$2.00 / 100G,https://www.woolworths.com.au/shop/productdetails/209215/temptation-bakeries-quiche-petite-lorraine-bacon-cheese,https://cdn0.woolworths.media/content/wowproductimages/medium/209215.jpg,2020-09-21 16:53:59,Average product rating out of 5: 4.6. Product score is based on 19 ratings,19,,True
269a266a-6285-4de2-8682-9f963b1e9234,Woolworths Supermarket,Freezer,Heinz Steam Fresh Broccoli Carrot & Cauli 450g,211189,$3.30,$7.33 / 1KG,https://www.woolworths.com.au/shop/productdetails/211189/heinz-steam-fresh-broccoli-carrot-cauli,https://cdn0.woolworths.media/content/wowproductimages/medium/211189.jpg,2020-09-21 16:53:59,Average product rating out of 5: 4.6. Product score is based on 48 ratings,48,,True
9c2cabaa-7e4a-4211-8496-fbc863648912,Woolworths Supermarket,Freezer,Heinz Steam Fresh Carrot Corn & Broccoli 450g,211190,$3.30,$7.33 / 1KG,https://www.woolworths.com.au/shop/productdetails/211190/heinz-steam-fresh-carrot-corn-broccoli,https://cdn0.woolworths.media/content/wowproductimages/medium/211190.jpg,2020-09-21 16:53:59,Average product rating out of 5: 4.7. Product score is based on 64 ratings,64,,True
a3cefa21-3cf1-4e75-b485-17cd758347d7,Woolworths Supermarket,Freezer,Calippo Mini Water Ice Lemon Orange & Lime 10 pack,215441,$7.00,$1.22 / 100ML,https://www.woolworths.com.au/shop/productdetails/215441/calippo-mini-water-ice-lemon-orange-lime,https://cdn0.woolworths.media/content/wowproductimages/medium/215441.jpg,2020-09-21 16:53:59,Average product rating out of 5: 4.9. Product score is based on 14 ratings,14,,True
28bda65c-16c5-4598-a4b2-e6fc18f62819,Woolworths Supermarket,Freezer,Sara Lee Ice Cream Indulgence Rocky Road Overload 1l tub,215514,$9.00,$0.90 / 100ML,https://www.woolworths.com.au/shop/productdetails/215514/sara-lee-ice-cream-indulgence-rocky-road-overload,https://cdn0.woolworths.media/content/wowproductimages/medium/215514.jpg,2020-09-21 16:53:59,Average product rating out of 5: 4.8. Product score is based on 26 ratings,26,,True
f0fbc6a0-46b3-478b-be95-475e7022ac04,Woolworths Supermarket,Freezer,Marathon Puffy Dogs 600g,215516,$7.90,$1.32 / 100G,https://www.woolworths.com.au/shop/productdetails/215516/marathon-puffy-dogs,https://cdn0.woolworths.media/content/wowproductimages/medium/215516.jpg,2020-09-21 16:53:59,Average product rating out of 5: 4.3. Product score is based on 24 ratings,24,,True
191c80d6-93ba-4252-9e06-47ad3f94d841,Woolworths Supermarket,Freezer,Birds Eye Country Harvest Carrot Cauliflower & Broccoli 1kg,217969,$5.00,$5.00 / 1KG,https://www.woolworths.com.au/shop/productdetails/217969/birds-eye-country-harvest-carrot-cauliflower-broccoli,https://cdn0.woolworths.media/content/wowproductimages/medium/217969.jpg,2020-09-21 16:53:59,Average product rating out of 5: 4.4. Product score is based on 57 ratings,57,,True
2427f35e-2367-4940-a967-ac4ebf8422c2,Woolworths Supermarket,Freezer,Weis Ice Cream Macadamia With Mango & Cream 4 pack,224380,$7.50,$2.68 / 100ML,https://www.woolworths.com.au/shop/productdetails/224380/weis-ice-cream-macadamia-with-mango-cream,https://cdn0.woolworths.media/content/wowproductimages/medium/224380.jpg,2020-09-21 16:53:59,Average product rating out of 5: 4.8. Product score is based on 49 ratings,49,,True
62ad3484-181c-4615-b082-705f56b221dc,Woolworths Supermarket,Freezer,Gelativo Sorbet Passionfruit 1l tub,227460,$6.00,$0.60 / 100ML,https://www.woolworths.com.au/shop/productdetails/227460/gelativo-sorbet-passionfruit,https://cdn0.woolworths.media/content/wowproductimages/medium/227460.jpg,2020-09-21 16:53:59,Average product rating out of 5: 4.9. Product score is based on 15 ratings,15,Was $7.99 29/08/2016,True
c82dbc00-b04d-4e0f-98ea-4a4fee44a23f,Woolworths Supermarket,Freezer,Gelativo Sorbet Lemon Lime 1l,227461,$6.00,$0.60 / 100ML,https://www.woolworths.com.au/shop/productdetails/227461/gelativo-sorbet-lemon-lime,https://cdn0.woolworths.media/content/wowproductimages/medium/227461.jpg,2020-09-21 16:53:59,Average product rating out of 5: 4.4. Product score is based on 15 ratings,15,Was $7.99 29/08/2016,True
83fd5f06-8e90-4a2a-8e3c-915aa0c7f1b5,Woolworths Supermarket,Freezer,Heinz Steam Fresh Broccoli Carrot Snap Pea 450g,228739,$3.30,$7.33 / 1KG,https://www.woolworths.com.au/shop/productdetails/228739/heinz-steam-fresh-broccoli-carrot-snap-pea,https://cdn0.woolworths.media/content/wowproductimages/medium/228739.jpg,2020-09-21 16:53:59,Average product rating out of 5: 4.6. Product score is based on 55 ratings,55,,True
03e17dbf-a958-44bf-b1d8-ef0c9b6cd45a,Woolworths Supermarket,Freezer,Birds Eye Golden Crunch Hash Browns 800g,228797,$3.30,$4.13 / 1KG,https://www.woolworths.com.au/shop/productdetails/228797/birds-eye-golden-crunch-hash-browns,https://cdn0.woolworths.media/content/wowproductimages/medium/228797.jpg,2020-09-21 16:53:59,Average product rating out of 5: 4.5. Product score is based on 80 ratings,80,Was $3.79 02/04/2018,True
ad5209fe-bdad-4ef2-92f0-c49eeae49e58,Woolworths Supermarket,Freezer,Peters Light & Creamy Classic Vanilla Ice Cream Slices 12 pack,231981,$8.00,$0.67 / 100ML,https://www.woolworths.com.au/shop/productdetails/231981/peters-light-creamy-classic-vanilla-ice-cream-slices,https://cdn0.woolworths.media/content/wowproductimages/medium/231981.jpg,2020-09-21 16:53:59,Average product rating out of 5: 4.8. Product score is based on 19 ratings,19,,True
7c31d803-84a5-4b07-ad78-95a2c4476d51,Woolworths Supermarket,Freezer,Birds Eye Oven Bake Crumbed Lemon Pepper 425g,246736,$10.00,$23.53 / 1KG,https://www.woolworths.com.au/shop/productdetails/246736/birds-eye-oven-bake-crumbed-lemon-pepper,https://cdn0.woolworths.media/content/wowproductimages/medium/246736.jpg,2020-09-21 16:53:59,Average product rating out of 5: 4.6. Product score is based on 29 ratings,29,,True
6a3f56d7-a0aa-4214-a278-0f6ded00f133,Woolworths Supermarket,Freezer,Weight Watchers Bowl Cottage Pie 320g,247444,$4.00,$1.25 / 100G,https://www.woolworths.com.au/shop/productdetails/247444/weight-watchers-bowl-cottage-pie,https://cdn0.woolworths.media/content/wowproductimages/medium/247444.jpg,2020-09-21 16:53:59,Average product rating out of 5: 3.9. Product score is based on 18 ratings,18,Was $5.79 06/03/2017,True
deb1e126-5c1a-4534-8a7b-9325ba064401,Woolworths Supermarket,Freezer,Herbert Adams Pies King Island Beef 2 pack,248429,$7.80,$1.86 / 100G,https://www.woolworths.com.au/shop/productdetails/248429/herbert-adams-pies-king-island-beef,https://cdn0.woolworths.media/content/wowproductimages/medium/248429.jpg,2020-09-21 16:53:59,Average product rating out of 5: 4.6. Product score is based on 26 ratings,26,,True
32252c2d-88c7-4c55-8ae8-e16d9f7f4054,Woolworths Supermarket,Freezer,Sargents Pies Traditional Meat & Cheese 700g,248440,$5.50,$0.79 / 100G,https://www.woolworths.com.au/shop/productdetails/248440/sargents-pies-traditional-meat-cheese,https://cdn0.woolworths.media/content/wowproductimages/medium/248440.jpg,2020-09-21 16:53:59,Average product rating out of 5: 4.5. Product score is based on 28 ratings,28,,True
cbb84668-cbd4-448b-bac0-a4dd62b7f5f6,Woolworths Supermarket,Freezer,Bulla Crunch Ice Cream Orange Mint Vanilla 8 pack,249170,$7.00,$1.11 / 100ML,https://www.woolworths.com.au/shop/productdetails/249170/bulla-crunch-ice-cream-orange-mint-vanilla,https://cdn0.woolworths.media/content/wowproductimages/medium/249170.jpg,2020-09-21 16:53:59,Average product rating out of 5: 4.8. Product score is based on 33 ratings,33,,True
b8508083-c64a-43a6-91d7-3d33684bcf56,Woolworths Supermarket,Freezer,Mccain Beer Batter Wedges 750g,249344,$4.00,$5.33 / 1KG,https://www.woolworths.com.au/shop/productdetails/249344/mccain-beer-batter-wedges,https://cdn0.woolworths.media/content/wowproductimages/medium/249344.jpg,2020-09-21 16:53:59,Average product rating out of 5: 4.3. Product score is based on 34 ratings,34,,True
eb3d7036-b0a6-40cf-8824-79f3a918ed3a,Woolworths Supermarket,Freezer,Mccain Beer Batter Steakhouse Chips 750g,249351,$4.00,$5.33 / 1KG,https://www.woolworths.com.au/shop/productdetails/249351/mccain-beer-batter-steakhouse-chips,https://cdn0.woolworths.media/content/wowproductimages/medium/249351.jpg,2020-09-21 16:53:59,Average product rating out of 5: 4.6. Product score is based on 97 ratings,97,,True
eb9efaa8-4740-49a4-8cdf-21e561f60343,Woolworths Supermarket,Freezer,Temptation Bakeries Quiche Petite Cheese & Spinach 300g,249392,$6.00,$2.00 / 100G,https://www.woolworths.com.au/shop/productdetails/249392/temptation-bakeries-quiche-petite-cheese-spinach,https://cdn0.woolworths.media/content/wowproductimages/medium/249392.jpg,2020-09-21 16:53:59,Average product rating out of 5: 4.4. Product score is based on 12 ratings,12,,True
1fb4aa95-d28f-45e9-aa70-00afb3c56d83,Woolworths Supermarket,Freezer,Mrs Macs Crispy Microwave Pastie 165g,250014,$2.50,$1.52 / 100G,https://www.woolworths.com.au/shop/productdetails/250014/mrs-macs-crispy-microwave-pastie,https://cdn0.woolworths.media/content/wowproductimages/medium/250014.jpg,2020-09-21 16:53:59,Average product rating out of 5: 4.4. Product score is based on 29 ratings,29,,True
f2cb95fb-c7f0-4802-9483-4dde2ddc79fa,Woolworths Supermarket,Freezer,Mrs Macs Sausage Roll Microwave 175g,250016,$2.50,$1.43 / 100G,https://www.woolworths.com.au/shop/productdetails/250016/mrs-macs-sausage-roll-microwave,https://cdn0.woolworths.media/content/wowproductimages/medium/250016.jpg,2020-09-21 16:53:59,Average product rating out of 5: 4.6. Product score is based on 69 ratings,69,,True
fa63b014-a4f0-4919-9904-62db570719d1,Woolworths Supermarket,Freezer,Steggles Chicken Pieces Premium Breast Fingers 400g,251465,$4.00,$10.00 / 1KG,https://www.woolworths.com.au/shop/productdetails/251465/steggles-chicken-pieces-premium-breast-fingers,https://cdn0.woolworths.media/content/wowproductimages/medium/251465.jpg,2020-09-21 16:53:59,Average product rating out of 5: 4.4. Product score is based on 59 ratings,59,,True
ea2c425c-48cb-4eaf-bdc6-5591c9944c3e,Woolworths Supermarket,Freezer,Mccain Pizza Meatlovers Bbq 500g,252640,$5.50,$1.10 / 100G,https://www.woolworths.com.au/shop/productdetails/252640/mccain-pizza-meatlovers-bbq,https://cdn0.woolworths.media/content/wowproductimages/medium/252640.jpg,2020-09-21 16:53:59,Average product rating out of 5: 4.0. Product score is based on 86 ratings,86,,True
9afd7b06-16d2-4036-acc6-33f025551fc0,Woolworths Supermarket,Freezer,Borg's Shortcrust Pastry Value 1.7kg,252659,$5.00,$0.29 / 100G,https://www.woolworths.com.au/shop/productdetails/252659/borg-s-shortcrust-pastry-value,https://cdn0.woolworths.media/content/wowproductimages/medium/252659.jpg,2020-09-21 16:53:59,Average product rating out of 5: 4.3. Product score is based on 14 ratings,14,Was $6.00 31/10/16,True
9e7c87f4-4f01-4249-b4b5-5842ab7ab89c,Woolworths Supermarket,Freezer,Weis Sorbet Summer Berries 1l tub,253640,$7.00,$0.70 / 100ML,https://www.woolworths.com.au/shop/productdetails/253640/weis-sorbet-summer-berries,https://cdn0.woolworths.media/content/wowproductimages/medium/253640.jpg,2020-09-21 16:53:59,Average product rating out of 5: 4.5. Product score is based on 13 ratings,13,,True
929b4457-7a5b-4019-bf03-0bfd9d0c0db3,Woolworths Supermarket,Freezer,Ho Mai Spring Rolls Cocktail 1kg,259537,$14.00,$1.40 / 100G,https://www.woolworths.com.au/shop/productdetails/259537/ho-mai-spring-rolls-cocktail,https://cdn0.woolworths.media/content/wowproductimages/medium/259537.jpg,2020-09-21 16:53:59,Average product rating out of 5: 4.6. Product score is based on 94 ratings,94,,True
9719924e-06d9-4722-9252-1d23e98b7261,Woolworths Supermarket,Freezer,Connoisseur Ice Cream Caramel Honey Macadamia 1l tub,259609,$11.00,$1.10 / 100ML,https://www.woolworths.com.au/shop/productdetails/259609/connoisseur-ice-cream-caramel-honey-macadamia,https://cdn0.woolworths.media/content/wowproductimages/medium/259609.jpg,2020-09-21 16:53:59,Average product rating out of 5: 4.6. Product score is based on 34 ratings,34,,True
276f8847-28d7-4d54-8696-ba62d754e89d,Woolworths Supermarket,Freezer,Peters Drumstick Minis Ice Cream Vanilla 6 pack,259674,$8.40,$1.71 / 100ML,https://www.woolworths.com.au/shop/productdetails/259674/peters-drumstick-minis-ice-cream-vanilla,https://cdn0.woolworths.media/content/wowproductimages/medium/259674.jpg,2020-09-21 16:53:59,Average product rating out of 5: 4.8. Product score is based on 38 ratings,38,,True
114ab15e-de78-4187-8372-7ae6fe33723e,Woolworths Supermarket,Freezer,Woolworths Frozen Salmon Fillets Skin On 250g,259832,$6.30,$25.20 / 1KG,https://www.woolworths.com.au/shop/productdetails/259832/woolworths-frozen-salmon-fillets-skin-on,https://cdn0.woolworths.media/content/wowproductimages/medium/259832.jpg,2020-09-21 16:53:59,Average product rating out of 5: 4.3. Product score is based on 879 ratings,879,,True
330924f6-9241-415f-bd5c-e34cbc504f4c,Woolworths Supermarket,Freezer,Woolworths Frozen Blueberries 500g,260007,$4.00,$8.00 / 1KG,https://www.woolworths.com.au/shop/productdetails/260007/woolworths-frozen-blueberries,https://cdn0.woolworths.media/content/wowproductimages/medium/260007.jpg,2020-09-21 16:53:59,Average product rating out of 5: 4.6. Product score is based on 283 ratings,283,,True
89a08b91-1aea-4121-87cd-c5ffb266bc2f,Woolworths Supermarket,Freezer,Woolworths Frozen Mixed Berries 500g,260010,$4.00,$8.00 / 1KG,https://www.woolworths.com.au/shop/productdetails/260010/woolworths-frozen-mixed-berries,https://cdn0.woolworths.media/content/wowproductimages/medium/260010.jpg,2020-09-21 16:53:59,Average product rating out of 5: 4.6. Product score is based on 274 ratings,274,,True
b9caf937-38f2-46aa-b6b5-7f02b6d7616c,Woolworths Supermarket,Freezer,Heinz Steam Fresh Beans Broccoli & Sugarsnap 450g,260848,$3.30,$7.33 / 1KG,https://www.woolworths.com.au/shop/productdetails/260848/heinz-steam-fresh-beans-broccoli-sugarsnap,https://cdn0.woolworths.media/content/wowproductimages/medium/260848.jpg,2020-09-21 16:53:59,Average product rating out of 5: 4.6. Product score is based on 45 ratings,45,,True
3c254cb1-fbc1-4cbd-9737-41b51447cdcb,Woolworths Supermarket,Freezer,Mccain Beer Batter Chips Shoestring 750g,260900,$4.00,$5.33 / 1KG,https://www.woolworths.com.au/shop/productdetails/260900/mccain-beer-batter-chips-shoestring,https://cdn0.woolworths.media/content/wowproductimages/medium/260900.jpg,2020-09-21 16:53:59,Average product rating out of 5: 4.8. Product score is based on 32 ratings,32,,True
599c7fc4-7cd4-4b2c-bc6e-e52ff4a04c2c,Woolworths Supermarket,Freezer,Ingham's Crumbed Chicken Breast Nuggets 400g,262490,$5.00,$12.50 / 1KG,https://www.woolworths.com.au/shop/productdetails/262490/ingham-s-crumbed-chicken-breast-nuggets,https://cdn0.woolworths.media/content/wowproductimages/medium/262490.jpg,2020-09-21 16:53:59,Average product rating out of 5: 4.6. Product score is based on 20 ratings,20,,True
b694aa9d-56bb-4893-9e68-bed767399846,Woolworths Supermarket,Freezer,Ingham's Crumbed Chicken Breast Munchies 400g,262491,$5.00,$12.50 / 1KG,https://www.woolworths.com.au/shop/productdetails/262491/ingham-s-crumbed-chicken-breast-munchies,https://cdn0.woolworths.media/content/wowproductimages/medium/262491.jpg,2020-09-21 16:53:59,Average product rating out of 5: 4.2. Product score is based on 17 ratings,17,Was $7.49 01/08/2016,True
2c557d33-ad41-4868-8d55-bafe19e6cdce,Woolworths Supermarket,Freezer,Ingham's Crumbed Chicken Nuggets Family Pack 700g,262533,$7.00,$10.00 / 1KG,https://www.woolworths.com.au/shop/productdetails/262533/ingham-s-crumbed-chicken-nuggets-family-pack,https://cdn0.woolworths.media/content/wowproductimages/medium/262533.jpg,2020-09-21 16:53:59,Average product rating out of 5: 4.4. Product score is based on 32 ratings,32,Was $7.99 15/08/2017,True
1870cd21-da74-4a4a-b10e-036a384999a1,Woolworths Supermarket,Freezer,Ingham's Tempura Chicken Breast Nuggets 600g,262534,$7.00,$11.67 / 1KG,https://www.woolworths.com.au/shop/productdetails/262534/ingham-s-tempura-chicken-breast-nuggets,https://cdn0.woolworths.media/content/wowproductimages/medium/262534.jpg,2020-09-21 16:53:59,Average product rating out of 5: 4.7. Product score is based on 23 ratings,23,Was $7.99 15/08/2017,True
bd995ad7-a022-459e-9b1a-9f2d04303035,Woolworths Supermarket,Freezer,Ingham's Chicken Pieces Chicken Buffalo Wings 700g,262537,$7.65,$10.93 / 1KG,https://www.woolworths.com.au/shop/productdetails/262537/ingham-s-chicken-pieces-chicken-buffalo-wings,https://cdn0.woolworths.media/content/wowproductimages/medium/262537.jpg,2020-09-21 16:53:59,Average product rating out of 5: 4.4. Product score is based on 28 ratings,28,,True
65e374b1-1dd6-4a8d-b20a-725b154cb731,Woolworths Supermarket,Freezer,Sara Lee French Cream Cheesecake 360g,263636,$6.25,$1.74 / 100G,https://www.woolworths.com.au/shop/productdetails/263636/sara-lee-french-cream-cheesecake,https://cdn0.woolworths.media/content/wowproductimages/medium/263636.jpg,2020-09-21 16:53:59,Average product rating out of 5: 4.7. Product score is based on 26 ratings,26,,True
237f1b43-2ba6-4722-a56a-167aaa3dbf31,Woolworths Supermarket,Freezer,Sara Lee Strawberry Cheesecake 410g,263645,$6.25,$1.52 / 100G,https://www.woolworths.com.au/shop/productdetails/263645/sara-lee-strawberry-cheesecake,https://cdn0.woolworths.media/content/wowproductimages/medium/263645.jpg,2020-09-21 16:53:59,Average product rating out of 5: 4.5. Product score is based on 13 ratings,13,,True
5a4ec177-c0c6-41c8-8412-767d568107e5,Woolworths Supermarket,Freezer,Sara Lee Chocolate Swirl Bavarian 375g,263648,$6.25,$1.67 / 100G,https://www.woolworths.com.au/shop/productdetails/263648/sara-lee-chocolate-swirl-bavarian,https://cdn0.woolworths.media/content/wowproductimages/medium/263648.jpg,2020-09-21 16:53:59,Average product rating out of 5: 4.1. Product score is based on 7 ratings,7,,True
43a746a8-d462-41ce-b4a5-8ad9cd6225a7,Woolworths Supermarket,Freezer,Bulla Mini Frozen Yoghurt Assorted Flavours 14 pack,279664,$5.00,$0.99 / 100G,https://www.woolworths.com.au/shop/productdetails/279664/bulla-mini-frozen-yoghurt-assorted-flavours,https://cdn0.woolworths.media/content/wowproductimages/medium/279664.jpg,2020-09-21 16:53:59,Average product rating out of 5: 4.7. Product score is based on 65 ratings,65,,True
57be7315-9c92-47b7-9390-8d77c0f5d465,Woolworths Supermarket,Freezer,Calippo Mini Water Ice Raspberry & Pineapple 10 pack,279904,$7.00,$1.22 / 100ML,https://www.woolworths.com.au/shop/productdetails/279904/calippo-mini-water-ice-raspberry-pineapple,https://cdn0.woolworths.media/content/wowproductimages/medium/279904.jpg,2020-09-21 16:53:59,Average product rating out of 5: 4.8. Product score is based on 27 ratings,27,,True
c924b1aa-6bd0-4085-bf3f-da2fc88ad375,Woolworths Supermarket,Freezer,Steggles Premium Chicken Nuggets 400g,295282,$5.00,$12.50 / 1KG,https://www.woolworths.com.au/shop/productdetails/295282/steggles-premium-chicken-nuggets,https://cdn0.woolworths.media/content/wowproductimages/medium/295282.jpg,2020-09-21 16:53:59,Average product rating out of 5: 4.6. Product score is based on 19 ratings,19,,True
b7ab8cf6-d740-4f69-9136-a4f4ca3fc829,Woolworths Supermarket,Freezer,I & J Frozen Calamari Rings 400g,296501,$7.00,$17.50 / 1KG,https://www.woolworths.com.au/shop/productdetails/296501/i-j-frozen-calamari-rings,https://cdn0.woolworths.media/content/wowproductimages/medium/296501.jpg,2020-09-21 16:53:59,Average product rating out of 5: 4.1. Product score is based on 22 ratings,22,Was $8.00 17/10/2018,True
cdf23e8b-85ca-4b5d-b59e-cce8c8723038,Woolworths Supermarket,Freezer,Peters Maxibon Vanilla 4 pack,302384,$8.40,$1.35 / 100ML,https://www.woolworths.com.au/shop/productdetails/302384/peters-maxibon-vanilla,https://cdn0.woolworths.media/content/wowproductimages/medium/302384.jpg,2020-09-21 16:53:59,Average product rating out of 5: 4.7. Product score is based on 34 ratings,34,,True
0da7a99d-b916-4cc8-b432-1b354e6ec140,Woolworths Supermarket,Freezer,Birds Eye Fillets Natural Salmon 260g,308993,$10.00,$38.46 / 1KG,https://www.woolworths.com.au/shop/productdetails/308993/birds-eye-fillets-natural-salmon,https://cdn0.woolworths.media/content/wowproductimages/medium/308993.jpg,2020-09-21 16:53:59,Average product rating out of 5: 4.3. Product score is based on 9 ratings,9,,True
ff5d54f7-879d-4495-a3d1-6bf8528929da,Woolworths Supermarket,Freezer,Birds Eye Fresh Caught Barramundi Original Crumb 270g,318488,$10.00,$37.04 / 1KG,https://www.woolworths.com.au/shop/productdetails/318488/birds-eye-fresh-caught-barramundi-original-crumb,https://cdn0.woolworths.media/content/wowproductimages/medium/318488.jpg,2020-09-21 16:53:59,Average product rating out of 5: 4.4. Product score is based on 22 ratings,22,,True
20c63fdd-f82b-4d0a-a090-27f8bca505d6,Woolworths Supermarket,Freezer,"Bulla Frozen Yoghurt Strawberry, Mango & Wildberry 8 pack",318641,$5.00,$1.06 / 100G,https://www.woolworths.com.au/shop/productdetails/318641/bulla-frozen-yoghurt-strawberry-mango-wildberry,https://cdn0.woolworths.media/content/wowproductimages/medium/318641.jpg,2020-09-21 16:53:59,Average product rating out of 5: 4.8. Product score is based on 69 ratings,69,,True
ec35b62b-74ce-4f22-933b-1bc2775d9e07,Woolworths Supermarket,Freezer,Peters Drumstick Ice Cream Vanilla 16 pack,320693,$17.00,$0.89 / 100ML,https://www.woolworths.com.au/shop/productdetails/320693/peters-drumstick-ice-cream-vanilla,https://cdn0.woolworths.media/content/wowproductimages/medium/320693.jpg,2020-09-21 16:53:59,Average product rating out of 5: 4.9. Product score is based on 70 ratings,70,Was $22.50 17/07/2017,True
65e5ea38-11df-4bc5-b517-75c8dbed9562,Woolworths Supermarket,Freezer,Gelativo Mango Sorbet 1l,321236,$6.00,$0.60 / 100ML,https://www.woolworths.com.au/shop/productdetails/321236/gelativo-mango-sorbet,https://cdn0.woolworths.media/content/wowproductimages/medium/321236.jpg,2020-09-21 16:53:59,Average product rating out of 5: 4.7. Product score is based on 20 ratings,20,Was $7.99 29/08/2016,True
3e00237e-77b2-4a9f-8763-32427c45dfec,Woolworths Supermarket,Freezer,Mccain Mixed Vegetables Peas Corn & Carrot 2kg,322789,,,https://www.woolworths.com.au/shop/productdetails/322789/mccain-mixed-vegetables-peas-corn-carrot,https://cdn0.woolworths.media/content/wowproductimages/medium/322789.jpg,2020-09-21 16:53:59,Average product rating out of 5: 4.8. Product score is based on 19 ratings,19,Was $8.69 02/04/2018,False
848863d5-c3c7-4f58-8b9e-4c69d87c0c51,Woolworths Supermarket,Freezer,"Birds Eye Steam Fresh Broccoli, Carrots & Corn 750g",322796,$5.00,$6.67 / 1KG,https://www.woolworths.com.au/shop/productdetails/322796/birds-eye-steam-fresh-broccoli-carrots-corn,https://cdn0.woolworths.media/content/wowproductimages/medium/322796.jpg,2020-09-21 16:53:59,Average product rating out of 5: 4.8. Product score is based on 75 ratings,75,,True
fb7dc5f8-9755-4697-a88f-cbc1f1b887e6,Woolworths Supermarket,Freezer,Herbert Adams Pies Creamy Chicken & Leek 2 pack,329998,$7.80,$1.86 / 100G,https://www.woolworths.com.au/shop/productdetails/329998/herbert-adams-pies-creamy-chicken-leek,https://cdn0.woolworths.media/content/wowproductimages/medium/329998.jpg,2020-09-21 16:53:59,Average product rating out of 5: 4.6. Product score is based on 49 ratings,49,,True
ddb41eae-e8be-4e62-9c12-5fa409feb454,Woolworths Supermarket,Freezer,Sargents Traditional Curry Meat Pies 700g,330007,$5.50,$0.79 / 100G,https://www.woolworths.com.au/shop/productdetails/330007/sargents-traditional-curry-meat-pies,https://cdn0.woolworths.media/content/wowproductimages/medium/330007.jpg,2020-09-21 16:53:59,Average product rating out of 5: 3.7. Product score is based on 29 ratings,29,,True
52c36762-793d-4de5-88d8-74bcb01f2b64,Woolworths Supermarket,Freezer,Peters Drumstick Chocolate Mint 4 pack,330824,$8.40,$1.76 / 100ML,https://www.woolworths.com.au/shop/productdetails/330824/peters-drumstick-chocolate-mint,https://cdn0.woolworths.media/content/wowproductimages/medium/330824.jpg,2020-09-21 16:53:59,Average product rating out of 5: 4.9. Product score is based on 32 ratings,32,,True
7efe0515-183b-4776-96c8-d4fd80d842cd,Woolworths Supermarket,Freezer,Peters Lifesavers Icy Poles Lifesavers 8 pack,330829,$7.00,$1.32 / 100ML,https://www.woolworths.com.au/shop/productdetails/330829/peters-lifesavers-icy-poles-lifesavers,https://cdn0.woolworths.media/content/wowproductimages/medium/330829.jpg,2020-09-21 16:53:59,Average product rating out of 5: 4.8. Product score is based on 28 ratings,28,,True
47b462d2-0b8a-4e45-8caa-39abc8ba8abb,Woolworths Supermarket,Freezer,Peters Light & Creamy French Vanilla Ice Cream 1.8l,330839,$4.00,$0.22 / 100ML,https://www.woolworths.com.au/shop/productdetails/330839/peters-light-creamy-french-vanilla-ice-cream,https://cdn0.woolworths.media/content/wowproductimages/medium/330839.jpg,2020-09-21 16:53:59,Average product rating out of 5: 4.9. Product score is based on 22 ratings,22,,True
f77d2ed4-f4c6-439f-9888-c0a4e28ded6e,Woolworths Supermarket,Freezer,Peters Light & Creamy Classic Vanilla Ice Cream 1.8l,330841,$4.00,$0.22 / 100ML,https://www.woolworths.com.au/shop/productdetails/330841/peters-light-creamy-classic-vanilla-ice-cream,https://cdn0.woolworths.media/content/wowproductimages/medium/330841.jpg,2020-09-21 16:53:59,Average product rating out of 5: 4.9. Product score is based on 21 ratings,21,,True
5c438670-b3d7-460e-9fda-82c6d4e5714a,Woolworths Supermarket,Freezer,Peters Light & Creamy Choc Caramel & Vanilla Swirl Ice Cream 1.8l,330844,$4.00,$0.22 / 100ML,https://www.woolworths.com.au/shop/productdetails/330844/peters-light-creamy-choc-caramel-vanilla-swirl-ice-cream,https://cdn0.woolworths.media/content/wowproductimages/medium/330844.jpg,2020-09-21 16:53:59,Average product rating out of 5: 4.7. Product score is based on 21 ratings,21,,True
502272ce-0b96-4e10-aea5-43ffbcce6a97,Woolworths Supermarket,Freezer,Peters Light & Creamy Raspberry Ripple Ice Cream 1.8l,330915,,,https://www.woolworths.com.au/shop/productdetails/330915/peters-light-creamy-raspberry-ripple-ice-cream,https://cdn0.woolworths.media/content/wowproductimages/medium/330915.jpg,2020-09-21 16:53:59,Average product rating out of 5: 4.7. Product score is based on 14 ratings,14,Was $6.90 27/11/2017,False
422065aa-1ef7-4428-9b92-3b068156a6c2,Woolworths Supermarket,Freezer,Skinny Cow Ice Cream Sundae Double Choc Vanilla Caramel 4 pack,330933,$6.00,$0.88 / 100ML,https://www.woolworths.com.au/shop/productdetails/330933/skinny-cow-ice-cream-sundae-double-choc-vanilla-caramel,https://cdn0.woolworths.media/content/wowproductimages/medium/330933.jpg,2020-09-21 16:53:59,Average product rating out of 5: 4.8. Product score is based on 36 ratings,36,Was $8.00 25/06/2018,True
14c1f9d5-0170-473a-89c5-23b9bcd9a8d6,Woolworths Supermarket,Freezer,Peters Ice Cream No Added Sugar Creamy Vanilla 1.2l tub,330934,$7.60,$0.63 / 100ML,https://www.woolworths.com.au/shop/productdetails/330934/peters-ice-cream-no-added-sugar-creamy-vanilla,https://cdn0.woolworths.media/content/wowproductimages/medium/330934.jpg,2020-09-21 16:53:59,Average product rating out of 5: 4.7. Product score is based on 40 ratings,40,,True
132f3cc1-5543-4736-aa03-0bcc11532c7c,Woolworths Supermarket,Freezer,Birds Eye Southern Blue Whiting Original Crumb 425g,338482,$10.00,$23.53 / 1KG,https://www.woolworths.com.au/shop/productdetails/338482/birds-eye-southern-blue-whiting-original-crumb,https://cdn0.woolworths.media/content/wowproductimages/medium/338482.jpg,2020-09-21 16:53:59,Average product rating out of 5: 4.2. Product score is based on 42 ratings,42,,True
449df204-51a4-4447-9668-f6f9a65605bc,Woolworths Supermarket,Freezer,Steggles Tempura Chicken Breast Nuggets 400g,339262,$5.00,$12.50 / 1KG,https://www.woolworths.com.au/shop/productdetails/339262/steggles-tempura-chicken-breast-nuggets,https://cdn0.woolworths.media/content/wowproductimages/medium/339262.jpg,2020-09-21 16:53:59,Average product rating out of 5: 4.8. Product score is based on 40 ratings,40,,True
7bb8df9c-5c3a-4693-bc97-7db494eba5e7,Woolworths Supermarket,Freezer,Ben & Jerry's Ice Cream Cookie Dough 458ml tub,345039,$12.00,$2.62 / 100ML,https://www.woolworths.com.au/shop/productdetails/345039/ben-jerry-s-ice-cream-cookie-dough,https://cdn0.woolworths.media/content/wowproductimages/medium/345039.jpg,2020-09-21 16:53:59,Average product rating out of 5: 4.4. Product score is based on 9 ratings,9,,True
b8f34385-9a53-4fa9-9863-419c3bb34280,Woolworths Supermarket,Freezer,Ben & Jerry's Ice Cream Chocolate Fudge Brownie 458ml tub,345040,$12.00,$2.62 / 100ML,https://www.woolworths.com.au/shop/productdetails/345040/ben-jerry-s-ice-cream-chocolate-fudge-brownie,https://cdn0.woolworths.media/content/wowproductimages/medium/345040.jpg,2020-09-21 16:53:59,Average product rating out of 5: 4.6. Product score is based on 18 ratings,18,,True
74852d3a-b410-4180-901a-7df6df587611,Woolworths Supermarket,Freezer,Ben & Jerry's Phish Food Chocolate Ice Cream 458ml,348627,$12.00,$2.62 / 100ML,https://www.woolworths.com.au/shop/productdetails/348627/ben-jerry-s-phish-food-chocolate-ice-cream,https://cdn0.woolworths.media/content/wowproductimages/medium/348627.jpg,2020-09-21 16:53:59,Average product rating out of 5: 5.0. Product score is based on 2 ratings,2,,True
5f943f57-83a0-4474-ba4d-189f11f24e20,Woolworths Supermarket,Freezer,Ben & Jerry's Triple Caramel Chunk Ice Cream 458ml,348629,$12.00,$2.62 / 100ML,https://www.woolworths.com.au/shop/productdetails/348629/ben-jerry-s-triple-caramel-chunk-ice-cream,https://cdn0.woolworths.media/content/wowproductimages/medium/348629.jpg,2020-09-21 16:53:59,Average product rating out of 5: 4.3. Product score is based on 9 ratings,9,,True
90f0da6c-b14c-4c13-b7ee-a9f975a8ede5,Woolworths Supermarket,Freezer,Ben & Jerry's Half Baked Ice Cream 458ml,348630,$12.00,$2.62 / 100ML,https://www.woolworths.com.au/shop/productdetails/348630/ben-jerry-s-half-baked-ice-cream,https://cdn0.woolworths.media/content/wowproductimages/medium/348630.jpg,2020-09-21 16:53:59,Average product rating out of 5: 4.0. Product score is based on 6 ratings,6,,True
460ac2f7-ecbb-4f66-a0eb-28d6c3ca2689,Woolworths Supermarket,Freezer,Ingham's Chicken Family Duets Creamy Garlic 600g,348916,$10.00,$16.67 / 1KG,https://www.woolworths.com.au/shop/productdetails/348916/ingham-s-chicken-family-duets-creamy-garlic,https://cdn0.woolworths.media/content/wowproductimages/medium/348916.jpg,2020-09-21 16:53:59,Average product rating out of 5: 4.6. Product score is based on 45 ratings,45,Was $11.00 22/08/2017,True
0fd48df3-0004-4eb2-bd09-3dd759dff547,Woolworths Supermarket,Freezer,Quorn Mince 300g,349163,$6.20,$2.07 / 100G,https://www.woolworths.com.au/shop/productdetails/349163/quorn-mince,https://cdn0.woolworths.media/content/wowproductimages/medium/349163.jpg,2020-09-21 16:53:59,,0,,True
0f3aebff-04cf-4216-b5f2-bc0d7d22a389,Woolworths Supermarket,Freezer,Four'n Twenty Pies Angus Beef 4 pack,354575,$10.00,$1.32 / 100G,https://www.woolworths.com.au/shop/productdetails/354575/four-n-twenty-pies-angus-beef,https://cdn0.woolworths.media/content/wowproductimages/medium/354575.jpg,2020-09-21 16:53:59,Average product rating out of 5: 4.5. Product score is based on 42 ratings,42,,True
dcf8b6b4-d7ec-4934-85e4-22207042f411,Woolworths Supermarket,Freezer,Four'n Twenty Pies Angus Beef & Pepper 4 pack,354587,$10.00,$1.32 / 100G,https://www.woolworths.com.au/shop/productdetails/354587/four-n-twenty-pies-angus-beef-pepper,https://cdn0.woolworths.media/content/wowproductimages/medium/354587.jpg,2020-09-21 16:53:59,Average product rating out of 5: 4.5. Product score is based on 20 ratings,20,,True
df69b41c-3e2c-433a-8da7-f81b0a1defad,Woolworths Supermarket,Freezer,"Four'n Twenty Pies Angus Beef, Cheese & Bacon 4 pack",354592,$10.00,$1.32 / 100G,https://www.woolworths.com.au/shop/productdetails/354592/four-n-twenty-pies-angus-beef-cheese-bacon,https://cdn0.woolworths.media/content/wowproductimages/medium/354592.jpg,2020-09-21 16:53:59,Average product rating out of 5: 4.5. Product score is based on 31 ratings,31,,True
5361812e-a83e-4bae-931c-172510513b8d,Woolworths Supermarket,Freezer,Sealord Hoki Fillets Classic Crumb 480g,355490,$9.50,$19.79 / 1KG,https://www.woolworths.com.au/shop/productdetails/355490/sealord-hoki-fillets-classic-crumb,https://cdn0.woolworths.media/content/wowproductimages/medium/355490.jpg,2020-09-21 16:53:59,Average product rating out of 5: 4.6. Product score is based on 29 ratings,29,,True
5f7d87a3-ff99-44d1-9475-982a35d6d2b6,Woolworths Supermarket,Freezer,Sealord Hoki Fillets Lemon Pepper 480g,355537,$9.50,$19.79 / 1KG,https://www.woolworths.com.au/shop/productdetails/355537/sealord-hoki-fillets-lemon-pepper,https://cdn0.woolworths.media/content/wowproductimages/medium/355537.jpg,2020-09-21 16:53:59,Average product rating out of 5: 4.5. Product score is based on 12 ratings,12,,True
5a8aff92-4f37-474d-baad-343abdb6e1f6,Woolworths Supermarket,Freezer,Sealord Hoki Fillets Potato Crumb 480g,355540,$9.50,$19.79 / 1KG,https://www.woolworths.com.au/shop/productdetails/355540/sealord-hoki-fillets-potato-crumb,https://cdn0.woolworths.media/content/wowproductimages/medium/355540.jpg,2020-09-21 16:53:59,Average product rating out of 5: 4.8. Product score is based on 16 ratings,16,,True
5b9e9b60-215d-4ed1-9138-dca53d02447e,Woolworths Supermarket,Freezer,Sealord Hoki Fillets Tempura Battered 450g,355541,$9.50,$21.11 / 1KG,https://www.woolworths.com.au/shop/productdetails/355541/sealord-hoki-fillets-tempura-battered,https://cdn0.woolworths.media/content/wowproductimages/medium/355541.jpg,2020-09-21 16:53:59,Average product rating out of 5: 4.3. Product score is based on 20 ratings,20,,True
b798f0ff-56a8-45a2-b99f-9c67e6a743d5,Woolworths Supermarket,Freezer,Paddle Pop Water Ice Lemonade 8 pack,355563,$4.75,$0.82 / 100ML,https://www.woolworths.com.au/shop/productdetails/355563/paddle-pop-water-ice-lemonade,https://cdn0.woolworths.media/content/wowproductimages/medium/355563.jpg,2020-09-21 16:53:59,Average product rating out of 5: 4.7. Product score is based on 14 ratings,14,,True
745e025e-6b98-4dec-90bf-47ed9b18cda6,Woolworths Supermarket,Freezer,Temptation Bakeries Quiche Tasty Cheese & Bacon 2 pack,356078,$4.50,$1.61 / 100G,https://www.woolworths.com.au/shop/productdetails/356078/temptation-bakeries-quiche-tasty-cheese-bacon,https://cdn0.woolworths.media/content/wowproductimages/medium/356078.jpg,2020-09-21 16:53:59,Average product rating out of 5: 4.5. Product score is based on 19 ratings,19,Was $5.00 27/04/2020,True
6e635b66-2033-4db9-8232-f3d899e3d1ec,Woolworths Supermarket,Freezer,Mccain Healthy Choice Chicken Carbonara 300g,369451,$4.00,$1.33 / 100G,https://www.woolworths.com.au/shop/productdetails/369451/mccain-healthy-choice-chicken-carbonara,https://cdn0.woolworths.media/content/wowproductimages/medium/369451.jpg,2020-09-21 16:53:59,Average product rating out of 5: 4.3. Product score is based on 16 ratings,16,Was $5.59 30/01/2017,True
e41c6a7a-6fac-423d-853c-85746f089040,Woolworths Supermarket,Freezer,Mccain Healthy Choice Chinese Chicken Cashew 280g,369455,$4.00,$1.43 / 100G,https://www.woolworths.com.au/shop/productdetails/369455/mccain-healthy-choice-chinese-chicken-cashew,https://cdn0.woolworths.media/content/wowproductimages/medium/369455.jpg,2020-09-21 16:53:59,Average product rating out of 5: 4.2. Product score is based on 14 ratings,14,Was $5.59 30/01/2017,True
a2f1d7f6-0477-4d33-8f8a-26a512d10d7e,Woolworths Supermarket,Freezer,On The Menu Chicken Parmigiana 320g,369507,$6.00,$1.88 / 100G,https://www.woolworths.com.au/shop/productdetails/369507/on-the-menu-chicken-parmigiana,https://cdn0.woolworths.media/content/wowproductimages/medium/369507.jpg,2020-09-21 16:53:59,Average product rating out of 5: 4.4. Product score is based on 40 ratings,40,Was $6.50 20/02/2017,True
7a19bc1a-f386-4c95-9966-96a3da977de8,Woolworths Supermarket,Freezer,Sargents Premium Pies Angus Beef Family 550g,372519,$6.00,$1.09 / 100G,https://www.woolworths.com.au/shop/productdetails/372519/sargents-premium-pies-angus-beef-family,https://cdn0.woolworths.media/content/wowproductimages/medium/372519.jpg,2020-09-21 16:53:59,Average product rating out of 5: 4.5. Product score is based on 38 ratings,38,,True
33804de2-d11b-43c7-bfd5-ed29956ac037,Woolworths Supermarket,Freezer,Steggles Chicken Pieces Flaming Wing Nibbles Spicy 1kg,383623,$11.00,$11.00 / 1KG,https://www.woolworths.com.au/shop/productdetails/383623/steggles-chicken-pieces-flaming-wing-nibbles-spicy,https://cdn0.woolworths.media/content/wowproductimages/medium/383623.jpg,2020-09-21 16:53:59,Average product rating out of 5: 4.8. Product score is based on 6 ratings,6,,True
6da89760-2718-4a48-bd73-f21491b9e66a,Woolworths Supermarket,Freezer,Steggles Crumbed Chicken Dino Snacks Tempura 1kg,383909,$11.00,$11.00 / 1KG,https://www.woolworths.com.au/shop/productdetails/383909/steggles-crumbed-chicken-dino-snacks-tempura,https://cdn0.woolworths.media/content/wowproductimages/medium/383909.jpg,2020-09-21 16:53:59,Average product rating out of 5: 4.8. Product score is based on 93 ratings,93,,True
075620c5-975e-4b57-b92a-4fdd980456e4,Woolworths Supermarket,Freezer,Connoisseur Ice Cream Belgian Chocolate 1l tub,384044,$11.00,$1.10 / 100ML,https://www.woolworths.com.au/shop/productdetails/384044/connoisseur-ice-cream-belgian-chocolate,https://cdn0.woolworths.media/content/wowproductimages/medium/384044.jpg,2020-09-21 16:53:59,Average product rating out of 5: 4.7. Product score is based on 33 ratings,33,,True
717d147e-d8a1-44bf-a753-596d1a803a8f,Woolworths Supermarket,Freezer,Peters Lactose Free Ice Cream Creamy Vanilla 1.2l tub,384257,$7.60,$0.63 / 100ML,https://www.woolworths.com.au/shop/productdetails/384257/peters-lactose-free-ice-cream-creamy-vanilla,https://cdn0.woolworths.media/content/wowproductimages/medium/384257.jpg,2020-09-21 16:53:59,Average product rating out of 5: 4.8. Product score is based on 53 ratings,53,,True
6fdf89e5-3513-4cef-ad48-6c6cef56b140,Woolworths Supermarket,Freezer,Jase's Kitchen Frozen Pizza Base Gluten Free 2 pack,411280,$6.50,$1.71 / 100G,https://www.woolworths.com.au/shop/productdetails/411280/jase-s-kitchen-frozen-pizza-base-gluten-free,https://cdn0.woolworths.media/content/wowproductimages/medium/411280.jpg,2020-09-21 16:53:59,Average product rating out of 5: 4.8. Product score is based on 12 ratings,12,,True
3376056e-2ac4-4ead-a57b-2211a95c648d,Woolworths Supermarket,Freezer,Sealord Hoki Fillet Gluten Free Crumb 300g,413030,$9.50,$3.17 / 100G,https://www.woolworths.com.au/shop/productdetails/413030/sealord-hoki-fillet-gluten-free-crumb,https://cdn0.woolworths.media/content/wowproductimages/medium/413030.jpg,2020-09-21 16:53:59,Average product rating out of 5: 4.4. Product score is based on 30 ratings,30,,True
bddebd2d-5087-4dc6-8a7a-dc486e86e876,Woolworths Supermarket,Freezer,Dr. Oetker Ristorante Pizza Speciale 345g,421029,$6.50,$1.88 / 100G,https://www.woolworths.com.au/shop/productdetails/421029/dr-oetker-ristorante-pizza-speciale,https://cdn0.woolworths.media/content/wowproductimages/medium/421029.jpg,2020-09-21 16:53:59,Average product rating out of 5: 4.5. Product score is based on 32 ratings,32,,True
dd2fc8cf-82bf-47bb-bc15-44ac3d7e1c07,Woolworths Supermarket,Freezer,Bell Farms French Fries 1kg,429361,$3.00,$3.00 / 1KG,https://www.woolworths.com.au/shop/productdetails/429361/bell-farms-french-fries,https://cdn0.woolworths.media/content/wowproductimages/medium/429361.jpg,2020-09-21 16:53:59,Average product rating out of 5: 3.8. Product score is based on 19 ratings,19,,True
15956180-73b8-41ad-ba8f-25e659d708ee,Woolworths Supermarket,Freezer,Bell Farms Frozen Chips Steak Cut 1kg,429362,$3.00,$3.00 / 1KG,https://www.woolworths.com.au/shop/productdetails/429362/bell-farms-frozen-chips-steak-cut,https://cdn0.woolworths.media/content/wowproductimages/medium/429362.jpg,2020-09-21 16:53:59,Average product rating out of 5: 3.2. Product score is based on 5 ratings,5,,True
7497fd71-1f10-42ac-b49a-2a258e4054b9,Woolworths Supermarket,Freezer,Nestle Milo Ice Cream Tub 470ml,430266,$5.00,$1.06 / 100ML,https://www.woolworths.com.au/shop/productdetails/430266/nestle-milo-ice-cream-tub,https://cdn0.woolworths.media/content/wowproductimages/medium/430266.jpg,2020-09-21 16:53:59,Average product rating out of 5: 4.6. Product score is based on 12 ratings,12,,True
c622d643-3f4b-4127-a7f5-a352bbb8869a,Woolworths Supermarket,Freezer,Fropro Chocolate Ice Cream Tub 520ml,435782,$10.00,$1.92 / 100ML,https://www.woolworths.com.au/shop/productdetails/435782/fropro-chocolate-ice-cream-tub,https://cdn0.woolworths.media/content/wowproductimages/medium/435782.jpg,2020-09-21 16:53:59,Average product rating out of 5: 4.6. Product score is based on 16 ratings,16,Was $14.00 20/11/2017,True
438cb79e-07bb-409f-8e34-bbf97b457ea7,Woolworths Supermarket,Freezer,Kbs Prawn Gyoza 1kg,439768,$22.70,$2.27 / 100G,https://www.woolworths.com.au/shop/productdetails/439768/kbs-prawn-gyoza,https://cdn0.woolworths.media/content/wowproductimages/medium/439768.jpg,2020-09-21 16:53:59,Average product rating out of 5: 4.6. Product score is based on 68 ratings,68,,True
add57f0c-3c8c-4a18-992e-d8cedf6a48be,Woolworths Supermarket,Freezer,Ben & Jerry's Ice Cream The Tonight Dough Starring Jimmy Fallon 458ml tub,441151,$12.00,$2.62 / 100ML,https://www.woolworths.com.au/shop/productdetails/441151/ben-jerry-s-ice-cream-the-tonight-dough-starring-jimmy-fallon,https://cdn0.woolworths.media/content/wowproductimages/medium/441151.jpg,2020-09-21 16:53:59,Average product rating out of 5: 5.0. Product score is based on 7 ratings,7,,True
5311d2aa-a7b2-4bbd-b0a6-a459bd3a90d5,Woolworths Supermarket,Freezer,Woolworths Crumbed Prawn Cutlets 500g,445351,$8.50,$17.00 / 1KG,https://www.woolworths.com.au/shop/productdetails/445351/woolworths-crumbed-prawn-cutlets,https://cdn0.woolworths.media/content/wowproductimages/medium/445351.jpg,2020-09-21 16:53:59,Average product rating out of 5: 3.8. Product score is based on 363 ratings,363,,True
7b34e4a5-70aa-4dc9-a282-8eace0de6aa1,Woolworths Supermarket,Freezer,Woolworths Frozen Basa Fillets 1kg,445352,$8.00,$8.00 / 1KG,https://www.woolworths.com.au/shop/productdetails/445352/woolworths-frozen-basa-fillets,https://cdn0.woolworths.media/content/wowproductimages/medium/445352.jpg,2020-09-21 16:53:59,,0,,True
3885214b-4a0a-4b7d-889c-d23f16623aad,Woolworths Supermarket,Freezer,Sealord Premium Hoki Fillets Lime & Coconut 300g,465115,$7.30,$24.33 / 1KG,https://www.woolworths.com.au/shop/productdetails/465115/sealord-premium-hoki-fillets-lime-coconut,https://cdn0.woolworths.media/content/wowproductimages/medium/465115.jpg,2020-09-21 16:53:59,Average product rating out of 5: 4.9. Product score is based on 22 ratings,22,,True
3b610a82-65d5-45a8-be80-77bb55f1c0fc,Woolworths Supermarket,Freezer,Woolworths Ice Cream Intense Coffee 1l,474592,$5.00,$0.50 / 100ML,https://www.woolworths.com.au/shop/productdetails/474592/woolworths-ice-cream-intense-coffee,https://cdn0.woolworths.media/content/wowproductimages/medium/474592.jpg,2020-09-21 16:53:59,Average product rating out of 5: 4.8. Product score is based on 313 ratings,313,,True
49416c47-be93-4bc0-b63f-d424c1b5ebcb,Woolworths Supermarket,Freezer,Woolworths Ice Cream Salted Caramel 1l,476723,$5.00,$0.50 / 100ML,https://www.woolworths.com.au/shop/productdetails/476723/woolworths-ice-cream-salted-caramel,https://cdn0.woolworths.media/content/wowproductimages/medium/476723.jpg,2020-09-21 16:53:59,Average product rating out of 5: 4.6. Product score is based on 635 ratings,635,,True
4e8fa51b-d973-4d76-b878-36de74c79afa,Woolworths Supermarket,Freezer,Weight Watchers Frozen Meal Bowl Creamy Tuna Bake 320g,482773,$4.00,$1.25 / 100G,https://www.woolworths.com.au/shop/productdetails/482773/weight-watchers-frozen-meal-bowl-creamy-tuna-bake,https://cdn0.woolworths.media/content/wowproductimages/medium/482773.jpg,2020-09-21 16:53:59,Average product rating out of 5: 4.1. Product score is based on 21 ratings,21,Was $5.79 06/03/2017,True
bee33bc4-44a9-4fdb-bab2-e0ae02a1c7ea,Woolworths Supermarket,Freezer,On The Menu Frozen Meal Lamb Shank 320g,482906,$6.00,$1.88 / 100G,https://www.woolworths.com.au/shop/productdetails/482906/on-the-menu-frozen-meal-lamb-shank,https://cdn0.woolworths.media/content/wowproductimages/medium/482906.jpg,2020-09-21 16:53:59,Average product rating out of 5: 4.1. Product score is based on 51 ratings,51,Was $6.50 20/02/2017,True
47d8a2d3-7ed6-44c0-9f6d-2320fc05230c,Woolworths Supermarket,Freezer,Super Nature Super Lunch Frozen Meal Pad Thai Chicken 350g,482908,$6.30,$1.80 / 100G,https://www.woolworths.com.au/shop/productdetails/482908/super-nature-super-lunch-frozen-meal-pad-thai-chicken,https://cdn0.woolworths.media/content/wowproductimages/medium/482908.jpg,2020-09-21 16:53:59,Average product rating out of 5: 4.9. Product score is based on 23 ratings,23,,True
b9b20fd1-aafb-4887-a26a-8517be9e68af,Woolworths Supermarket,Freezer,Magnum Ice Cream Almond 4 pack,485189,$4.50,$1.05 / 100ML,https://www.woolworths.com.au/shop/productdetails/485189/magnum-ice-cream-almond,https://cdn0.woolworths.media/content/wowproductimages/medium/485189.jpg,2020-09-21 16:53:59,Average product rating out of 5: 4.7. Product score is based on 21 ratings,21,,True
60af2f1c-30ff-4700-8b40-45250e2b330b,Woolworths Supermarket,Freezer,Magnum Ice Cream Peppermint 4 pack,485661,$4.50,$1.05 / 100ML,https://www.woolworths.com.au/shop/productdetails/485661/magnum-ice-cream-peppermint,https://cdn0.woolworths.media/content/wowproductimages/medium/485661.jpg,2020-09-21 16:53:59,Average product rating out of 5: 4.4. Product score is based on 17 ratings,17,,True
6ffeceae-dd4d-49c3-aad8-e78463c8ef2e,Woolworths Supermarket,Freezer,Magnum Ice Cream Honeycomb Crunch 4 pack,485663,$4.50,$1.05 / 100ML,https://www.woolworths.com.au/shop/productdetails/485663/magnum-ice-cream-honeycomb-crunch,https://cdn0.woolworths.media/content/wowproductimages/medium/485663.jpg,2020-09-21 16:53:59,Average product rating out of 5: 4.6. Product score is based on 11 ratings,11,,True
3b595426-88a7-4866-8f63-c5e930f26080,Woolworths Supermarket,Freezer,Woolworths Macaroni Cheese Balls 8 pack,489135,$5.00,$2.50 / 100G,https://www.woolworths.com.au/shop/productdetails/489135/woolworths-macaroni-cheese-balls,https://cdn0.woolworths.media/content/wowproductimages/medium/489135.jpg,2020-09-21 16:53:59,Average product rating out of 5: 3.9. Product score is based on 14 ratings,14,,True
7560d152-46a1-46d2-bbed-6241870220f7,Woolworths Supermarket,Freezer,Woolworths Chicken & Mushroom Arancini 8 pack,489136,$5.00,$2.50 / 100G,https://www.woolworths.com.au/shop/productdetails/489136/woolworths-chicken-mushroom-arancini,https://cdn0.woolworths.media/content/wowproductimages/medium/489136.jpg,2020-09-21 16:53:59,Average product rating out of 5: 4.1. Product score is based on 21 ratings,21,,True
667f075a-ced7-444c-8090-2136c7254e20,Woolworths Supermarket,Freezer,Haagen-dazs Salted Caramel Ice Cream 457ml,505069,$11.50,$2.52 / 100ML,https://www.woolworths.com.au/shop/productdetails/505069/haagen-dazs-salted-caramel-ice-cream,https://cdn0.woolworths.media/content/wowproductimages/medium/505069.jpg,2020-09-21 16:53:59,Average product rating out of 5: 4.8. Product score is based on 26 ratings,26,,True
4aab2b5a-9a7d-42a9-a12d-ad9e79eda033,Woolworths Supermarket,Freezer,Haagen-dazs Strawberries & Cream Ice Cream 457ml,505074,$11.50,$2.52 / 100ML,https://www.woolworths.com.au/shop/productdetails/505074/haagen-dazs-strawberries-cream-ice-cream,https://cdn0.woolworths.media/content/wowproductimages/medium/505074.jpg,2020-09-21 16:53:59,Average product rating out of 5: 4.6. Product score is based on 29 ratings,29,,True
99cb51f6-bef5-4133-ada4-28d46aa8f7bb,Woolworths Supermarket,Freezer,Ingham's Frozen Chicken Breast Tenders Southern Style 400g,505304,$4.00,$10.00 / 1KG,https://www.woolworths.com.au/shop/productdetails/505304/ingham-s-frozen-chicken-breast-tenders-southern-style,https://cdn0.woolworths.media/content/wowproductimages/medium/505304.jpg,2020-09-21 16:53:59,Average product rating out of 5: 4.4. Product score is based on 87 ratings,87,Was $8.30 23/07/2018,True
560c76e4-030b-44b8-a8c1-431dd29e9197,Woolworths Supermarket,Freezer,Ingham's Frozen Chicken Nuggets Microwave 400g,505306,$4.50,$11.25 / 1KG,https://www.woolworths.com.au/shop/productdetails/505306/ingham-s-frozen-chicken-nuggets-microwave,https://cdn0.woolworths.media/content/wowproductimages/medium/505306.jpg,2020-09-21 16:53:59,Average product rating out of 5: 4.7. Product score is based on 9 ratings,9,,True
71b98e7a-77b1-4778-9166-c949f40fb67c,Woolworths Supermarket,Freezer,Magnum Mini Ice Cream Double Caramel 6 pack,506898,$4.50,$1.25 / 100ML,https://www.woolworths.com.au/shop/productdetails/506898/magnum-mini-ice-cream-double-caramel,https://cdn0.woolworths.media/content/wowproductimages/medium/506898.jpg,2020-09-21 16:53:59,Average product rating out of 5: 5.0. Product score is based on 9 ratings,9,,True
7e33ffbf-c548-401d-95c1-1e9ee67d1032,Woolworths Supermarket,Freezer,Woolworths Frozen Pizza Hawaiian 500g,508041,$3.30,$0.66 / 100G,https://www.woolworths.com.au/shop/productdetails/508041/woolworths-frozen-pizza-hawaiian,https://cdn0.woolworths.media/content/wowproductimages/medium/508041.jpg,2020-09-21 16:53:59,Average product rating out of 5: 2.8. Product score is based on 541 ratings,541,,True
bd3ff66c-8ef6-4d0a-87c6-2c2eed5866ab,Woolworths Supermarket,Freezer,Woolworths Frozen Pizza Bbq Meat Lovers 500g,508042,$3.30,$0.66 / 100G,https://www.woolworths.com.au/shop/productdetails/508042/woolworths-frozen-pizza-bbq-meat-lovers,https://cdn0.woolworths.media/content/wowproductimages/medium/508042.jpg,2020-09-21 16:53:59,Average product rating out of 5: 3.2. Product score is based on 483 ratings,483,,True
3487188a-3f8a-4e60-be3b-b9c4e99c68ab,Woolworths Supermarket,Freezer,Connoisseur Ice Cream Chocolate Brownie 1l tub,508517,$11.00,$1.10 / 100ML,https://www.woolworths.com.au/shop/productdetails/508517/connoisseur-ice-cream-chocolate-brownie,https://cdn0.woolworths.media/content/wowproductimages/medium/508517.jpg,2020-09-21 16:53:59,Average product rating out of 5: 5.0. Product score is based on 22 ratings,22,,True
ac1ad9a4-8331-4d73-9ed2-1e66e12c83fd,Woolworths Supermarket,Freezer,Connoisseur Belgian Chocolate Fudge With Roasted Hazelnut 4 pack,508521,$8.60,$1.89 / 100ML,https://www.woolworths.com.au/shop/productdetails/508521/connoisseur-belgian-chocolate-fudge-with-roasted-hazelnut,https://cdn0.woolworths.media/content/wowproductimages/medium/508521.jpg,2020-09-21 16:53:59,Average product rating out of 5: 4.8. Product score is based on 14 ratings,14,,True
c519fc7a-dc18-4298-ac99-2ef66bb582ef,Woolworths Supermarket,Freezer,Steggles Chicken Breast Fingers 1kg,508730,$11.00,$11.00 / 1KG,https://www.woolworths.com.au/shop/productdetails/508730/steggles-chicken-breast-fingers,https://cdn0.woolworths.media/content/wowproductimages/medium/508730.jpg,2020-09-21 16:53:59,Average product rating out of 5: 4.7. Product score is based on 65 ratings,65,,True
7d1167ec-f655-4e50-ba44-660e9520113e,Woolworths Supermarket,Freezer,Mr Chen's Steamed Prawn Roll 300g,515712,$7.50,$2.50 / 100G,https://www.woolworths.com.au/shop/productdetails/515712/mr-chen-s-steamed-prawn-roll,https://cdn0.woolworths.media/content/wowproductimages/medium/515712.jpg,2020-09-21 16:53:59,Average product rating out of 5: 4.6. Product score is based on 14 ratings,14,,True
9ccfa7f0-57d8-4ecd-9eb0-2899a3a0b7b4,Woolworths Supermarket,Freezer,Bell Farms Chopped Spinach 250g,516857,$0.95,$3.80 / 1KG,https://www.woolworths.com.au/shop/productdetails/516857/bell-farms-chopped-spinach,https://cdn0.woolworths.media/content/wowproductimages/medium/516857.jpg,2020-09-21 16:53:59,Average product rating out of 5: 4.5. Product score is based on 370 ratings,370,,True
e29dbd0a-0821-4db4-b784-c9a91c695011,Woolworths Supermarket,Freezer,Patties Party Sausage Rolls 24 pack,521233,$14.00,$1.56 / 100G,https://www.woolworths.com.au/shop/productdetails/521233/patties-party-sausage-rolls,https://cdn0.woolworths.media/content/wowproductimages/medium/521233.jpg,2020-09-21 16:53:59,Average product rating out of 5: 4.4. Product score is based on 45 ratings,45,,True
2cda3576-34a9-49ac-93f0-3d326c24dc0c,Woolworths Supermarket,Freezer,Creative Gourmet Frozen Banana Chunks 500g,532199,$4.50,$9.00 / 1KG,https://www.woolworths.com.au/shop/productdetails/532199/creative-gourmet-frozen-banana-chunks,https://cdn0.woolworths.media/content/wowproductimages/medium/532199.jpg,2020-09-21 16:53:59,Average product rating out of 5: 4.6. Product score is based on 22 ratings,22,,True
09ca2abd-d85a-4b49-b996-9aa06cb1ed70,Woolworths Supermarket,Freezer,Creative Gourmet Frozen Pineapple Pieces 500g,532343,$4.50,$9.00 / 1KG,https://www.woolworths.com.au/shop/productdetails/532343/creative-gourmet-frozen-pineapple-pieces,https://cdn0.woolworths.media/content/wowproductimages/medium/532343.jpg,2020-09-21 16:53:59,Average product rating out of 5: 4.8. Product score is based on 25 ratings,25,,True
9593be6c-7835-4761-9651-61ba1d5d8e33,Woolworths Supermarket,Freezer,Oob Frozen Sliced Banana Organic 450g,533682,$7.00,$15.56 / 1KG,https://www.woolworths.com.au/shop/productdetails/533682/oob-frozen-sliced-banana-organic,https://cdn0.woolworths.media/content/wowproductimages/medium/533682.jpg,2020-09-21 16:53:59,Average product rating out of 5: 4.5. Product score is based on 4 ratings,4,,True
ad69308f-98e2-41d4-9da0-dc84a679efe4,Woolworths Supermarket,Freezer,Bell Farms Kale 250g,536095,$0.99,$3.96 / 1KG,https://www.woolworths.com.au/shop/productdetails/536095/bell-farms-kale,https://cdn0.woolworths.media/content/wowproductimages/medium/536095.jpg,2020-09-21 16:53:59,Average product rating out of 5: 4.5. Product score is based on 21 ratings,21,,True
968dade3-3b60-43f2-a3a1-81211a3c62a8,Woolworths Supermarket,Freezer,Bell Farms Salted Edamame 400g,536096,$2.50,$6.25 / 1KG,https://www.woolworths.com.au/shop/productdetails/536096/bell-farms-salted-edamame,https://cdn0.woolworths.media/content/wowproductimages/medium/536096.jpg,2020-09-21 16:53:59,Average product rating out of 5: 4.6. Product score is based on 14 ratings,14,,True
56aa7057-35a1-4719-bdfa-628d90d3e036,Woolworths Supermarket,Freezer,Bell Farms Bubble 'n Squeak Potato & Vegetable Pattie 600g,536099,$2.75,$4.58 / 1KG,https://www.woolworths.com.au/shop/productdetails/536099/bell-farms-bubble-n-squeak-potato-vegetable-pattie,https://cdn0.woolworths.media/content/wowproductimages/medium/536099.jpg,2020-09-21 16:53:59,Average product rating out of 5: 4.6. Product score is based on 28 ratings,28,,True
3960d652-d74f-4bef-be0e-efebb2cda1f2,Woolworths Supermarket,Freezer,Bell Farms Hash Browns 1kg,536231,,,https://www.woolworths.com.au/shop/productdetails/536231/bell-farms-hash-browns,https://cdn0.woolworths.media/content/wowproductimages/medium/536231.jpg,2020-09-21 16:53:59,Average product rating out of 5: 4.6. Product score is based on 49 ratings,49,,False
38ec65db-4d67-411a-96c6-85ef011278ef,Woolworths Supermarket,Freezer,Annabel Karmel Bolognese Pasta Bake 200g,544364,$4.00,$2.00 / 100G,https://www.woolworths.com.au/shop/productdetails/544364/annabel-karmel-bolognese-pasta-bake,https://cdn0.woolworths.media/content/wowproductimages/medium/544364.jpg,2020-09-21 16:53:59,Average product rating out of 5: 4.6. Product score is based on 13 ratings,13,,True
85d3146c-b671-43ed-9cce-5e29da8391b4,Woolworths Supermarket,Freezer,Annabel Karmel Cottage Pie 200g,544365,$4.00,$2.00 / 100G,https://www.woolworths.com.au/shop/productdetails/544365/annabel-karmel-cottage-pie,https://cdn0.woolworths.media/content/wowproductimages/medium/544365.jpg,2020-09-21 16:53:59,Average product rating out of 5: 4.6. Product score is based on 19 ratings,19,,True
0a0b5c9e-f896-400a-b0fa-b957ec7dceee,Woolworths Supermarket,Freezer,Annabel Karmel Mac & Cheese Pasta 200g,544366,$4.00,$2.00 / 100G,https://www.woolworths.com.au/shop/productdetails/544366/annabel-karmel-mac-cheese-pasta,https://cdn0.woolworths.media/content/wowproductimages/medium/544366.jpg,2020-09-21 16:53:59,Average product rating out of 5: 4.7. Product score is based on 12 ratings,12,,True
b8e012c5-2f1b-4580-acb5-590463a10aef,Woolworths Supermarket,Freezer,Annabel Karmel Veggie Pasta Bake 200g,544368,$4.00,$2.00 / 100G,https://www.woolworths.com.au/shop/productdetails/544368/annabel-karmel-veggie-pasta-bake,https://cdn0.woolworths.media/content/wowproductimages/medium/544368.jpg,2020-09-21 16:53:59,Average product rating out of 5: 4.6. Product score is based on 10 ratings,10,,True
bebb3801-286a-45e8-92e6-c8511981d3db,Woolworths Supermarket,Freezer,Annabel Karmel Spaghetti & Meatballs 200g,544369,$4.00,$2.00 / 100G,https://www.woolworths.com.au/shop/productdetails/544369/annabel-karmel-spaghetti-meatballs,https://cdn0.woolworths.media/content/wowproductimages/medium/544369.jpg,2020-09-21 16:53:59,Average product rating out of 5: 4.9. Product score is based on 11 ratings,11,,True
a9bccf31-630c-45d7-9602-7bb3c21ae796,Woolworths Supermarket,Freezer,Annabel Karmel Butter Chicken & Rice 200g,544693,$4.00,$2.00 / 100G,https://www.woolworths.com.au/shop/productdetails/544693/annabel-karmel-butter-chicken-rice,https://cdn0.woolworths.media/content/wowproductimages/medium/544693.jpg,2020-09-21 16:53:59,Average product rating out of 5: 4.9. Product score is based on 13 ratings,13,,True
d596c149-8e1d-4715-9e45-5753fd6a325e,Woolworths Supermarket,Freezer,Coco & Lucas' Beef Cottage Pie 220g,545628,$4.00,$1.82 / 100G,https://www.woolworths.com.au/shop/productdetails/545628/coco-lucas-beef-cottage-pie,https://cdn0.woolworths.media/content/wowproductimages/medium/545628.jpg,2020-09-21 16:53:59,Average product rating out of 5: 4.9. Product score is based on 9 ratings,9,,True
1b5196f4-62b2-4e07-b1fd-770059f2f8ea,Woolworths Supermarket,Freezer,Coco & Lucas' Spaghetti Bolognese 220g,545667,$4.00,$1.82 / 100G,https://www.woolworths.com.au/shop/productdetails/545667/coco-lucas-spaghetti-bolognese,https://cdn0.woolworths.media/content/wowproductimages/medium/545667.jpg,2020-09-21 16:53:59,Average product rating out of 5: 4.8. Product score is based on 15 ratings,15,,True
7ce562a7-d9d3-401b-b479-45f72ab7a53c,Woolworths Supermarket,Freezer,Coco & Lucas' Butter Chicken & Jasmine Rice 220g,545704,$4.00,$1.82 / 100G,https://www.woolworths.com.au/shop/productdetails/545704/coco-lucas-butter-chicken-jasmine-rice,https://cdn0.woolworths.media/content/wowproductimages/medium/545704.jpg,2020-09-21 16:53:59,Average product rating out of 5: 4.3. Product score is based on 12 ratings,12,,True
0acdf727-3df8-4dfd-9f59-3926ab27e3a5,Woolworths Supermarket,Freezer,Woolworths Vanilla Ice Cream Sticks 4 pack,551853,$3.30,$0.78 / 100ML,https://www.woolworths.com.au/shop/productdetails/551853/woolworths-vanilla-ice-cream-sticks,https://cdn0.woolworths.media/content/wowproductimages/medium/551853.jpg,2020-09-21 16:53:59,Average product rating out of 5: 4.4. Product score is based on 19 ratings,19,,True
8a4262cd-90dd-4c00-bf25-90138c08d93e,Woolworths Supermarket,Freezer,Woolworths Almond Ice Cream Sticks 4 pack,551859,$3.30,$0.78 / 100ML,https://www.woolworths.com.au/shop/productdetails/551859/woolworths-almond-ice-cream-sticks,https://cdn0.woolworths.media/content/wowproductimages/medium/551859.jpg,2020-09-21 16:53:59,Average product rating out of 5: 4.6. Product score is based on 565 ratings,565,,True
052b40a4-a8cc-4c31-94d0-e0f46b9f48af,Woolworths Supermarket,Freezer,Woolworths Ice Blocks 20 pack,563170,$3.00,$0.21 / 100ML,https://www.woolworths.com.au/shop/productdetails/563170/woolworths-ice-blocks,https://cdn0.woolworths.media/content/wowproductimages/medium/563170.jpg,2020-09-21 16:53:59,Average product rating out of 5: 4.3. Product score is based on 1026 ratings,1026,,True
eff79a71-cc47-4275-98b8-897c46f2fb87,Woolworths Supermarket,Freezer,Sealord Dory Classic Crumb 4pk 320g,567279,$6.50,$20.31 / 1KG,https://www.woolworths.com.au/shop/productdetails/567279/sealord-dory-classic-crumb,https://cdn0.woolworths.media/content/wowproductimages/medium/567279.jpg,2020-09-21 16:53:59,Average product rating out of 5: 4.6. Product score is based on 31 ratings,31,,True
bc78e2a5-1b16-4042-a2dd-b856c4da7f7d,Woolworths Supermarket,Freezer,Sealord Premium Hoki Fillets Parmesan & Rosemary 300g,567545,$7.30,$24.33 / 1KG,https://www.woolworths.com.au/shop/productdetails/567545/sealord-premium-hoki-fillets-parmesan-rosemary,https://cdn0.woolworths.media/content/wowproductimages/medium/567545.jpg,2020-09-21 16:53:59,Average product rating out of 5: 4.8. Product score is based on 25 ratings,25,,True
6cffa14c-a4e0-425a-b401-df6b60de25fe,Woolworths Supermarket,Freezer,I & J Salt & Pepper Calamari 360g,571926,$7.00,$19.44 / 1KG,https://www.woolworths.com.au/shop/productdetails/571926/i-j-salt-pepper-calamari,https://cdn0.woolworths.media/content/wowproductimages/medium/571926.jpg,2020-09-21 16:53:59,Average product rating out of 5: 4.2. Product score is based on 6 ratings,6,Was $8.00 17/10/2018,True
6609096a-3b99-45eb-adad-0eb368909063,Woolworths Supermarket,Freezer,I & J Salt & Pepper Squid 360g,571927,$7.00,$19.44 / 1KG,https://www.woolworths.com.au/shop/productdetails/571927/i-j-salt-pepper-squid,https://cdn0.woolworths.media/content/wowproductimages/medium/571927.jpg,2020-09-21 16:53:59,Average product rating out of 5: 3.7. Product score is based on 11 ratings,11,Was $8.00 17/10/2018,True
1de1d357-cca9-4532-a12c-e004a0967d64,Woolworths Supermarket,Freezer,Birds Eye South Atlantic Flathead 270g,571952,$10.00,$37.04 / 1KG,https://www.woolworths.com.au/shop/productdetails/571952/birds-eye-south-atlantic-flathead,https://cdn0.woolworths.media/content/wowproductimages/medium/571952.jpg,2020-09-21 16:53:59,Average product rating out of 5: 4.3. Product score is based on 33 ratings,33,,True
00201e2b-6426-430a-a087-f43821ae6e0f,Woolworths Supermarket,Freezer,Peters Maxibon Monster Cookie 4 pack,574248,$8.40,$1.35 / 100ML,https://www.woolworths.com.au/shop/productdetails/574248/peters-maxibon-monster-cookie,https://cdn0.woolworths.media/content/wowproductimages/medium/574248.jpg,2020-09-21 16:53:59,Average product rating out of 5: 4.9. Product score is based on 12 ratings,12,,True
43dcdc86-3848-4c96-9659-56d9036e236d,Woolworths Supermarket,Freezer,Peters Original Rainbow 2l,574411,$4.75,$0.24 / 100ML,https://www.woolworths.com.au/shop/productdetails/574411/peters-original-rainbow,https://cdn0.woolworths.media/content/wowproductimages/medium/574411.jpg,2020-09-21 16:53:59,Average product rating out of 5: 4.4. Product score is based on 21 ratings,21,,True
d057f8d2-3ea8-4341-a5f5-5d4cc3890c59,Woolworths Supermarket,Freezer,Peters Drumstick Salted Caramel & White Chocolate 4 pack,574469,$8.40,$1.77 / 100ML,https://www.woolworths.com.au/shop/productdetails/574469/peters-drumstick-salted-caramel-white-chocolate,https://cdn0.woolworths.media/content/wowproductimages/medium/574469.jpg,2020-09-21 16:53:59,Average product rating out of 5: 4.7. Product score is based on 23 ratings,23,,True
6a9bfa96-360f-4565-9156-7f9f71c6e5e9,Woolworths Supermarket,Freezer,On The Menu Beef Lasagne 2kg,574627,$9.50,$0.48 / 100G,https://www.woolworths.com.au/shop/productdetails/574627/on-the-menu-beef-lasagne,https://cdn0.woolworths.media/content/wowproductimages/medium/574627.jpg,2020-09-21 16:53:59,Average product rating out of 5: 4.5. Product score is based on 53 ratings,53,,True
c9051cf3-7b9c-491e-b510-43134ea0fe81,Woolworths Supermarket,Freezer,Quorn Vegan Nuggets 280g,574746,$7.00,$2.50 / 100G,https://www.woolworths.com.au/shop/productdetails/574746/quorn-vegan-nuggets,https://cdn0.woolworths.media/content/wowproductimages/medium/574746.jpg,2020-09-21 16:53:59,,0,,True
77bffb9e-dc0d-4a55-9ae5-2422c5058eb5,Woolworths Supermarket,Freezer,Quorn Vegan Breaded Schnitzel 200g,574751,$6.20,$3.10 / 100G,https://www.woolworths.com.au/shop/productdetails/574751/quorn-vegan-breaded-schnitzel,https://cdn0.woolworths.media/content/wowproductimages/medium/574751.jpg,2020-09-21 16:53:59,,0,,True
13f9ea42-76f3-427b-9dd1-e88aadd49f2e,Woolworths Supermarket,Freezer,On The Menu Beef Ragu Pappardelle 260g,574780,$3.00,$1.15 / 100G,https://www.woolworths.com.au/shop/productdetails/574780/on-the-menu-beef-ragu-pappardelle,https://cdn0.woolworths.media/content/wowproductimages/medium/574780.jpg,2020-09-21 16:53:59,Average product rating out of 5: 4.4. Product score is based on 28 ratings,28,,True
ede4e1ac-3a49-4c90-9c4b-2b56b00bcff4,Woolworths Supermarket,Freezer,Super Nature Super Foods Mediterranean Polenta 350g,574785,$6.30,$1.80 / 100G,https://www.woolworths.com.au/shop/productdetails/574785/super-nature-super-foods-mediterranean-polenta,https://cdn0.woolworths.media/content/wowproductimages/medium/574785.jpg,2020-09-21 16:53:59,Average product rating out of 5: 4.8. Product score is based on 14 ratings,14,,True
63dc8cdb-1f60-41c4-b5b1-942e7b29f86e,Woolworths Supermarket,Freezer,Woolworths Cheese & Ham Croquettes 8pk 300g,575574,$5.00,$1.67 / 100G,https://www.woolworths.com.au/shop/productdetails/575574/woolworths-cheese-ham-croquettes,https://cdn0.woolworths.media/content/wowproductimages/medium/575574.jpg,2020-09-21 16:53:59,Average product rating out of 5: 3.2. Product score is based on 13 ratings,13,,True
40c872e0-f2ed-4b91-8b08-281f19bdd8b7,Woolworths Supermarket,Freezer,Fry's Meat Free Quinoa & Brown Rice Protein Burgers 320g,575585,$5.00,$1.56 / 100G,https://www.woolworths.com.au/shop/productdetails/575585/fry-s-meat-free-quinoa-brown-rice-protein-burgers,https://cdn0.woolworths.media/content/wowproductimages/medium/575585.jpg,2020-09-21 16:53:59,,0,,True
296b4c4b-d355-44dc-8257-fdc208a6297d,Woolworths Supermarket,Freezer,Halo Top Birthday Cake Ice Cream 473ml,576707,$9.00,$1.90 / 100ML,https://www.woolworths.com.au/shop/productdetails/576707/halo-top-birthday-cake-ice-cream,https://cdn0.woolworths.media/content/wowproductimages/medium/576707.jpg,2020-09-21 16:53:59,Average product rating out of 5: 4.0. Product score is based on 8 ratings,8,Was $10.00 05/08/2019,True
43e2561d-7fb3-4d0e-bf63-64f6cca7e891,Woolworths Supermarket,Freezer,Halo Top Mint Choc Chip Ice Cream 473ml,577070,$9.00,$1.90 / 100ML,https://www.woolworths.com.au/shop/productdetails/577070/halo-top-mint-choc-chip-ice-cream,https://cdn0.woolworths.media/content/wowproductimages/medium/577070.jpg,2020-09-21 16:53:59,Average product rating out of 5: 3.2. Product score is based on 11 ratings,11,Was $10.00 05/08/2019,True
363755d1-e04b-4ac3-ba89-4a80a7a316f6,Woolworths Supermarket,Freezer,Twisted Gluten Free Frozen Yoghurt Mini Multpack 4x120ml,577912,$5.50,$1.15 / 100ML,https://www.woolworths.com.au/shop/productdetails/577912/twisted-gluten-free-frozen-yoghurt-mini-multpack,https://cdn0.woolworths.media/content/wowproductimages/medium/577912.jpg,2020-09-21 16:53:59,Average product rating out of 5: 4.5. Product score is based on 11 ratings,11,,True
23cfeb02-8aee-4ab8-acdb-25dcbe066052,Woolworths Supermarket,Freezer,Woolworths Frozen Blueberries 1kg,586516,$7.50,$7.50 / 1KG,https://www.woolworths.com.au/shop/productdetails/586516/woolworths-frozen-blueberries,https://cdn0.woolworths.media/content/wowproductimages/medium/586516.jpg,2020-09-21 16:53:59,Average product rating out of 5: 4.6. Product score is based on 33 ratings,33,,True
2ebc420a-f5f2-4719-b387-9788c9491201,Woolworths Supermarket,Freezer,Birds Eye Deli French Fries Garlic Herb & Lemon 600g,586842,$2.50,$4.17 / 1KG,https://www.woolworths.com.au/shop/productdetails/586842/birds-eye-deli-french-fries-garlic-herb-lemon,https://cdn0.woolworths.media/content/wowproductimages/medium/586842.jpg,2020-09-21 16:53:59,Average product rating out of 5: 4.7. Product score is based on 47 ratings,47,,True
93ea7d7f-73a4-4d26-96fa-43637a2a1405,Woolworths Supermarket,Freezer,Birds Eye Steam Fresh Potato Mash With Butter 400g,586851,$4.20,$10.50 / 1KG,https://www.woolworths.com.au/shop/productdetails/586851/birds-eye-steam-fresh-potato-mash-with-butter,https://cdn0.woolworths.media/content/wowproductimages/medium/586851.jpg,2020-09-21 16:53:59,Average product rating out of 5: 4.7. Product score is based on 54 ratings,54,,True
03b16a12-c4d0-4fcd-8d2f-d78ba38ee2e1,Woolworths Supermarket,Freezer,Woolworths Belgian Chocolate Lava Cake 2 Pack 180g,609001,$4.00,$2.22 / 100G,https://www.woolworths.com.au/shop/productdetails/609001/woolworths-belgian-chocolate-lava-cake-2-pack,https://cdn0.woolworths.media/content/wowproductimages/medium/609001.jpg,2020-09-21 16:53:59,Average product rating out of 5: 5.0. Product score is based on 11 ratings,11,,True
d99180e2-d3ae-4d85-9f07-6f516b9ff8c6,Woolworths Supermarket,Freezer,Woolworths Choc Dipped Milk Ice Variety Pack 10 pack,612272,$3.49,$0.48 / 100ML,https://www.woolworths.com.au/shop/productdetails/612272/woolworths-choc-dipped-milk-ice-variety-pack,https://cdn0.woolworths.media/content/wowproductimages/medium/612272.jpg,2020-09-21 16:53:59,Average product rating out of 5: 3.9. Product score is based on 494 ratings,494,,True
8505a720-a47b-489d-9681-065b1a45a7cb,Woolworths Supermarket,Freezer,Woolworths Party Pies 24 pack,621328,$6.20,$0.55 / 100G,https://www.woolworths.com.au/shop/productdetails/621328/woolworths-party-pies,https://cdn0.woolworths.media/content/wowproductimages/medium/621328.jpg,2020-09-21 16:53:59,Average product rating out of 5: 4.6. Product score is based on 83 ratings,83,,True
2662316a-a955-404f-b285-07e8e77a00a9,Woolworths Supermarket,Freezer,Woolworths Party Sausage Rolls 24 pack,621329,$5.85,$0.65 / 100G,https://www.woolworths.com.au/shop/productdetails/621329/woolworths-party-sausage-rolls,https://cdn0.woolworths.media/content/wowproductimages/medium/621329.jpg,2020-09-21 16:53:59,Average product rating out of 5: 4.6. Product score is based on 33 ratings,33,,True
73ee377f-ccce-4391-a8ee-a577ddc40ba2,Woolworths Supermarket,Freezer,Tutto Pasta Gluten Free Bolognese Lasagne 350g,633097,,,https://www.woolworths.com.au/shop/productdetails/633097/tutto-pasta-gluten-free-bolognese-lasagne,https://cdn0.woolworths.media/content/wowproductimages/medium/633097.jpg,2020-09-21 16:53:59,Average product rating out of 5: 3.6. Product score is based on 13 ratings,13,,False
1d665c96-26ee-49ea-be0c-af4dc1cad4f9,Woolworths Supermarket,Freezer,Tutto Pasta Gluten Free Spinach Ricotta Cannelloni 350g,633603,$5.50,$1.57 / 100G,https://www.woolworths.com.au/shop/productdetails/633603/tutto-pasta-gluten-free-spinach-ricotta-cannelloni,https://cdn0.woolworths.media/content/wowproductimages/medium/633603.jpg,2020-09-21 16:53:59,Average product rating out of 5: 3.9. Product score is based on 7 ratings,7,,True
ab46f936-8be1-4164-896c-c88a9fe4ad23,Woolworths Supermarket,Freezer,Connoisseur Mint With Cookies Ice Cream Tub 1l,633610,$11.00,$1.10 / 100ML,https://www.woolworths.com.au/shop/productdetails/633610/connoisseur-mint-with-cookies-ice-cream-tub,https://cdn0.woolworths.media/content/wowproductimages/medium/633610.jpg,2020-09-21 16:53:59,Average product rating out of 5: 3.6. Product score is based on 20 ratings,20,,True
0a8596b2-12ab-4e74-93c0-02687761fdb6,Woolworths Supermarket,Freezer,Connoisseur Mango & Coconut Ice Cream 4 pack,633611,$8.60,$1.89 / 100ML,https://www.woolworths.com.au/shop/productdetails/633611/connoisseur-mango-coconut-ice-cream,https://cdn0.woolworths.media/content/wowproductimages/medium/633611.jpg,2020-09-21 16:53:59,Average product rating out of 5: 4.8. Product score is based on 18 ratings,18,,True
e81c9679-23b7-431f-922a-5ddd2a6e0390,Woolworths Supermarket,Freezer,Sealord Gluten Free Hoki Bites 350g,635320,$9.50,$2.71 / 100G,https://www.woolworths.com.au/shop/productdetails/635320/sealord-gluten-free-hoki-bites,https://cdn0.woolworths.media/content/wowproductimages/medium/635320.jpg,2020-09-21 16:53:59,Average product rating out of 5: 4.6. Product score is based on 49 ratings,49,,True
51a8661b-ad69-47ee-8efe-1bb1e73d42fd,Woolworths Supermarket,Freezer,Simply Wize Gluten Free Custard Pastries 300g,635336,$8.00,$2.67 / 100G,https://www.woolworths.com.au/shop/productdetails/635336/simply-wize-gluten-free-custard-pastries,https://cdn0.woolworths.media/content/wowproductimages/medium/635336.jpg,2020-09-21 16:53:59,Average product rating out of 5: 3.6. Product score is based on 13 ratings,13,,True
50a007a2-eb14-4055-a2f2-e89bc0e06e90,Woolworths Supermarket,Freezer,Simply Wize Gluten Free Spring Rolls 228g,635342,$8.00,$3.51 / 100G,https://www.woolworths.com.au/shop/productdetails/635342/simply-wize-gluten-free-spring-rolls,https://cdn0.woolworths.media/content/wowproductimages/medium/635342.jpg,2020-09-21 16:53:59,Average product rating out of 5: 4.0. Product score is based on 32 ratings,32,,True
36d399ff-450b-46e8-9463-5e69e21d1fce,Woolworths Supermarket,Freezer,Streets Blue Ribbon Classic Chocolate Ice Cream 2l,636654,$4.90,$0.25 / 100ML,https://www.woolworths.com.au/shop/productdetails/636654/streets-blue-ribbon-classic-chocolate-ice-cream,https://cdn0.woolworths.media/content/wowproductimages/medium/636654.jpg,2020-09-21 16:53:59,Average product rating out of 5: 4.8. Product score is based on 40 ratings,40,Was $7.49 10/11/2015,True
f91e3078-eb7f-4533-bc70-41c2fc8bc64e,Woolworths Supermarket,Freezer,Magnum Tub Ice Cream Classic 440ml,636655,$4.50,$1.02 / 100ML,https://www.woolworths.com.au/shop/productdetails/636655/magnum-tub-ice-cream-classic,https://cdn0.woolworths.media/content/wowproductimages/medium/636655.jpg,2020-09-21 16:53:59,Average product rating out of 5: 4.4. Product score is based on 20 ratings,20,,True
b62b82ae-7cb5-4225-9263-5e61c70e2329,Woolworths Supermarket,Freezer,Magnum Tub Ice Cream White 440ml,636656,$4.50,$1.02 / 100ML,https://www.woolworths.com.au/shop/productdetails/636656/magnum-tub-ice-cream-white,https://cdn0.woolworths.media/content/wowproductimages/medium/636656.jpg,2020-09-21 16:53:59,Average product rating out of 5: 4.7. Product score is based on 23 ratings,23,,True
2f142304-4f20-4b8f-a65a-c83bd4361927,Woolworths Supermarket,Freezer,Magnum Tub Ice Cream Almond 440ml,636681,$4.50,$1.02 / 100ML,https://www.woolworths.com.au/shop/productdetails/636681/magnum-tub-ice-cream-almond,https://cdn0.woolworths.media/content/wowproductimages/medium/636681.jpg,2020-09-21 16:53:59,Average product rating out of 5: 4.8. Product score is based on 19 ratings,19,,True
02bc4e1e-af9f-468d-9edc-ebe034bf478c,Woolworths Supermarket,Freezer,Ingham's Chicken Cheesy Nuggets 400g,644977,$4.50,$11.25 / 1KG,https://www.woolworths.com.au/shop/productdetails/644977/ingham-s-chicken-cheesy-nuggets,https://cdn0.woolworths.media/content/wowproductimages/medium/644977.jpg,2020-09-21 16:53:59,Average product rating out of 5: 4.9. Product score is based on 9 ratings,9,,True
e8e948a3-7e72-4990-bcbf-17b1efff4ede,Woolworths Supermarket,Freezer,Weis Real Good Feel Good Dark Chocolate 1l,645090,$8.00,$0.80 / 100ML,https://www.woolworths.com.au/shop/productdetails/645090/weis-real-good-feel-good-dark-chocolate,https://cdn0.woolworths.media/content/wowproductimages/medium/645090.jpg,2020-09-21 16:53:59,Average product rating out of 5: 4.8. Product score is based on 24 ratings,24,,True
1f3fdef7-05ea-4904-b6ba-c18b901136d1,Woolworths Supermarket,Freezer,Weis Dairy Free Dark Chocolate & Coconut 4 pack,645093,$7.50,$2.68 / 100ML,https://www.woolworths.com.au/shop/productdetails/645093/weis-dairy-free-dark-chocolate-coconut,https://cdn0.woolworths.media/content/wowproductimages/medium/645093.jpg,2020-09-21 16:53:59,Average product rating out of 5: 4.7. Product score is based on 7 ratings,7,,True
a01f3384-b060-46d9-93e0-98d9a6fc0c26,Woolworths Supermarket,Freezer,Steggles Sweet Chilli Chicken Tenders 1kg,646082,$11.00,$11.00 / 1KG,https://www.woolworths.com.au/shop/productdetails/646082/steggles-sweet-chilli-chicken-tenders,https://cdn0.woolworths.media/content/wowproductimages/medium/646082.jpg,2020-09-21 16:53:59,Average product rating out of 5: 4.6. Product score is based on 37 ratings,37,,True
6910a041-16a8-40bf-813d-418962de93dc,Woolworths Supermarket,Freezer,Woolworths Jumbo Cooked Prawn 500g,656743,$22.00,$44.00 / 1KG,https://www.woolworths.com.au/shop/productdetails/656743/woolworths-jumbo-cooked-prawn,https://cdn0.woolworths.media/content/wowproductimages/medium/656743.jpg,2020-09-21 16:53:59,Average product rating out of 5: 4.0. Product score is based on 648 ratings,648,,True
07b9acfc-6e4f-4c3d-85f5-49bcc50dbb8c,Woolworths Supermarket,Freezer,On The Menu Beer Battered Fish & Chips 320g,657078,$6.00,$1.88 / 100G,https://www.woolworths.com.au/shop/productdetails/657078/on-the-menu-beer-battered-fish-chips,https://cdn0.woolworths.media/content/wowproductimages/medium/657078.jpg,2020-09-21 16:53:59,Average product rating out of 5: 4.3. Product score is based on 21 ratings,21,,True
99237a47-3ba8-444e-905b-ab29e7a58daa,Woolworths Supermarket,Freezer,Super Nature Slow Cooked Lamb Ragu Wholemeal Pappardelle 350g,657079,$6.30,$1.80 / 100G,https://www.woolworths.com.au/shop/productdetails/657079/super-nature-slow-cooked-lamb-ragu-wholemeal-pappardelle,https://cdn0.woolworths.media/content/wowproductimages/medium/657079.jpg,2020-09-21 16:53:59,Average product rating out of 5: 4.6. Product score is based on 9 ratings,9,,True
5d138c31-229b-424a-bf8c-fc65e1dc2cbc,Woolworths Supermarket,Freezer,Super Nature Wellness Bowl Green Chickpea Curry With Quinoa & Brown Rice 350g,657086,$6.30,$1.80 / 100G,https://www.woolworths.com.au/shop/productdetails/657086/super-nature-wellness-bowl-green-chickpea-curry-with-quinoa-brown-rice,https://cdn0.woolworths.media/content/wowproductimages/medium/657086.jpg,2020-09-21 16:53:59,Average product rating out of 5: 4.9. Product score is based on 12 ratings,12,,True
d9ea2337-e3b4-4dce-9eb8-3d6a3cdf1702,Woolworths Supermarket,Freezer,Super Nature Wellness Bowl Wholegrain Butter Chicken & Ancient Grain 350g,657183,$6.30,$1.80 / 100G,https://www.woolworths.com.au/shop/productdetails/657183/super-nature-wellness-bowl-wholegrain-butter-chicken-ancient-grain,https://cdn0.woolworths.media/content/wowproductimages/medium/657183.jpg,2020-09-21 16:53:59,Average product rating out of 5: 4.7. Product score is based on 7 ratings,7,,True
a4c24c73-9b57-4661-b5c4-0451639a8c92,Woolworths Supermarket,Freezer,"Super Nature Wholegrain Chicken Porcini, Mushroom & Truffle Risotto 350g",657184,$6.30,$1.80 / 100G,https://www.woolworths.com.au/shop/productdetails/657184/super-nature-wholegrain-chicken-porcini-mushroom-truffle-risotto,https://cdn0.woolworths.media/content/wowproductimages/medium/657184.jpg,2020-09-21 16:53:59,Average product rating out of 5: 4.8. Product score is based on 5 ratings,5,,True
de67d7e2-e0a5-41a2-8d80-c19324ab5931,Woolworths Supermarket,Freezer,Umami Edamame Seasoned Baby Soy Beans 400g,658298,$2.90,$7.25 / 1KG,https://www.woolworths.com.au/shop/productdetails/658298/umami-edamame-seasoned-baby-soy-beans,https://cdn0.woolworths.media/content/wowproductimages/medium/658298.jpg,2020-09-21 16:53:59,Average product rating out of 5: 4.4. Product score is based on 25 ratings,25,,True
f026ba1e-7b5d-4368-afdf-c8cc19e56cf6,Woolworths Supermarket,Freezer,Umami Edamame Salad 200g,658326,$2.50,$12.50 / 1KG,https://www.woolworths.com.au/shop/productdetails/658326/umami-edamame-salad,https://cdn0.woolworths.media/content/wowproductimages/medium/658326.jpg,2020-09-21 16:53:59,Average product rating out of 5: 4.8. Product score is based on 46 ratings,46,,True
884f4761-01ac-47e1-a2d8-787ba137d164,Woolworths Supermarket,Freezer,Hong Kong Dim Sim Kitchen Pork Dim Sim 320g,659511,,,https://www.woolworths.com.au/shop/productdetails/659511/hong-kong-dim-sim-kitchen-pork-dim-sim,https://cdn0.woolworths.media/content/wowproductimages/medium/659511.jpg,2020-09-21 16:53:59,Average product rating out of 5: 4.5. Product score is based on 68 ratings,68,,False
ae7048b2-c6bc-4454-b7eb-d30fbb9eeed9,Woolworths Supermarket,Freezer,Mccain Herb & Parmesan Chicken Schnitzel 310g,661385,$4.80,$1.55 / 100G,https://www.woolworths.com.au/shop/productdetails/661385/mccain-herb-parmesan-chicken-schnitzel,https://cdn0.woolworths.media/content/wowproductimages/medium/661385.jpg,2020-09-21 16:53:59,Average product rating out of 5: 4.3. Product score is based on 10 ratings,10,,True
d1c265c9-edaf-40dd-8afc-8b73dd177d63,Woolworths Supermarket,Freezer,Mccain Honey Stir Fry Chicken Stir Fry Healthy Choice 330g,661424,$4.00,$1.21 / 100G,https://www.woolworths.com.au/shop/productdetails/661424/mccain-honey-stir-fry-chicken-stir-fry-healthy-choice,https://cdn0.woolworths.media/content/wowproductimages/medium/661424.jpg,2020-09-21 16:53:59,Average product rating out of 5: 3.9. Product score is based on 19 ratings,19,Was $5.59 30/01/2017,True
416097bc-3044-4b3b-aebc-410a00678b7c,Woolworths Supermarket,Freezer,Mccain Beef & Bacon Pasta Bake 400g,661425,$3.50,$0.88 / 100G,https://www.woolworths.com.au/shop/productdetails/661425/mccain-beef-bacon-pasta-bake,https://cdn0.woolworths.media/content/wowproductimages/medium/661425.jpg,2020-09-21 16:53:59,Average product rating out of 5: 4.2. Product score is based on 10 ratings,10,,True
214faf4a-217a-4917-96af-43bda508adce,Woolworths Supermarket,Freezer,Mccain Spinach & Ricotta Ravioli Healthy Choice 350g,662124,$4.00,$1.14 / 100G,https://www.woolworths.com.au/shop/productdetails/662124/mccain-spinach-ricotta-ravioli-healthy-choice,https://cdn0.woolworths.media/content/wowproductimages/medium/662124.jpg,2020-09-21 16:53:59,Average product rating out of 5: 4.4. Product score is based on 16 ratings,16,Was $5.59 30/01/2017,True
cc13fee5-5b4b-4cc7-a72b-70af51f92478,Woolworths Supermarket,Freezer,Mccain Superfries Steak Cut 900g,662932,$3.00,$3.33 / 1KG,https://www.woolworths.com.au/shop/productdetails/662932/mccain-superfries-steak-cut,https://cdn0.woolworths.media/content/wowproductimages/medium/662932.jpg,2020-09-21 16:53:59,Average product rating out of 5: 4.5. Product score is based on 37 ratings,37,Was $3.79 15/01/2018,True
61be7c2a-db05-4e30-9bfb-d9b863b81858,Woolworths Supermarket,Freezer,Mccain Superfries Straight Cut 900g,662933,$3.00,$3.33 / 1KG,https://www.woolworths.com.au/shop/productdetails/662933/mccain-superfries-straight-cut,https://cdn0.woolworths.media/content/wowproductimages/medium/662933.jpg,2020-09-21 16:53:59,Average product rating out of 5: 4.2. Product score is based on 40 ratings,40,Was $3.79 20/11/2017,True
86689b39-589b-4900-8f0d-913b6b4ca75e,Woolworths Supermarket,Freezer,Mccain Superfries Crinkle Cut 900g,662935,$3.00,$3.33 / 1KG,https://www.woolworths.com.au/shop/productdetails/662935/mccain-superfries-crinkle-cut,https://cdn0.woolworths.media/content/wowproductimages/medium/662935.jpg,2020-09-21 16:53:59,Average product rating out of 5: 4.3. Product score is based on 95 ratings,95,Was $3.79 15/01/2018,True
32945705-496d-40f3-bbec-3720ad1d6268,Woolworths Supermarket,Freezer,Dr. Oetker Ristorante Mozzarella Gluten Free 370g,663660,$7.60,$2.05 / 100G,https://www.woolworths.com.au/shop/productdetails/663660/dr-oetker-ristorante-mozzarella-gluten-free,https://cdn0.woolworths.media/content/wowproductimages/medium/663660.jpg,2020-09-21 16:53:59,Average product rating out of 5: 4.7. Product score is based on 42 ratings,42,,True
ecd51b56-437a-4075-94e0-8c73b477fbdb,Woolworths Supermarket,Freezer,Woolworths Frozen Barramundi 1kg,664737,$19.00,$19.00 / 1KG,https://www.woolworths.com.au/shop/productdetails/664737/woolworths-frozen-barramundi,https://cdn0.woolworths.media/content/wowproductimages/medium/664737.jpg,2020-09-21 16:53:59,Average product rating out of 5: 4.0. Product score is based on 857 ratings,857,,True
9751b741-792b-440f-ae26-4d436cdf78b9,Woolworths Supermarket,Freezer,Ocean Chef Hoki Fillets 1kg,665989,$14.30,$14.30 / 1KG,https://www.woolworths.com.au/shop/productdetails/665989/ocean-chef-hoki-fillets,https://cdn0.woolworths.media/content/wowproductimages/medium/665989.jpg,2020-09-21 16:53:59,,0,,True
7c885cee-1983-4447-8a5b-6d3a3694b60d,Woolworths Supermarket,Freezer,Streets Golden Gaytime Unicorn Limited Edition 400ml,668015,$8.50,$2.13 / 100ML,https://www.woolworths.com.au/shop/productdetails/668015/streets-golden-gaytime-unicorn-limited-edition,https://cdn0.woolworths.media/content/wowproductimages/medium/668015.jpg,2020-09-21 16:53:59,Average product rating out of 5: 4.5. Product score is based on 13 ratings,13,,True
f7688038-35c1-4eb2-842d-735c06789db0,Woolworths Supermarket,Freezer,Ocean Chef Smoked Hoki 1kg,671451,$15.50,$15.50 / 1KG,https://www.woolworths.com.au/shop/productdetails/671451/ocean-chef-smoked-hoki,https://cdn0.woolworths.media/content/wowproductimages/medium/671451.jpg,2020-09-21 16:53:59,,0,,True
985f779a-b903-46ff-b4c2-2229a5944ca2,Woolworths Supermarket,Freezer,Jase's Kitchen Gluten Free Ham & Pineapple Pizza 185g,671631,$5.90,$3.19 / 100G,https://www.woolworths.com.au/shop/productdetails/671631/jase-s-kitchen-gluten-free-ham-pineapple-pizza,https://cdn0.woolworths.media/content/wowproductimages/medium/671631.jpg,2020-09-21 16:53:59,Average product rating out of 5: 3.7. Product score is based on 14 ratings,14,,True
a6ee9aa7-a57d-4692-85b1-b015284bfc5c,Woolworths Supermarket,Freezer,Proud & Punch Mini Pops Variety Pack 8 pack,672897,$8.00,$2.00 / 100ML,https://www.woolworths.com.au/shop/productdetails/672897/proud-punch-mini-pops-variety-pack,https://cdn0.woolworths.media/content/wowproductimages/medium/672897.jpg,2020-09-21 16:53:59,Average product rating out of 5: 4.1. Product score is based on 18 ratings,18,,True
ae5c4476-b7bf-4578-a1c5-15a2473f1c0a,Woolworths Supermarket,Freezer,Peters Billabong Rainbow Ice Cream 8 pack,672904,$4.00,$0.71 / 100ML,https://www.woolworths.com.au/shop/productdetails/672904/peters-billabong-rainbow-ice-cream,https://cdn0.woolworths.media/content/wowproductimages/medium/672904.jpg,2020-09-21 16:53:59,Average product rating out of 5: 4.3. Product score is based on 16 ratings,16,,True
84a5ff6e-a660-4ae1-89b8-af1801299fbe,Woolworths Supermarket,Freezer,Peters Barney Banana Ice Cream 8 pack,673350,$4.00,$0.74 / 100ML,https://www.woolworths.com.au/shop/productdetails/673350/peters-barney-banana-ice-cream,https://cdn0.woolworths.media/content/wowproductimages/medium/673350.jpg,2020-09-21 16:53:59,Average product rating out of 5: 4.7. Product score is based on 30 ratings,30,,True
10d7127e-85a7-4556-b8a9-36b806ed0870,Woolworths Supermarket,Freezer,Harry's Ice Cream Salted Caramel Ice Cream 520ml tub,674335,$4.00,$0.77 / 100ML,https://www.woolworths.com.au/shop/productdetails/674335/harry-s-ice-cream-salted-caramel-ice-cream,https://cdn0.woolworths.media/content/wowproductimages/medium/674335.jpg,2020-09-21 16:53:59,Average product rating out of 5: 4.6. Product score is based on 25 ratings,25,,True
3cfa8f5d-c160-4454-9aeb-d59e27bfb682,Woolworths Supermarket,Freezer,Halo Top Choc Chip Cookie Dough 473ml,674525,$9.00,$1.90 / 100ML,https://www.woolworths.com.au/shop/productdetails/674525/halo-top-choc-chip-cookie-dough,https://cdn0.woolworths.media/content/wowproductimages/medium/674525.jpg,2020-09-21 16:53:59,Average product rating out of 5: 3.8. Product score is based on 8 ratings,8,Was $10.00 05/08/2019,True
6b627b34-91e6-4293-acf3-718fa4575f7c,Woolworths Supermarket,Freezer,Sealord Southern Blue Whiting Classic Crumb 4 pack,674689,$7.00,$16.67 / 1KG,https://www.woolworths.com.au/shop/productdetails/674689/sealord-southern-blue-whiting-classic-crumb,https://cdn0.woolworths.media/content/wowproductimages/medium/674689.jpg,2020-09-21 16:53:59,Average product rating out of 5: 5.0. Product score is based on 6 ratings,6,,True
240dae8e-7ce8-468c-aace-0d89a9a30c98,Woolworths Supermarket,Freezer,Sealord Southern Blue Whiting Tempura 4 pack,674699,,,https://www.woolworths.com.au/shop/productdetails/674699/sealord-southern-blue-whiting-tempura,https://cdn0.woolworths.media/content/wowproductimages/medium/674699.jpg,2020-09-21 16:53:59,Average product rating out of 5: 4.8. Product score is based on 16 ratings,16,,False
1e6050e2-f99d-40d0-9837-f32840bd34de,Woolworths Supermarket,Freezer,Sealord Southern Blue Whiting Classic Crumb Bites 400g,674710,$7.00,$17.50 / 1KG,https://www.woolworths.com.au/shop/productdetails/674710/sealord-southern-blue-whiting-classic-crumb-bites,https://cdn0.woolworths.media/content/wowproductimages/medium/674710.jpg,2020-09-21 16:53:59,Average product rating out of 5: 4.4. Product score is based on 27 ratings,27,,True
d8942f43-a340-41f0-a5eb-919db9bb8c7b,Woolworths Supermarket,Freezer,Birds Eye Deli Hoki Fillets Lightly Battered 250g,674914,$6.00,$24.00 / 1KG,https://www.woolworths.com.au/shop/productdetails/674914/birds-eye-deli-hoki-fillets-lightly-battered,https://cdn0.woolworths.media/content/wowproductimages/medium/674914.jpg,2020-09-21 16:53:59,Average product rating out of 5: 4.9. Product score is based on 56 ratings,56,,True
3c98377e-429b-4b34-9efc-013b868edceb,Woolworths Supermarket,Freezer,Fropro Salted Caramel Ice Cream Tub 520ml,675346,$10.00,$1.92 / 100ML,https://www.woolworths.com.au/shop/productdetails/675346/fropro-salted-caramel-ice-cream-tub,https://cdn0.woolworths.media/content/wowproductimages/medium/675346.jpg,2020-09-21 16:53:59,Average product rating out of 5: 4.1. Product score is based on 9 ratings,9,Was $14.00 20/11/2017,True
847cbb48-0024-43ad-9434-dd5fa6625993,Woolworths Supermarket,Freezer,Woolworths Scotch Fillet Pork 600g,675492,$9.00,$15.00 / 1KG,https://www.woolworths.com.au/shop/productdetails/675492/woolworths-scotch-fillet-pork,https://cdn0.woolworths.media/content/wowproductimages/medium/675492.jpg,2020-09-21 16:53:59,,0,,True
03529e1d-9a66-41c6-90d9-ef3bbae072ba,Woolworths Supermarket,Freezer,Magnum Mini Ice Cream Dulce De Leche 6 pack,676007,$4.50,$1.25 / 100ML,https://www.woolworths.com.au/shop/productdetails/676007/magnum-mini-ice-cream-dulce-de-leche,https://cdn0.woolworths.media/content/wowproductimages/medium/676007.jpg,2020-09-21 16:53:59,Average product rating out of 5: 4.8. Product score is based on 8 ratings,8,,True
4f4b6ff6-b46c-4332-bdb3-b6e45df7da6e,Woolworths Supermarket,Freezer,Ben & Jerry's Peanut Butter & Cookies Non-dairy Frozen Dessert 458ml,676012,$8.00,$1.75 / 100ML,https://www.woolworths.com.au/shop/productdetails/676012/ben-jerry-s-peanut-butter-cookies-non-dairy-frozen-dessert,https://cdn0.woolworths.media/content/wowproductimages/medium/676012.jpg,2020-09-21 16:53:59,Average product rating out of 5: 4.9. Product score is based on 11 ratings,11,,True
bd447e46-a52e-4509-a480-dde07da4b9b9,Woolworths Supermarket,Freezer,Woolworths Zucchini Fetta Fritters 200g,677159,$5.00,$2.50 / 100G,https://www.woolworths.com.au/shop/productdetails/677159/woolworths-zucchini-fetta-fritters,https://cdn0.woolworths.media/content/wowproductimages/medium/677159.jpg,2020-09-21 16:53:59,Average product rating out of 5: 3.3. Product score is based on 16 ratings,16,,True
5d55c260-fa6c-4ba3-899c-2e438dd25c87,Woolworths Supermarket,Freezer,Mccain Man Size Bangers & Mash 500g,679345,$6.00,$1.20 / 100G,https://www.woolworths.com.au/shop/productdetails/679345/mccain-man-size-bangers-mash,https://cdn0.woolworths.media/content/wowproductimages/medium/679345.jpg,2020-09-21 16:53:59,Average product rating out of 5: 4.7. Product score is based on 18 ratings,18,,True
c15abed2-9a9d-4838-910a-4cf3918a3202,Woolworths Supermarket,Freezer,Creative Gourmet Frozen Passion Fruit Pulp 400g,680368,$4.50,$11.25 / 1KG,https://www.woolworths.com.au/shop/productdetails/680368/creative-gourmet-frozen-passion-fruit-pulp,https://cdn0.woolworths.media/content/wowproductimages/medium/680368.jpg,2020-09-21 16:53:59,Average product rating out of 5: 4.9. Product score is based on 12 ratings,12,,True
ca4ace92-14ce-4296-a74f-e774cd1729e7,Woolworths Supermarket,Freezer,Creative Gourmet Frozen Dragon Fruit Chunks 400g,680369,,,https://www.woolworths.com.au/shop/productdetails/680369/creative-gourmet-frozen-dragon-fruit-chunks,https://cdn0.woolworths.media/content/wowproductimages/medium/680369.jpg,2020-09-21 16:53:59,Average product rating out of 5: 5.0. Product score is based on 12 ratings,12,,False
c983c73e-8b7f-4d5a-bec2-dbe383f4324e,Woolworths Supermarket,Freezer,"Herbert Adams Slow Cooked Beef, Caramelised Onion & Cabernet Sauvignon 2 pack",680602,$7.80,$1.95 / 100G,https://www.woolworths.com.au/shop/productdetails/680602/herbert-adams-slow-cooked-beef-caramelised-onion-cabernet-sauvignon,https://cdn0.woolworths.media/content/wowproductimages/medium/680602.jpg,2020-09-21 16:53:59,Average product rating out of 5: 4.7. Product score is based on 23 ratings,23,,True
dcbf7fb5-11af-48bf-aee0-118cca44df64,Woolworths Supermarket,Freezer,Ocean Chef South American Flathead Fillets 1kg,682485,$18.00,$18.00 / 1KG,https://www.woolworths.com.au/shop/productdetails/682485/ocean-chef-south-american-flathead-fillets,https://cdn0.woolworths.media/content/wowproductimages/medium/682485.jpg,2020-09-21 16:53:59,,0,,True
385b5790-f590-4d23-8336-1347e1d13150,Woolworths Supermarket,Freezer,Birds Eye Golden Crunch Beer Batter Fries 500g,682609,$2.50,$5.00 / 1KG,https://www.woolworths.com.au/shop/productdetails/682609/birds-eye-golden-crunch-beer-batter-fries,https://cdn0.woolworths.media/content/wowproductimages/medium/682609.jpg,2020-09-21 16:53:59,Average product rating out of 5: 4.1. Product score is based on 25 ratings,25,,True
14e213dc-7ffb-47ee-b90a-0a71ffb3146a,Woolworths Supermarket,Freezer,Birds Eye Golden Ale Chips 600g,682739,$2.50,$4.17 / 1KG,https://www.woolworths.com.au/shop/productdetails/682739/birds-eye-golden-ale-chips,https://cdn0.woolworths.media/content/wowproductimages/medium/682739.jpg,2020-09-21 16:53:59,Average product rating out of 5: 4.7. Product score is based on 49 ratings,49,,True
61542481-3962-4267-b7d7-cf323b3277c1,Woolworths Supermarket,Freezer,Bell Farms Potato Gratin 4 pack,683567,$4.00,$10.00 / 1KG,https://www.woolworths.com.au/shop/productdetails/683567/bell-farms-potato-gratin,https://cdn0.woolworths.media/content/wowproductimages/medium/683567.jpg,2020-09-21 16:53:59,Average product rating out of 5: 4.7. Product score is based on 25 ratings,25,,True
3dc8e0bf-6fd7-4d8f-a0b1-425b071425c1,Woolworths Supermarket,Freezer,Bell Farms Waffle Cut Fries 750g,683568,$3.00,$4.00 / 1KG,https://www.woolworths.com.au/shop/productdetails/683568/bell-farms-waffle-cut-fries,https://cdn0.woolworths.media/content/wowproductimages/medium/683568.jpg,2020-09-21 16:53:59,Average product rating out of 5: 3.8. Product score is based on 103 ratings,103,,True
11b2b5dd-6ad3-4319-bb43-5e60670a9558,Woolworths Supermarket,Freezer,Woolworths Polenta & Parmesan Chips 250g,684103,$5.00,$2.00 / 100G,https://www.woolworths.com.au/shop/productdetails/684103/woolworths-polenta-parmesan-chips,https://cdn0.woolworths.media/content/wowproductimages/medium/684103.jpg,2020-09-21 16:53:59,Average product rating out of 5: 3.7. Product score is based on 14 ratings,14,,True
878765c4-e3a3-44bc-8c00-61395c09c2b0,Woolworths Supermarket,Freezer,Streets Viennetta Vanilla 650ml,684415,$6.60,$1.02 / 100ML,https://www.woolworths.com.au/shop/productdetails/684415/streets-viennetta-vanilla,https://cdn0.woolworths.media/content/wowproductimages/medium/684415.jpg,2020-09-21 16:53:59,Average product rating out of 5: 4.1. Product score is based on 23 ratings,23,,True
40f6af29-996a-489c-8ee6-5721065a7bf1,Woolworths Supermarket,Freezer,Mccain Gluten Free Chips 750g,690845,$3.00,$0.40 / 100G,https://www.woolworths.com.au/shop/productdetails/690845/mccain-gluten-free-chips,https://cdn0.woolworths.media/content/wowproductimages/medium/690845.jpg,2020-09-21 16:53:59,Average product rating out of 5: 4.7. Product score is based on 14 ratings,14,,True
416c1937-48fe-4879-9cca-3894dbb8b5d5,Woolworths Supermarket,Freezer,Mccain Man Size Spaghetti & Meatballs 500g,690864,$6.00,$1.20 / 100G,https://www.woolworths.com.au/shop/productdetails/690864/mccain-man-size-spaghetti-meatballs,https://cdn0.woolworths.media/content/wowproductimages/medium/690864.jpg,2020-09-21 16:53:59,Average product rating out of 5: 4.3. Product score is based on 17 ratings,17,,True
e0781114-cc6b-43bd-8a62-5eba57eb44f4,Woolworths Supermarket,Freezer,Mccain Man Size Butter Chicken 480g,690876,$6.00,$1.25 / 100G,https://www.woolworths.com.au/shop/productdetails/690876/mccain-man-size-butter-chicken,https://cdn0.woolworths.media/content/wowproductimages/medium/690876.jpg,2020-09-21 16:53:59,Average product rating out of 5: 3.9. Product score is based on 17 ratings,17,,True
67e5e0bc-f355-4de1-8363-41bb02a5071c,Woolworths Supermarket,Freezer,Dr. Oetker Papa Giuseppis Rising Stuffed Crust Supreme Pizza 525g,691788,$8.00,$1.52 / 100G,https://www.woolworths.com.au/shop/productdetails/691788/dr-oetker-papa-giuseppis-rising-stuffed-crust-supreme-pizza,https://cdn0.woolworths.media/content/wowproductimages/medium/691788.jpg,2020-09-21 16:53:59,Average product rating out of 5: 4.6. Product score is based on 27 ratings,27,,True
52f2fa5a-ebfe-43f7-8bc0-8d7f49275f39,Woolworths Supermarket,Freezer,Dr. Oetker Papa Giuseppis Rising Stuffed Crust Pepperoni Pizza 470g,691789,$8.00,$1.70 / 100G,https://www.woolworths.com.au/shop/productdetails/691789/dr-oetker-papa-giuseppis-rising-stuffed-crust-pepperoni-pizza,https://cdn0.woolworths.media/content/wowproductimages/medium/691789.jpg,2020-09-21 16:53:59,Average product rating out of 5: 4.1. Product score is based on 14 ratings,14,,True
6ab86eca-4249-4e71-97ba-e618090ab94d,Woolworths Supermarket,Freezer,Mccain Family Pizza Bbq Chicken & Pineapple 500g,691794,$5.50,$1.10 / 100G,https://www.woolworths.com.au/shop/productdetails/691794/mccain-family-pizza-bbq-chicken-pineapple,https://cdn0.woolworths.media/content/wowproductimages/medium/691794.jpg,2020-09-21 16:53:59,Average product rating out of 5: 4.0. Product score is based on 42 ratings,42,,True
43b387e3-d00f-4596-9455-15d06b63f153,Woolworths Supermarket,Freezer,Super Nature Super Green Sri Lankan Bowl 350g,691802,$6.30,$1.80 / 100G,https://www.woolworths.com.au/shop/productdetails/691802/super-nature-super-green-sri-lankan-bowl,https://cdn0.woolworths.media/content/wowproductimages/medium/691802.jpg,2020-09-21 16:53:59,Average product rating out of 5: 4.7. Product score is based on 6 ratings,6,,True
06847bed-dd4b-4ed4-9f9e-24f6f9631e89,Woolworths Supermarket,Freezer,Super Nature Super Pulses Chinese Chia Chicken 300g,691804,$4.00,$1.33 / 100G,https://www.woolworths.com.au/shop/productdetails/691804/super-nature-super-pulses-chinese-chia-chicken,https://cdn0.woolworths.media/content/wowproductimages/medium/691804.jpg,2020-09-21 16:53:59,Average product rating out of 5: 4.9. Product score is based on 14 ratings,14,,True
1b8f8341-f70d-4e9a-ba59-de2732e03b29,Woolworths Supermarket,Freezer,Super Nature Super Protein Lamb & Sweet Potato 350g,691805,$6.30,$1.80 / 100G,https://www.woolworths.com.au/shop/productdetails/691805/super-nature-super-protein-lamb-sweet-potato,https://cdn0.woolworths.media/content/wowproductimages/medium/691805.jpg,2020-09-21 16:53:59,Average product rating out of 5: 4.5. Product score is based on 2 ratings,2,,True
9d5882de-ebeb-48b7-9a56-6ead2cb5d353,Woolworths Supermarket,Freezer,Super Nature Super Pulses Beef Chia Meatball Pasta 300g,691806,$4.00,$1.33 / 100G,https://www.woolworths.com.au/shop/productdetails/691806/super-nature-super-pulses-beef-chia-meatball-pasta,https://cdn0.woolworths.media/content/wowproductimages/medium/691806.jpg,2020-09-21 16:53:59,Average product rating out of 5: 5.0. Product score is based on 5 ratings,5,,True
a6f1075d-8a84-464a-8ae8-2bd14bb157e7,Woolworths Supermarket,Freezer,Super Nature Vegan Bolognese 300g,691808,$4.00,$1.33 / 100G,https://www.woolworths.com.au/shop/productdetails/691808/super-nature-vegan-bolognese,https://cdn0.woolworths.media/content/wowproductimages/medium/691808.jpg,2020-09-21 16:53:59,Average product rating out of 5: 3.9. Product score is based on 11 ratings,11,,True
6af11e5b-adb0-4e89-b538-f915034235af,Woolworths Supermarket,Freezer,Super Nature Slow Cooked Lamb Hot Pot 300g,691813,$4.00,$1.33 / 100G,https://www.woolworths.com.au/shop/productdetails/691813/super-nature-slow-cooked-lamb-hot-pot,https://cdn0.woolworths.media/content/wowproductimages/medium/691813.jpg,2020-09-21 16:53:59,Average product rating out of 5: 4.7. Product score is based on 9 ratings,9,,True
b934ff42-7d8d-4598-8174-f790fe3294aa,Woolworths Supermarket,Freezer,Super Nature Super Pulses Thai Green Chicken Curry 300g,691815,$4.00,$1.33 / 100G,https://www.woolworths.com.au/shop/productdetails/691815/super-nature-super-pulses-thai-green-chicken-curry,https://cdn0.woolworths.media/content/wowproductimages/medium/691815.jpg,2020-09-21 16:53:59,Average product rating out of 5: 4.6. Product score is based on 11 ratings,11,,True
20103d4e-6d16-46f8-b1b2-38fc7fc06016,Woolworths Supermarket,Freezer,Woolworths Ice Cream Vanilla Bean 1l tub,693785,$5.00,$0.50 / 100ML,https://www.woolworths.com.au/shop/productdetails/693785/woolworths-ice-cream-vanilla-bean,https://cdn0.woolworths.media/content/wowproductimages/medium/693785.jpg,2020-09-21 16:53:59,Average product rating out of 5: 4.6. Product score is based on 513 ratings,513,,True
12e6ff41-41c5-4e7b-b2ec-9f09123e9472,Woolworths Supermarket,Freezer,Woolworths Ice Cream Cookies & Cream 1l tub,693786,$5.00,$0.50 / 100ML,https://www.woolworths.com.au/shop/productdetails/693786/woolworths-ice-cream-cookies-cream,https://cdn0.woolworths.media/content/wowproductimages/medium/693786.jpg,2020-09-21 16:53:59,Average product rating out of 5: 4.5. Product score is based on 158 ratings,158,,True
1713ea2f-a235-4682-bbd9-fee02b731b47,Woolworths Supermarket,Freezer,Woolworths Ice Cream Honey Caramel Macadamia 1l tub,693787,$5.00,$0.50 / 100ML,https://www.woolworths.com.au/shop/productdetails/693787/woolworths-ice-cream-honey-caramel-macadamia,https://cdn0.woolworths.media/content/wowproductimages/medium/693787.jpg,2020-09-21 16:53:59,Average product rating out of 5: 4.2. Product score is based on 267 ratings,267,,True
597f60f4-0aa6-41d8-86e5-eb7138f3401a,Woolworths Supermarket,Freezer,Gluten Free Bakehouse Chunky Beef Pie 2 pack,694031,$7.00,$2.06 / 100G,https://www.woolworths.com.au/shop/productdetails/694031/gluten-free-bakehouse-chunky-beef-pie,https://cdn0.woolworths.media/content/wowproductimages/medium/694031.jpg,2020-09-21 16:53:59,Average product rating out of 5: 4.5. Product score is based on 54 ratings,54,,True
68fbff84-71c3-499e-a51f-057ed9a06d64,Woolworths Supermarket,Freezer,Weight Watchers Classic Beef Bolognese 320g,694683,$4.00,$1.25 / 100G,https://www.woolworths.com.au/shop/productdetails/694683/weight-watchers-classic-beef-bolognese,https://cdn0.woolworths.media/content/wowproductimages/medium/694683.jpg,2020-09-21 16:53:59,Average product rating out of 5: 4.4. Product score is based on 23 ratings,23,Was $5.79 06/03/2017,True
db9652c6-c5a6-45d1-a181-3e75f70cdce8,Woolworths Supermarket,Freezer,Woolworths Frozen Beef Lasagne 375g,694853,$3.00,$0.80 / 100G,https://www.woolworths.com.au/shop/productdetails/694853/woolworths-frozen-beef-lasagne,https://cdn0.woolworths.media/content/wowproductimages/medium/694853.jpg,2020-09-21 16:53:59,Average product rating out of 5: 4.4. Product score is based on 28 ratings,28,Was $3.50 20/02/2017,True
7945a06d-9d1b-4954-be81-9ad6852b34c9,Woolworths Supermarket,Freezer,Woolworths Frozen Meal Butter Chicken & Rice 375g,694859,$3.00,$0.80 / 100G,https://www.woolworths.com.au/shop/productdetails/694859/woolworths-frozen-meal-butter-chicken-rice,https://cdn0.woolworths.media/content/wowproductimages/medium/694859.jpg,2020-09-21 16:53:59,Average product rating out of 5: 3.9. Product score is based on 1689 ratings,1689,Was $3.50 20/02/2017,True
7871f439-a241-4ee6-9886-c6194a5fe6b2,Woolworths Supermarket,Freezer,Woolworths Hokey Pokey Reduced Fat Ice Cream Tub 2l tub,695417,$4.50,$0.23 / 100ML,https://www.woolworths.com.au/shop/productdetails/695417/woolworths-hokey-pokey-reduced-fat-ice-cream-tub,https://cdn0.woolworths.media/content/wowproductimages/medium/695417.jpg,2020-09-21 16:53:59,Average product rating out of 5: 4.1. Product score is based on 2301 ratings,2301,,True
9a780780-5d1e-4e57-a64d-b9b079b77b85,Woolworths Supermarket,Freezer,Woolworths Vegetable Cocktail Spring Rolls 60 pack,695442,$5.80,$0.58 / 100G,https://www.woolworths.com.au/shop/productdetails/695442/woolworths-vegetable-cocktail-spring-rolls,https://cdn0.woolworths.media/content/wowproductimages/medium/695442.jpg,2020-09-21 16:53:59,Average product rating out of 5: 4.4. Product score is based on 420 ratings,420,,True
e24170d5-1a10-4a20-9339-6f2e223308a6,Woolworths Supermarket,Freezer,Woolworths Frozen Meal Chicken Korma & Rice 375g,695479,$3.00,$0.80 / 100G,https://www.woolworths.com.au/shop/productdetails/695479/woolworths-frozen-meal-chicken-korma-rice,https://cdn0.woolworths.media/content/wowproductimages/medium/695479.jpg,2020-09-21 16:53:59,Average product rating out of 5: 4.5. Product score is based on 26 ratings,26,Was $3.50 20/02/2017,True
61a592ca-60e0-46e9-a973-4eac51ef7687,Woolworths Supermarket,Freezer,Woolworths Frozen Meal Chicken Satay & Rice 375g,695489,$3.00,$0.80 / 100G,https://www.woolworths.com.au/shop/productdetails/695489/woolworths-frozen-meal-chicken-satay-rice,https://cdn0.woolworths.media/content/wowproductimages/medium/695489.jpg,2020-09-21 16:53:59,Average product rating out of 5: 3.7. Product score is based on 662 ratings,662,Was $3.50 20/02/2017,True
53196de6-9017-45a4-ae89-511215c5d319,Woolworths Supermarket,Freezer,Sealord Hoki Fillets Pub Style 450g,697972,$9.50,$21.11 / 1KG,https://www.woolworths.com.au/shop/productdetails/697972/sealord-hoki-fillets-pub-style,https://cdn0.woolworths.media/content/wowproductimages/medium/697972.jpg,2020-09-21 16:53:59,Average product rating out of 5: 4.1. Product score is based on 11 ratings,11,,True
12b0ff23-3797-4e40-b697-6b50496ff5f4,Woolworths Supermarket,Freezer,Oreo Ice Cream Cone 4 pack,699046,$5.00,$1.05 / 100ML,https://www.woolworths.com.au/shop/productdetails/699046/oreo-ice-cream-cone,https://cdn0.woolworths.media/content/wowproductimages/medium/699046.jpg,2020-09-21 16:53:59,Average product rating out of 5: 4.3. Product score is based on 6 ratings,6,,True
c392837a-c870-44d2-b0bd-837e68f27f33,Woolworths Supermarket,Freezer,Connoisseur Strawberries & Cream Ice Cream 4 pack,699139,$8.60,$1.89 / 100ML,https://www.woolworths.com.au/shop/productdetails/699139/connoisseur-strawberries-cream-ice-cream,https://cdn0.woolworths.media/content/wowproductimages/medium/699139.jpg,2020-09-21 16:53:59,Average product rating out of 5: 4.0. Product score is based on 5 ratings,5,,True
37de2b5d-cb47-44b6-86b9-88ef7fe3d56a,Woolworths Supermarket,Freezer,Connoisseur Ice Cream Vanilla Caramel Brownie 1l,699140,$11.00,$1.10 / 100ML,https://www.woolworths.com.au/shop/productdetails/699140/connoisseur-ice-cream-vanilla-caramel-brownie,https://cdn0.woolworths.media/content/wowproductimages/medium/699140.jpg,2020-09-21 16:53:59,Average product rating out of 5: 4.7. Product score is based on 20 ratings,20,,True
7c181223-3a3b-425e-bcb8-f06cd3f78b8b,Woolworths Supermarket,Freezer,Oreo Ice Cream Cookie Sandwich 4 pack,699192,$5.00,$1.14 / 100ML,https://www.woolworths.com.au/shop/productdetails/699192/oreo-ice-cream-cookie-sandwich,https://cdn0.woolworths.media/content/wowproductimages/medium/699192.jpg,2020-09-21 16:53:59,Average product rating out of 5: 4.6. Product score is based on 7 ratings,7,,True
abeb014a-96a7-486a-bfca-efcfadac648a,Woolworths Supermarket,Freezer,Woolworths Fishy Nuggets 330g,699830,$5.00,$15.15 / 1KG,https://www.woolworths.com.au/shop/productdetails/699830/woolworths-fishy-nuggets,https://cdn0.woolworths.media/content/wowproductimages/medium/699830.jpg,2020-09-21 16:53:59,Average product rating out of 5: 3.6. Product score is based on 16 ratings,16,,True
4bd7765e-3993-4fa5-a8a2-f9c3f35302d6,Woolworths Supermarket,Freezer,Woolworths Fish Cakes 6 pack,699832,$5.00,$16.67 / 1KG,https://www.woolworths.com.au/shop/productdetails/699832/woolworths-fish-cakes,https://cdn0.woolworths.media/content/wowproductimages/medium/699832.jpg,2020-09-21 16:53:59,Average product rating out of 5: 2.5. Product score is based on 368 ratings,368,,True
1403910b-6fb4-4eb0-875a-6967241fce7e,Woolworths Supermarket,Freezer,Woolworths Pumpkin Harissa Bites 200g,699833,$5.00,$2.50 / 100G,https://www.woolworths.com.au/shop/productdetails/699833/woolworths-pumpkin-harissa-bites,https://cdn0.woolworths.media/content/wowproductimages/medium/699833.jpg,2020-09-21 16:53:59,Average product rating out of 5: 3.7. Product score is based on 684 ratings,684,,True
bac1a533-70a4-458a-83a6-25e9529df28a,Woolworths Supermarket,Freezer,Woolworths Fish Fillets Crumbed 425g,700541,$4.40,$10.35 / 1KG,https://www.woolworths.com.au/shop/productdetails/700541/woolworths-fish-fillets-crumbed,https://cdn0.woolworths.media/content/wowproductimages/medium/700541.jpg,2020-09-21 16:53:59,Average product rating out of 5: 4.5. Product score is based on 34 ratings,34,,True
6ad7e07e-4645-45ae-9fc6-0448c6af2e0f,Woolworths Supermarket,Freezer,Woolworths Fish Fingers Fillets 400g,700544,$3.80,$9.50 / 1KG,https://www.woolworths.com.au/shop/productdetails/700544/woolworths-fish-fingers-fillets,https://cdn0.woolworths.media/content/wowproductimages/medium/700544.jpg,2020-09-21 16:53:59,Average product rating out of 5: 4.6. Product score is based on 24 ratings,24,,True
68fe2d40-8122-4d94-942b-6d8ca026cc45,Woolworths Supermarket,Freezer,Woolworths Select Battered Fish Fillets 425g,700545,$4.40,$10.35 / 1KG,https://www.woolworths.com.au/shop/productdetails/700545/woolworths-select-battered-fish-fillets,https://cdn0.woolworths.media/content/wowproductimages/medium/700545.jpg,2020-09-21 16:53:59,Average product rating out of 5: 4.3. Product score is based on 27 ratings,27,,True
2befdb51-9b99-4849-90a8-87f69aef203d,Woolworths Supermarket,Freezer,Woolworths Frozen Fish Crumbed 1kg,700546,$7.70,$7.70 / 1KG,https://www.woolworths.com.au/shop/productdetails/700546/woolworths-frozen-fish-crumbed,https://cdn0.woolworths.media/content/wowproductimages/medium/700546.jpg,2020-09-21 16:53:59,Average product rating out of 5: 4.5. Product score is based on 84 ratings,84,,True
65a5ab2c-c700-4b96-88db-6f28a2b0f365,Woolworths Supermarket,Freezer,Halo Top Sea Salt Caramel Ice Cream Tub 473ml,700778,$9.00,$1.90 / 100ML,https://www.woolworths.com.au/shop/productdetails/700778/halo-top-sea-salt-caramel-ice-cream-tub,https://cdn0.woolworths.media/content/wowproductimages/medium/700778.jpg,2020-09-21 16:53:59,Average product rating out of 5: 3.3. Product score is based on 7 ratings,7,Was $10.00 05/08/2019,True
eafa2c34-a961-44a6-a154-6af3af75a54f,Woolworths Supermarket,Freezer,Mr Chen's Steam Selection 240g,705113,$7.50,$3.13 / 100G,https://www.woolworths.com.au/shop/productdetails/705113/mr-chen-s-steam-selection,https://cdn0.woolworths.media/content/wowproductimages/medium/705113.jpg,2020-09-21 16:53:59,Average product rating out of 5: 4.7. Product score is based on 12 ratings,12,,True
de5e4ba1-1c6e-4874-98d2-2c8f0f14bf64,Woolworths Supermarket,Freezer,Mr Chen's Prawn Hargow 300g,705130,$7.50,$2.50 / 100G,https://www.woolworths.com.au/shop/productdetails/705130/mr-chen-s-prawn-hargow,https://cdn0.woolworths.media/content/wowproductimages/medium/705130.jpg,2020-09-21 16:53:59,Average product rating out of 5: 4.5. Product score is based on 42 ratings,42,,True
e4eee243-1096-46e7-b62e-6f4e6158eabd,Woolworths Supermarket,Freezer,Dr. Oetker Ristorante Vegetale Vegetable 385g,705356,$6.50,$1.69 / 100G,https://www.woolworths.com.au/shop/productdetails/705356/dr-oetker-ristorante-vegetale-vegetable,https://cdn0.woolworths.media/content/wowproductimages/medium/705356.jpg,2020-09-21 16:53:59,Average product rating out of 5: 4.9. Product score is based on 10 ratings,10,,True
d82ba076-143a-4a21-8f72-f2d39abe7680,Woolworths Supermarket,Freezer,Dr. Oetker Ristorante Pizza Hawaiian 355g,705357,$6.50,$1.83 / 100G,https://www.woolworths.com.au/shop/productdetails/705357/dr-oetker-ristorante-pizza-hawaiian,https://cdn0.woolworths.media/content/wowproductimages/medium/705357.jpg,2020-09-21 16:53:59,Average product rating out of 5: 4.6. Product score is based on 35 ratings,35,,True
914797f0-35a6-4c8f-8bb5-2abe0eba84b2,Woolworths Supermarket,Freezer,Dr. Oetker Ristorante Pizza Mozzarella 335g,705368,$6.50,$1.94 / 100G,https://www.woolworths.com.au/shop/productdetails/705368/dr-oetker-ristorante-pizza-mozzarella,https://cdn0.woolworths.media/content/wowproductimages/medium/705368.jpg,2020-09-21 16:53:59,Average product rating out of 5: 4.8. Product score is based on 42 ratings,42,,True
8efc50e9-e605-4adf-84ca-a00895d86516,Woolworths Supermarket,Freezer,Dr. Oetker Ristorante Pizza Peperoni 310g,705420,$6.50,$2.10 / 100G,https://www.woolworths.com.au/shop/productdetails/705420/dr-oetker-ristorante-pizza-peperoni,https://cdn0.woolworths.media/content/wowproductimages/medium/705420.jpg,2020-09-21 16:53:59,Average product rating out of 5: 4.8. Product score is based on 51 ratings,51,,True
30deabff-0552-4fe7-be42-49b316129119,Woolworths Supermarket,Freezer,Birds Eye Country Harvest Mixed Vegetables Peas & Corn 1kg,705677,$5.00,$5.00 / 1KG,https://www.woolworths.com.au/shop/productdetails/705677/birds-eye-country-harvest-mixed-vegetables-peas-corn,https://cdn0.woolworths.media/content/wowproductimages/medium/705677.jpg,2020-09-21 16:53:59,Average product rating out of 5: 4.9. Product score is based on 26 ratings,26,,True
f113910f-8e10-40c6-b6c8-af4c2c47bbbc,Woolworths Supermarket,Freezer,Birds Eye Stir Fry Mix Chinese 850g,705694,$5.00,$5.88 / 1KG,https://www.woolworths.com.au/shop/productdetails/705694/birds-eye-stir-fry-mix-chinese,https://cdn0.woolworths.media/content/wowproductimages/medium/705694.jpg,2020-09-21 16:53:59,Average product rating out of 5: 4.7. Product score is based on 41 ratings,41,,True
8235a7f2-2b66-4c69-9985-0d62677cbde5,Woolworths Supermarket,Freezer,Heinz Beans Broad 500g,706960,$3.10,$6.20 / 1KG,https://www.woolworths.com.au/shop/productdetails/706960/heinz-beans-broad,https://cdn0.woolworths.media/content/wowproductimages/medium/706960.jpg,2020-09-21 16:53:59,Average product rating out of 5: 4.5. Product score is based on 45 ratings,45,,True
89970b95-1b8f-4f90-9ce7-40611a622811,Woolworths Supermarket,Freezer,On The Menu Lasagne Vegetable 260g,708918,$3.00,$1.15 / 100G,https://www.woolworths.com.au/shop/productdetails/708918/on-the-menu-lasagne-vegetable,https://cdn0.woolworths.media/content/wowproductimages/medium/708918.jpg,2020-09-21 16:53:59,Average product rating out of 5: 4.3. Product score is based on 16 ratings,16,,True
df361f51-19e2-4817-aa48-6d1763b0c1c1,Woolworths Supermarket,Freezer,On The Menu Lasagne Beef 260g,708952,$3.00,$1.15 / 100G,https://www.woolworths.com.au/shop/productdetails/708952/on-the-menu-lasagne-beef,https://cdn0.woolworths.media/content/wowproductimages/medium/708952.jpg,2020-09-21 16:53:59,Average product rating out of 5: 4.2. Product score is based on 52 ratings,52,,True
b0c4c948-e985-47b6-82aa-11d1c169e8b6,Woolworths Supermarket,Freezer,Golden Wok Diana Chan Korean Beef Dumpling 230g,709254,$7.50,$3.26 / 100G,https://www.woolworths.com.au/shop/productdetails/709254/golden-wok-diana-chan-korean-beef-dumpling,https://cdn0.woolworths.media/content/wowproductimages/medium/709254.jpg,2020-09-21 16:53:59,Average product rating out of 5: 4.5. Product score is based on 15 ratings,15,,True
8398fcca-bb45-42f9-a299-823596ffdb9c,Woolworths Supermarket,Freezer,Mr Chen's Pork & Chive Dumplings 300g,710587,$7.50,$2.50 / 100G,https://www.woolworths.com.au/shop/productdetails/710587/mr-chen-s-pork-chive-dumplings,https://cdn0.woolworths.media/content/wowproductimages/medium/710587.jpg,2020-09-21 16:53:59,Average product rating out of 5: 4.4. Product score is based on 20 ratings,20,,True
b3741929-26d3-4176-9992-64eba15b8ed6,Woolworths Supermarket,Freezer,Golden Wok Diana Chan Thai Chicken Dumpling 230g,710591,$7.50,$3.26 / 100G,https://www.woolworths.com.au/shop/productdetails/710591/golden-wok-diana-chan-thai-chicken-dumpling,https://cdn0.woolworths.media/content/wowproductimages/medium/710591.jpg,2020-09-21 16:53:59,Average product rating out of 5: 4.6. Product score is based on 33 ratings,33,,True
d2b26551-3b0a-4037-8fcf-85740400e937,Woolworths Supermarket,Freezer,Peters Maxibon Ice Cream Caramel Rough Nut 4 pack,716244,$8.40,$1.35 / 100ML,https://www.woolworths.com.au/shop/productdetails/716244/peters-maxibon-ice-cream-caramel-rough-nut,https://cdn0.woolworths.media/content/wowproductimages/medium/716244.jpg,2020-09-21 16:53:59,Average product rating out of 5: 4.8. Product score is based on 13 ratings,13,,True
1d13f576-24e0-4334-9b08-48a641867929,Woolworths Supermarket,Freezer,Quorn Pieces 300g,716852,$6.20,$2.07 / 100G,https://www.woolworths.com.au/shop/productdetails/716852/quorn-pieces,https://cdn0.woolworths.media/content/wowproductimages/medium/716852.jpg,2020-09-21 16:53:59,,0,,True
05d3b983-0537-4edb-937c-7621a3170d02,Woolworths Supermarket,Freezer,Sealord Classic Crumbed Fish Bites 400g,721523,$7.00,$17.50 / 1KG,https://www.woolworths.com.au/shop/productdetails/721523/sealord-classic-crumbed-fish-bites,https://cdn0.woolworths.media/content/wowproductimages/medium/721523.jpg,2020-09-21 16:53:59,Average product rating out of 5: 4.7. Product score is based on 30 ratings,30,,True
bfa276d1-5991-44a9-8e05-f44d62f664d7,Woolworths Supermarket,Freezer,Sara Lee Blueberry Danish 400g,724739,$6.25,$1.56 / 100G,https://www.woolworths.com.au/shop/productdetails/724739/sara-lee-blueberry-danish,https://cdn0.woolworths.media/content/wowproductimages/medium/724739.jpg,2020-09-21 16:53:59,Average product rating out of 5: 4.7. Product score is based on 11 ratings,11,,True
67da9896-dcb8-4604-9061-d296acce5615,Woolworths Supermarket,Freezer,Sara Lee Custard Danish 400g,724747,$6.25,$1.56 / 100G,https://www.woolworths.com.au/shop/productdetails/724747/sara-lee-custard-danish,https://cdn0.woolworths.media/content/wowproductimages/medium/724747.jpg,2020-09-21 16:53:59,Average product rating out of 5: 4.8. Product score is based on 21 ratings,21,,True
fb6325f0-7f19-44c7-92dd-d734a91b9398,Woolworths Supermarket,Freezer,Sara Lee Apple Danish 400g,724749,$6.25,$1.56 / 100G,https://www.woolworths.com.au/shop/productdetails/724749/sara-lee-apple-danish,https://cdn0.woolworths.media/content/wowproductimages/medium/724749.jpg,2020-09-21 16:53:59,Average product rating out of 5: 4.4. Product score is based on 8 ratings,8,,True
67ab8210-f47a-42cc-b421-8a5152f38fbe,Woolworths Supermarket,Freezer,Ocean Chef Usa Sea Scallops 425g,727050,$25.00,$58.82 / 1KG,https://www.woolworths.com.au/shop/productdetails/727050/ocean-chef-usa-sea-scallops,https://cdn0.woolworths.media/content/wowproductimages/medium/727050.jpg,2020-09-21 16:53:59,,0,,True
99bf56e4-6d62-4fd1-8b20-58cf59a51d83,Woolworths Supermarket,Freezer,Movenpick Swiss Chocolate Ice Cream 500ml,727354,$7.00,$1.40 / 100ML,https://www.woolworths.com.au/shop/productdetails/727354/movenpick-swiss-chocolate-ice-cream,https://cdn0.woolworths.media/content/wowproductimages/medium/727354.jpg,2020-09-21 16:53:59,Average product rating out of 5: 4.2. Product score is based on 14 ratings,14,,True
76d91488-4b34-4444-bee4-e47a5ad16b79,Woolworths Supermarket,Freezer,Dr. Oetker Ristorante Pizza Spinaci 390g,728499,$6.50,$1.67 / 100G,https://www.woolworths.com.au/shop/productdetails/728499/dr-oetker-ristorante-pizza-spinaci,https://cdn0.woolworths.media/content/wowproductimages/medium/728499.jpg,2020-09-21 16:53:59,Average product rating out of 5: 4.7. Product score is based on 40 ratings,40,,True
1c21e6b9-6963-42ae-a4e7-70aec33e8d01,Woolworths Supermarket,Freezer,Ingham's Free Range Chicken Tenderloins Sweet Chilli 350g,730437,$8.30,$23.71 / 1KG,https://www.woolworths.com.au/shop/productdetails/730437/ingham-s-free-range-chicken-tenderloins-sweet-chilli,https://cdn0.woolworths.media/content/wowproductimages/medium/730437.jpg,2020-09-21 16:53:59,Average product rating out of 5: 4.5. Product score is based on 24 ratings,24,,True
d5a3f538-6df5-4200-ab3a-58a53c279dbe,Woolworths Supermarket,Freezer,Bulla Icy Pops Lemonade Raspberry & Cola 10 pack,730629,$4.30,$0.61 / 100ML,https://www.woolworths.com.au/shop/productdetails/730629/bulla-icy-pops-lemonade-raspberry-cola,https://cdn0.woolworths.media/content/wowproductimages/medium/730629.jpg,2020-09-21 16:53:59,Average product rating out of 5: 5.0. Product score is based on 11 ratings,11,,True
3cc71f3d-e4ea-47c0-9b19-fba53f90aebd,Woolworths Supermarket,Freezer,Ingham's Free Range Chicken Tenderloins Wholemeal And Quinoa 350g,730796,$8.30,$23.71 / 1KG,https://www.woolworths.com.au/shop/productdetails/730796/ingham-s-free-range-chicken-tenderloins-wholemeal-and-quinoa,https://cdn0.woolworths.media/content/wowproductimages/medium/730796.jpg,2020-09-21 16:53:59,Average product rating out of 5: 4.6. Product score is based on 38 ratings,38,,True
7b290fef-e9fa-4326-a598-6153864661e0,Woolworths Supermarket,Freezer,Peters Maxibon Honeycomb Honeycomb 620ml,730914,$8.40,$1.35 / 100ML,https://www.woolworths.com.au/shop/productdetails/730914/peters-maxibon-honeycomb-honeycomb,https://cdn0.woolworths.media/content/wowproductimages/medium/730914.jpg,2020-09-21 16:53:59,Average product rating out of 5: 4.4. Product score is based on 14 ratings,14,,True
3cdf99a9-af06-4ba6-8df2-7d1edc8c7b37,Woolworths Supermarket,Freezer,Papa Giuseppi's Panini Tomato & Cheese 250g 2pk,733157,$5.00,$2.00 / 100G,https://www.woolworths.com.au/shop/productdetails/733157/papa-giuseppi-s-panini-tomato-cheese,https://cdn0.woolworths.media/content/wowproductimages/medium/733157.jpg,2020-09-21 16:53:59,Average product rating out of 5: 4.4. Product score is based on 53 ratings,53,,True
9c1d8d56-4aa4-4758-9c9b-046970d3b9d9,Woolworths Supermarket,Freezer,Woolworths Chicken Breast Crumbed Nuggets 400g,733775,$3.59,$8.98 / 1KG,https://www.woolworths.com.au/shop/productdetails/733775/woolworths-chicken-breast-crumbed-nuggets,https://cdn0.woolworths.media/content/wowproductimages/medium/733775.jpg,2020-09-21 16:53:59,Average product rating out of 5: 4.4. Product score is based on 409 ratings,409,,True
7f4519d0-b4ea-49f5-84ee-37c5a18444b7,Woolworths Supermarket,Freezer,The Real Yorkshire Pudding Co. Snacks 12 pack,738336,$4.39,$19.09 / 1KG,https://www.woolworths.com.au/shop/productdetails/738336/the-real-yorkshire-pudding-co-snacks,https://cdn0.woolworths.media/content/wowproductimages/medium/738336.jpg,2020-09-21 16:53:59,Average product rating out of 5: 4.7. Product score is based on 21 ratings,21,,True
0a27b92c-0f6d-4704-ba43-fd7a7b343bcc,Woolworths Supermarket,Freezer,Sara Lee Tiramisu 415g,739139,$7.00,$1.69 / 100G,https://www.woolworths.com.au/shop/productdetails/739139/sara-lee-tiramisu,https://cdn0.woolworths.media/content/wowproductimages/medium/739139.jpg,2020-09-21 16:53:59,Average product rating out of 5: 4.5. Product score is based on 20 ratings,20,,True
ac8f5836-e83c-4588-944b-96f5aef76c96,Woolworths Supermarket,Freezer,Halo Top Cookies & Cream 473ml,739244,$9.00,$1.90 / 100ML,https://www.woolworths.com.au/shop/productdetails/739244/halo-top-cookies-cream,https://cdn0.woolworths.media/content/wowproductimages/medium/739244.jpg,2020-09-21 16:53:59,Average product rating out of 5: 4.0. Product score is based on 6 ratings,6,Was $10.00 05/08/2019,True
18080d6d-0dd1-427f-90a6-2bcf0044645f,Woolworths Supermarket,Freezer,Woolworths Frozen Sticky Date Puddings 2 pack,739556,$4.00,$1.82 / 100G,https://www.woolworths.com.au/shop/productdetails/739556/woolworths-frozen-sticky-date-puddings,https://cdn0.woolworths.media/content/wowproductimages/medium/739556.jpg,2020-09-21 16:53:59,Average product rating out of 5: 4.1. Product score is based on 704 ratings,704,,True
3a9e0a25-0f90-4938-827c-e94a05050118,Woolworths Supermarket,Freezer,Blue Ribbon Neapolitan Ice Cream 2l,739602,$4.90,$0.25 / 100ML,https://www.woolworths.com.au/shop/productdetails/739602/blue-ribbon-neapolitan-ice-cream,https://cdn0.woolworths.media/content/wowproductimages/medium/739602.jpg,2020-09-21 16:53:59,Average product rating out of 5: 4.6. Product score is based on 25 ratings,25,Was $7.49 10/11/2015,True
fdd09c44-da08-4c86-a35b-7989703fc6be,Woolworths Supermarket,Freezer,Magnum Ice Cream Double Caramel 4 pack,739727,$4.50,$1.16 / 100ML,https://www.woolworths.com.au/shop/productdetails/739727/magnum-ice-cream-double-caramel,https://cdn0.woolworths.media/content/wowproductimages/medium/739727.jpg,2020-09-21 16:53:59,Average product rating out of 5: 4.8. Product score is based on 20 ratings,20,,True
b730ec3d-5522-4a00-b7f3-0ef26b1f53c3,Woolworths Supermarket,Freezer,Nanna's Rhubarb & Apple Crumble 550g,739902,$4.00,$0.73 / 100G,https://www.woolworths.com.au/shop/productdetails/739902/nanna-s-rhubarb-apple-crumble,https://cdn0.woolworths.media/content/wowproductimages/medium/739902.jpg,2020-09-21 16:53:59,Average product rating out of 5: 4.8. Product score is based on 21 ratings,21,Was $6.00 23/07/2018,True
7e55f5a8-eb10-48b5-b770-75000fc69b70,Woolworths Supermarket,Freezer,Woolworths Frozen Sliced Peaches 300g,741839,$4.00,$13.33 / 1KG,https://www.woolworths.com.au/shop/productdetails/741839/woolworths-frozen-sliced-peaches,https://cdn0.woolworths.media/content/wowproductimages/medium/741839.jpg,2020-09-21 16:53:59,Average product rating out of 5: 3.9. Product score is based on 418 ratings,418,,True
c355256e-093b-4b7c-b282-0b73f8f29be2,Woolworths Supermarket,Freezer,Patties Mini Party Quiche Lorraine 12 pack,743213,$8.00,$1.90 / 100G,https://www.woolworths.com.au/shop/productdetails/743213/patties-mini-party-quiche-lorraine,https://cdn0.woolworths.media/content/wowproductimages/medium/743213.jpg,2020-09-21 16:53:59,Average product rating out of 5: 4.4. Product score is based on 39 ratings,39,,True
1e079742-fa2b-4101-87ae-6bfc3a8dc7c6,Woolworths Supermarket,Freezer,Patties Mini Party Quiche Caramelised Onion & Cheese 12 pack,743224,$8.00,$1.90 / 100G,https://www.woolworths.com.au/shop/productdetails/743224/patties-mini-party-quiche-caramelised-onion-cheese,https://cdn0.woolworths.media/content/wowproductimages/medium/743224.jpg,2020-09-21 16:53:59,Average product rating out of 5: 4.2. Product score is based on 27 ratings,27,,True
8a782202-d483-4fcf-a397-54f230463db3,Woolworths Supermarket,Freezer,Gardein Seven Grain Crispy Tender 255g,743737,$9.60,$3.76 / 100G,https://www.woolworths.com.au/shop/productdetails/743737/gardein-seven-grain-crispy-tender,https://cdn0.woolworths.media/content/wowproductimages/medium/743737.jpg,2020-09-21 16:53:59,,0,,True
9c1fe139-6663-4ea4-a72a-bd1735ec75de,Woolworths Supermarket,Freezer,Gardein Golden Fishless Filets 288g,743739,$9.60,$3.33 / 100G,https://www.woolworths.com.au/shop/productdetails/743739/gardein-golden-fishless-filets,https://cdn0.woolworths.media/content/wowproductimages/medium/743739.jpg,2020-09-21 16:53:59,,0,,True
96ea91ab-26f6-4d8d-90c3-ca5e87748a90,Woolworths Supermarket,Freezer,Mr Chen's Chive & Prawn Wonton 240g,744148,$7.50,$3.13 / 100G,https://www.woolworths.com.au/shop/productdetails/744148/mr-chen-s-chive-prawn-wonton,https://cdn0.woolworths.media/content/wowproductimages/medium/744148.jpg,2020-09-21 16:53:59,Average product rating out of 5: 4.6. Product score is based on 16 ratings,16,,True
726e2510-2229-45c4-8400-bb84df2fa152,Woolworths Supermarket,Freezer,Chiko Corn Jacks 575g,744482,$5.40,$0.94 / 100G,https://www.woolworths.com.au/shop/productdetails/744482/chiko-corn-jacks,https://cdn0.woolworths.media/content/wowproductimages/medium/744482.jpg,2020-09-21 16:53:59,Average product rating out of 5: 4.2. Product score is based on 26 ratings,26,,True
290fb421-20dc-4603-8708-05fcc663786c,Woolworths Supermarket,Freezer,Jamie Oliver Fish Cakes With Parsley Crumb 4 pack,744613,$4.70,$23.50 / 1KG,https://www.woolworths.com.au/shop/productdetails/744613/jamie-oliver-fish-cakes-with-parsley-crumb,https://cdn0.woolworths.media/content/wowproductimages/medium/744613.jpg,2020-09-21 16:53:59,Average product rating out of 5: 4.6. Product score is based on 22 ratings,22,,True
52c82106-7b23-4e70-a974-09e0eb5174c0,Woolworths Supermarket,Freezer,Raw Prawn Meat 300g,744635,$11.50,$38.33 / 1KG,https://www.woolworths.com.au/shop/productdetails/744635/raw-prawn-meat,https://cdn0.woolworths.media/content/wowproductimages/medium/744635.jpg,2020-09-21 16:53:59,,0,,True
53d89865-b9a2-4c3c-b0cf-2d3f95b6d3f7,Woolworths Supermarket,Freezer,Jamie Oliver Fish Fingers 10 pack,744637,$4.70,$15.67 / 1KG,https://www.woolworths.com.au/shop/productdetails/744637/jamie-oliver-fish-fingers,https://cdn0.woolworths.media/content/wowproductimages/medium/744637.jpg,2020-09-21 16:53:59,Average product rating out of 5: 4.7. Product score is based on 29 ratings,29,,True
c7c4cde4-b434-4aa4-9eda-b1df91d15754,Woolworths Supermarket,Freezer,Jamie Oliver Fish Cakes Pollock 4 pack,744640,$4.70,$23.50 / 1KG,https://www.woolworths.com.au/shop/productdetails/744640/jamie-oliver-fish-cakes-pollock,https://cdn0.woolworths.media/content/wowproductimages/medium/744640.jpg,2020-09-21 16:53:59,Average product rating out of 5: 4.5. Product score is based on 8 ratings,8,,True
ac024910-e96b-4ab0-9f94-85f352c69881,Woolworths Supermarket,Freezer,Bayview Gluten Free Chicken Pieces Breast Bites 260g,744827,$9.00,$3.46 / 100G,https://www.woolworths.com.au/shop/productdetails/744827/bayview-gluten-free-chicken-pieces-breast-bites,https://cdn0.woolworths.media/content/wowproductimages/medium/744827.jpg,2020-09-21 16:53:59,Average product rating out of 5: 4.5. Product score is based on 25 ratings,25,,True
d24bd253-d38c-4dbe-9cc0-22dcf30fce79,Woolworths Supermarket,Freezer,Just Caught Prawn Meat 500g,745383,$24.00,$48.00 / 1KG,https://www.woolworths.com.au/shop/productdetails/745383/just-caught-prawn-meat,https://cdn0.woolworths.media/content/wowproductimages/medium/745383.jpg,2020-09-21 16:53:59,,0,,True
e89458e0-555f-4c66-b18e-92c5bc7f6ab6,Woolworths Supermarket,Freezer,Temptation Bakeries Quiche Petite 30pk 500g,745513,$10.00,$2.00 / 100G,https://www.woolworths.com.au/shop/productdetails/745513/temptation-bakeries-quiche-petite,https://cdn0.woolworths.media/content/wowproductimages/medium/745513.jpg,2020-09-21 16:53:59,Average product rating out of 5: 4.3. Product score is based on 18 ratings,18,,True
62f3b7d4-79f7-4938-a269-d95bc0b1bcd7,Woolworths Supermarket,Freezer,The Gozleme Brothers Feta & Spinach Gozleme 300g,750980,$6.00,$2.00 / 100G,https://www.woolworths.com.au/shop/productdetails/750980/the-gozleme-brothers-feta-spinach-gozleme,https://cdn0.woolworths.media/content/wowproductimages/medium/750980.jpg,2020-09-21 16:53:59,Average product rating out of 5: 4.7. Product score is based on 37 ratings,37,,True
dcbf0368-ee4b-4012-8246-f09534242c54,Woolworths Supermarket,Freezer,Birds Eye Deli Seasoned Chips Sea Salt & Rosemary 600g,752346,$2.50,$4.17 / 1KG,https://www.woolworths.com.au/shop/productdetails/752346/birds-eye-deli-seasoned-chips-sea-salt-rosemary,https://cdn0.woolworths.media/content/wowproductimages/medium/752346.jpg,2020-09-21 16:53:59,Average product rating out of 5: 4.7. Product score is based on 104 ratings,104,,True
595015e3-4b2b-4063-9afe-2bdc956393b7,Woolworths Supermarket,Freezer,Woolworths Peas Peas 1kg,754169,$2.90,$2.90 / 1KG,https://www.woolworths.com.au/shop/productdetails/754169/woolworths-peas-peas,https://cdn0.woolworths.media/content/wowproductimages/medium/754169.jpg,2020-09-21 16:53:59,Average product rating out of 5: 4.8. Product score is based on 813 ratings,813,,True
7777c27f-6f24-4d1b-bb1a-f46de806e6b5,Woolworths Supermarket,Freezer,Woolworths Australian Baby Peas 1kg,754181,$3.30,$3.30 / 1KG,https://www.woolworths.com.au/shop/productdetails/754181/woolworths-australian-baby-peas,https://cdn0.woolworths.media/content/wowproductimages/medium/754181.jpg,2020-09-21 16:53:59,Average product rating out of 5: 4.8. Product score is based on 478 ratings,478,,True
7af9ba07-d59b-4ca1-8699-889772c20a9f,Woolworths Supermarket,Freezer,Snickers Chocolate Bar Iced Confectionery Multipack 53ml x6 pack,756637,$8.50,$2.67 / 100ML,https://www.woolworths.com.au/shop/productdetails/756637/snickers-chocolate-bar-iced-confectionery-multipack,https://cdn0.woolworths.media/content/wowproductimages/medium/756637.jpg,2020-09-21 16:53:59,Average product rating out of 5: 4.6. Product score is based on 25 ratings,25,,True
c23e0fce-4ea2-4ae7-9b63-23fdea84fb99,Woolworths Supermarket,Freezer,Dr. Oetker Ristorante Pizza Funghi 365g,756755,$6.50,$1.78 / 100G,https://www.woolworths.com.au/shop/productdetails/756755/dr-oetker-ristorante-pizza-funghi,https://cdn0.woolworths.media/content/wowproductimages/medium/756755.jpg,2020-09-21 16:53:59,Average product rating out of 5: 4.4. Product score is based on 15 ratings,15,,True
c164ca2a-67f3-450b-9119-93275ec80dfe,Woolworths Supermarket,Freezer,Hong Kong Dim Sim Kitchen Pork & Chive Dumplings 200g,758703,$2.50,$1.25 / 100G,https://www.woolworths.com.au/shop/productdetails/758703/hong-kong-dim-sim-kitchen-pork-chive-dumplings,https://cdn0.woolworths.media/content/wowproductimages/medium/758703.jpg,2020-09-21 16:53:59,Average product rating out of 5: 4.5. Product score is based on 36 ratings,36,,True
9efd548b-d0c2-4a93-abac-c7bf64c8a143,Woolworths Supermarket,Freezer,Hong Kong Dim Sim Kitchen Sui Mai 200g,758706,$2.50,$1.25 / 100G,https://www.woolworths.com.au/shop/productdetails/758706/hong-kong-dim-sim-kitchen-sui-mai,https://cdn0.woolworths.media/content/wowproductimages/medium/758706.jpg,2020-09-21 16:53:59,Average product rating out of 5: 4.9. Product score is based on 9 ratings,9,,True
2ea1ffaa-b591-4205-b19a-02f95b50c269,Woolworths Supermarket,Freezer,Woolworths Frozen Fish Fillets Battered 1kg,759044,$7.70,$7.70 / 1KG,https://www.woolworths.com.au/shop/productdetails/759044/woolworths-frozen-fish-fillets-battered,https://cdn0.woolworths.media/content/wowproductimages/medium/759044.jpg,2020-09-21 16:53:59,Average product rating out of 5: 4.5. Product score is based on 61 ratings,61,,True
b1337426-e20e-4aac-8fe3-e8d6865e94a4,Woolworths Supermarket,Freezer,Borg's Pastry Puff 6 Sheets 1kg,759359,$4.00,$0.40 / 100G,https://www.woolworths.com.au/shop/productdetails/759359/borg-s-pastry-puff-6-sheets,https://cdn0.woolworths.media/content/wowproductimages/medium/759359.jpg,2020-09-21 16:53:59,Average product rating out of 5: 4.8. Product score is based on 25 ratings,25,,True
8db03ac8-e6e3-4460-a2d5-ebb8c12fa885,Woolworths Supermarket,Freezer,On The Menu Mixed Grill 320g,761000,$6.00,$1.88 / 100G,https://www.woolworths.com.au/shop/productdetails/761000/on-the-menu-mixed-grill,https://cdn0.woolworths.media/content/wowproductimages/medium/761000.jpg,2020-09-21 16:53:59,Average product rating out of 5: 3.9. Product score is based on 22 ratings,22,Was $6.50 20/02/2017,True
d4f17065-e0eb-4232-bd8e-39daf091636f,Woolworths Supermarket,Freezer,On The Menu Beef Lasagne 1kg,761023,$6.00,$0.60 / 100G,https://www.woolworths.com.au/shop/productdetails/761023/on-the-menu-beef-lasagne,https://cdn0.woolworths.media/content/wowproductimages/medium/761023.jpg,2020-09-21 16:53:59,Average product rating out of 5: 4.5. Product score is based on 40 ratings,40,,True
9963fa7a-0730-4844-b296-f79f080c3608,Woolworths Supermarket,Freezer,On The Menu Spaghetti & Meatballs 260g,761061,$3.00,$1.15 / 100G,https://www.woolworths.com.au/shop/productdetails/761061/on-the-menu-spaghetti-meatballs,https://cdn0.woolworths.media/content/wowproductimages/medium/761061.jpg,2020-09-21 16:53:59,Average product rating out of 5: 4.1. Product score is based on 22 ratings,22,,True
c8743417-de22-491f-b47a-1852cf22ed69,Woolworths Supermarket,Freezer,Simply Wize Pastry Puff Gluten Free 540g,763094,$7.20,$1.33 / 100G,https://www.woolworths.com.au/shop/productdetails/763094/simply-wize-pastry-puff-gluten-free,https://cdn0.woolworths.media/content/wowproductimages/medium/763094.jpg,2020-09-21 16:53:59,Average product rating out of 5: 4.0. Product score is based on 39 ratings,39,,True
b219dbea-da14-453f-beab-f975bda94719,Woolworths Supermarket,Freezer,Golden Wok Diana Chan Szechuan Peppered Pork Dumpling 230g,763186,$7.50,$3.26 / 100G,https://www.woolworths.com.au/shop/productdetails/763186/golden-wok-diana-chan-szechuan-peppered-pork-dumpling,https://cdn0.woolworths.media/content/wowproductimages/medium/763186.jpg,2020-09-21 16:53:59,Average product rating out of 5: 4.4. Product score is based on 22 ratings,22,,True
739e0eff-254c-47e7-91c5-b8297ef4a751,Woolworths Supermarket,Freezer,Ocean Chef Salmon Portions Skin On 1kg,763541,$30.00,$30.00 / 1KG,https://www.woolworths.com.au/shop/productdetails/763541/ocean-chef-salmon-portions-skin-on,https://cdn0.woolworths.media/content/wowproductimages/medium/763541.jpg,2020-09-21 16:53:59,,0,,True
f98d8dfb-8182-4cb6-9aa3-1438b5e362ef,Woolworths Supermarket,Freezer,Woolworths Mini Ice Cream Sticks Classic Vanilla 6 pack,763592,$4.00,$1.11 / 100ML,https://www.woolworths.com.au/shop/productdetails/763592/woolworths-mini-ice-cream-sticks-classic-vanilla,https://cdn0.woolworths.media/content/wowproductimages/medium/763592.jpg,2020-09-21 16:53:59,Average product rating out of 5: 4.6. Product score is based on 500 ratings,500,,True
2efd88ed-d7ee-4bd6-87f0-aa15236b94c3,Woolworths Supermarket,Freezer,Woolworths Mini Ice Cream Sticks Almond 6 pack,763593,$4.00,$1.11 / 100ML,https://www.woolworths.com.au/shop/productdetails/763593/woolworths-mini-ice-cream-sticks-almond,https://cdn0.woolworths.media/content/wowproductimages/medium/763593.jpg,2020-09-21 16:53:59,Average product rating out of 5: 4.7. Product score is based on 495 ratings,495,,True
f0c588fc-208a-42c7-84fd-813e7bf86530,Woolworths Supermarket,Freezer,Woolworths Apple Pie Snack 4 pack,763595,$3.20,$0.64 / 100G,https://www.woolworths.com.au/shop/productdetails/763595/woolworths-apple-pie-snack,https://cdn0.woolworths.media/content/wowproductimages/medium/763595.jpg,2020-09-21 16:53:59,Average product rating out of 5: 4.1. Product score is based on 552 ratings,552,,True
797f0778-1a2d-462f-bd63-38e6cf656c65,Woolworths Supermarket,Freezer,Woolworths Pastry Shortcrust 1kg,763596,$2.30,$0.23 / 100G,https://www.woolworths.com.au/shop/productdetails/763596/woolworths-pastry-shortcrust,https://cdn0.woolworths.media/content/wowproductimages/medium/763596.jpg,2020-09-21 16:53:59,Average product rating out of 5: 4.3. Product score is based on 16 ratings,16,,True
704440e1-99ff-47fb-87a0-ada3d139488c,Woolworths Supermarket,Freezer,Ingham's Chicken Breast Tenders Gluten Free 400g,763672,$9.00,$2.25 / 100G,https://www.woolworths.com.au/shop/productdetails/763672/ingham-s-chicken-breast-tenders-gluten-free,https://cdn0.woolworths.media/content/wowproductimages/medium/763672.jpg,2020-09-21 16:53:59,Average product rating out of 5: 4.7. Product score is based on 34 ratings,34,,True
3953ebc8-b77b-4a1e-9159-5769e3432bd1,Woolworths Supermarket,Freezer,Ingham's Breast Schnitzel Gluten Free 400g,763681,$9.00,$2.25 / 100G,https://www.woolworths.com.au/shop/productdetails/763681/ingham-s-breast-schnitzel-gluten-free,https://cdn0.woolworths.media/content/wowproductimages/medium/763681.jpg,2020-09-21 16:53:59,Average product rating out of 5: 4.5. Product score is based on 24 ratings,24,,True
d81918f6-9c3e-4aea-8473-b797e66bfabe,Woolworths Supermarket,Freezer,Marathon Spring Rolls 4pk 640g,765590,$6.50,$1.02 / 100G,https://www.woolworths.com.au/shop/productdetails/765590/marathon-spring-rolls-4pk,https://cdn0.woolworths.media/content/wowproductimages/medium/765590.jpg,2020-09-21 16:53:59,Average product rating out of 5: 4.5. Product score is based on 45 ratings,45,,True
563c2824-8460-4a77-b877-ecac5220e54e,Woolworths Supermarket,Freezer,Borg's Pastizzis Spinach And Ricotta Cheese 625g,766488,$6.00,$0.96 / 100G,https://www.woolworths.com.au/shop/productdetails/766488/borg-s-pastizzis-spinach-and-ricotta-cheese,https://cdn0.woolworths.media/content/wowproductimages/medium/766488.jpg,2020-09-21 16:53:59,Average product rating out of 5: 4.3. Product score is based on 15 ratings,15,,True
48d3aa31-9bb4-42a1-8bda-50b587efbaaa,Woolworths Supermarket,Freezer,Connoisseur Murray River Salted Caramel Macadamia 4 pack,767549,,,https://www.woolworths.com.au/shop/productdetails/767549/connoisseur-murray-river-salted-caramel-macadamia,https://cdn0.woolworths.media/content/wowproductimages/medium/767549.jpg,2020-09-21 16:53:59,Average product rating out of 5: 4.9. Product score is based on 18 ratings,18,,False
a392746e-dc79-4b92-babd-bb4837ae891d,Woolworths Supermarket,Freezer,Woolworths Sliced Beans 500g,768558,$1.50,$3.00 / 1KG,https://www.woolworths.com.au/shop/productdetails/768558/woolworths-sliced-beans,https://cdn0.woolworths.media/content/wowproductimages/medium/768558.jpg,2020-09-21 16:53:59,Average product rating out of 5: 4.4. Product score is based on 71 ratings,71,,True
6f3d1d32-e5ec-462b-a8bf-aa4163383a11,Woolworths Supermarket,Freezer,Woolworths Cauliflower Florets 500g,768560,$2.15,$4.30 / 1KG,https://www.woolworths.com.au/shop/productdetails/768560/woolworths-cauliflower-florets,https://cdn0.woolworths.media/content/wowproductimages/medium/768560.jpg,2020-09-21 16:53:59,Average product rating out of 5: 4.3. Product score is based on 522 ratings,522,,True
10283703-c946-4ee6-b5d1-2cb94fe17eee,Woolworths Supermarket,Freezer,Woolworths Peas & Corn 500g,768564,$2.35,$4.70 / 1KG,https://www.woolworths.com.au/shop/productdetails/768564/woolworths-peas-corn,https://cdn0.woolworths.media/content/wowproductimages/medium/768564.jpg,2020-09-21 16:53:59,Average product rating out of 5: 4.7. Product score is based on 54 ratings,54,,True
5d690d88-a1f2-4302-8a59-41a35f48ea95,Woolworths Supermarket,Freezer,Woolworths Winter Veg Mix 1kg,768567,$3.00,$3.00 / 1KG,https://www.woolworths.com.au/shop/productdetails/768567/woolworths-winter-veg-mix,https://cdn0.woolworths.media/content/wowproductimages/medium/768567.jpg,2020-09-21 16:53:59,Average product rating out of 5: 4.4. Product score is based on 222 ratings,222,,True
c1c11094-2df2-4f56-bd55-5f63e0acafc0,Woolworths Supermarket,Freezer,Woolworths Carrots Peas & Corn 1kg,768569,$3.00,$3.00 / 1KG,https://www.woolworths.com.au/shop/productdetails/768569/woolworths-carrots-peas-corn,https://cdn0.woolworths.media/content/wowproductimages/medium/768569.jpg,2020-09-21 16:53:59,Average product rating out of 5: 4.6. Product score is based on 732 ratings,732,,True
5e173563-dbf8-413c-9ab3-52c7784b3520,Woolworths Supermarket,Freezer,Woolworths Corn Kernels 1kg,768570,$2.70,$2.70 / 1KG,https://www.woolworths.com.au/shop/productdetails/768570/woolworths-corn-kernels,https://cdn0.woolworths.media/content/wowproductimages/medium/768570.jpg,2020-09-21 16:53:59,Average product rating out of 5: 4.7. Product score is based on 645 ratings,645,,True
b874b76a-9621-4996-8668-e14a019e0243,Woolworths Supermarket,Freezer,Woolworths Baby Beans 500g,768582,$2.35,$4.70 / 1KG,https://www.woolworths.com.au/shop/productdetails/768582/woolworths-baby-beans,https://cdn0.woolworths.media/content/wowproductimages/medium/768582.jpg,2020-09-21 16:53:59,Average product rating out of 5: 4.5. Product score is based on 62 ratings,62,,True
15094b2c-061e-49a3-87cb-bc1dba28eecc,Woolworths Supermarket,Freezer,Woolworths Brussels Sprouts 500g,768583,$2.35,$4.70 / 1KG,https://www.woolworths.com.au/shop/productdetails/768583/woolworths-brussels-sprouts,https://cdn0.woolworths.media/content/wowproductimages/medium/768583.jpg,2020-09-21 16:53:59,Average product rating out of 5: 4.4. Product score is based on 334 ratings,334,,True
f9bd7526-030a-4184-8883-b1ab4ef58389,Woolworths Supermarket,Freezer,Birds Eye Stir Fry Oriental 850g,768622,$5.00,$5.88 / 1KG,https://www.woolworths.com.au/shop/productdetails/768622/birds-eye-stir-fry-oriental,https://cdn0.woolworths.media/content/wowproductimages/medium/768622.jpg,2020-09-21 16:53:59,Average product rating out of 5: 4.6. Product score is based on 43 ratings,43,,True
cab2e5b7-80e8-4333-ba74-fa4f420961dc,Woolworths Supermarket,Freezer,Ocean Chef Squid Salt & Pepper 360g,772577,$5.00,$13.89 / 1KG,https://www.woolworths.com.au/shop/productdetails/772577/ocean-chef-squid-salt-pepper,https://cdn0.woolworths.media/content/wowproductimages/medium/772577.jpg,2020-09-21 16:53:59,,0,,True
a2e8a927-5f1e-46f8-8c9f-61378ba086c7,Woolworths Supermarket,Freezer,Ocean Chef Squid Rings Panko 360g,772620,$5.00,$13.89 / 1KG,https://www.woolworths.com.au/shop/productdetails/772620/ocean-chef-squid-rings-panko,https://cdn0.woolworths.media/content/wowproductimages/medium/772620.jpg,2020-09-21 16:53:59,,0,,True
43d5d961-14df-4862-a0b5-99e0df9bd807,Woolworths Supermarket,Freezer,Woolworths Chicken Breast Tempura Nuggets 400g,774412,$3.59,$8.98 / 1KG,https://www.woolworths.com.au/shop/productdetails/774412/woolworths-chicken-breast-tempura-nuggets,https://cdn0.woolworths.media/content/wowproductimages/medium/774412.jpg,2020-09-21 16:53:59,Average product rating out of 5: 4.3. Product score is based on 143 ratings,143,,True
c6a8ef1b-8e47-462c-8ee0-511b629fbc5a,Woolworths Supermarket,Freezer,Woolworths Chicken Breast Crunchy Bites 400g,774413,$4.50,$11.25 / 1KG,https://www.woolworths.com.au/shop/productdetails/774413/woolworths-chicken-breast-crunchy-bites,https://cdn0.woolworths.media/content/wowproductimages/medium/774413.jpg,2020-09-21 16:53:59,Average product rating out of 5: 4.1. Product score is based on 15 ratings,15,,True
3fe81d79-43ec-47a9-9bcc-07de18a97f79,Woolworths Supermarket,Freezer,Woolworths Frozen Strawberries 500g,777899,,,https://www.woolworths.com.au/shop/productdetails/777899/woolworths-frozen-strawberries,https://cdn0.woolworths.media/content/wowproductimages/medium/777899.jpg,2020-09-21 16:53:59,Average product rating out of 5: 4.6. Product score is based on 108 ratings,108,,False
c4a910fe-6cf1-41ef-8a41-88a0b99395e7,Woolworths Supermarket,Freezer,Woolworths Frozen Meat Pies 4 pack,779251,$4.35,$0.62 / 100G,https://www.woolworths.com.au/shop/productdetails/779251/woolworths-frozen-meat-pies,https://cdn0.woolworths.media/content/wowproductimages/medium/779251.jpg,2020-09-21 16:53:59,Average product rating out of 5: 4.0. Product score is based on 615 ratings,615,,True
c810e820-77ec-4582-8b74-241036bd450d,Woolworths Supermarket,Freezer,Woolworths Frozen Chicken & Vegetable Pie 4 pack,779252,$3.50,$0.50 / 100G,https://www.woolworths.com.au/shop/productdetails/779252/woolworths-frozen-chicken-vegetable-pie,https://cdn0.woolworths.media/content/wowproductimages/medium/779252.jpg,2020-09-21 16:53:59,Average product rating out of 5: 3.7. Product score is based on 17 ratings,17,,True
30293c10-67ae-44a6-a60f-5ca5d309cc88,Woolworths Supermarket,Freezer,Oob Organic Frozen Diced Mango 500g,780056,,,https://www.woolworths.com.au/shop/productdetails/780056/oob-organic-frozen-diced-mango,https://cdn0.woolworths.media/content/wowproductimages/medium/780056.jpg,2020-09-21 16:53:59,Average product rating out of 5: 4.6. Product score is based on 5 ratings,5,,False
8d2fee92-396b-4617-9152-d2a69710f92a,Woolworths Supermarket,Freezer,Birds Eye Steam Fresh Parsley & Citrus Sauce 380g,780110,$9.00,$23.68 / 1KG,https://www.woolworths.com.au/shop/productdetails/780110/birds-eye-steam-fresh-parsley-citrus-sauce,https://cdn0.woolworths.media/content/wowproductimages/medium/780110.jpg,2020-09-21 16:53:59,Average product rating out of 5: 4.2. Product score is based on 34 ratings,34,,True
8f029eb2-a1d6-4b4e-9512-0deaf3083624,Woolworths Supermarket,Freezer,Birds Eye Oven Bake Barramundi Battered 270g,780200,$10.00,$37.04 / 1KG,https://www.woolworths.com.au/shop/productdetails/780200/birds-eye-oven-bake-barramundi-battered,https://cdn0.woolworths.media/content/wowproductimages/medium/780200.jpg,2020-09-21 16:53:59,Average product rating out of 5: 4.4. Product score is based on 16 ratings,16,,True
6a4af893-8441-4e03-b48c-8ff9ace93b7a,Woolworths Supermarket,Freezer,Birds Eye Steam Fresh Thai Red Curry Sauce 380g,780212,$9.00,$23.68 / 1KG,https://www.woolworths.com.au/shop/productdetails/780212/birds-eye-steam-fresh-thai-red-curry-sauce,https://cdn0.woolworths.media/content/wowproductimages/medium/780212.jpg,2020-09-21 16:53:59,Average product rating out of 5: 5.0. Product score is based on 9 ratings,9,,True
6ac398f9-59c4-4ed3-9969-2316a538767e,Woolworths Supermarket,Freezer,Birds Eye Deli Barramundi Crisp Light Batter 250g,780289,$9.00,$36.00 / 1KG,https://www.woolworths.com.au/shop/productdetails/780289/birds-eye-deli-barramundi-crisp-light-batter,https://cdn0.woolworths.media/content/wowproductimages/medium/780289.jpg,2020-09-21 16:53:59,Average product rating out of 5: 3.7. Product score is based on 13 ratings,13,,True
c17ad726-c8d5-4c85-8e89-cf898cba032d,Woolworths Supermarket,Freezer,Connoisseur Minis Salted Caramel & Macadamia 6 pack,781527,$8.60,$2.39 / 100ML,https://www.woolworths.com.au/shop/productdetails/781527/connoisseur-minis-salted-caramel-macadamia,https://cdn0.woolworths.media/content/wowproductimages/medium/781527.jpg,2020-09-21 16:53:59,Average product rating out of 5: 4.6. Product score is based on 16 ratings,16,,True
9c1fda38-cad9-46fe-8b53-90f733be4f9c,Woolworths Supermarket,Freezer,Sara Lee Ice Cream Salted Caramel With Hazelnuts 1l tub,781530,$9.00,$0.90 / 100ML,https://www.woolworths.com.au/shop/productdetails/781530/sara-lee-ice-cream-salted-caramel-with-hazelnuts,https://cdn0.woolworths.media/content/wowproductimages/medium/781530.jpg,2020-09-21 16:53:59,Average product rating out of 5: 4.0. Product score is based on 24 ratings,24,,True
0ee1d68d-18c0-4403-ba49-7393876e23c9,Woolworths Supermarket,Freezer,Connoisseur Ice Cream Cookies & Cream 4 pack,781536,$8.60,$1.89 / 100ML,https://www.woolworths.com.au/shop/productdetails/781536/connoisseur-ice-cream-cookies-cream,https://cdn0.woolworths.media/content/wowproductimages/medium/781536.jpg,2020-09-21 16:53:59,Average product rating out of 5: 4.8. Product score is based on 9 ratings,9,,True
6141e1a5-6bda-4782-ab57-278ef85bc49b,Woolworths Supermarket,Freezer,Sara Lee Strawberries & Cream Ice Cream 1l,781541,$9.00,$0.90 / 100ML,https://www.woolworths.com.au/shop/productdetails/781541/sara-lee-strawberries-cream-ice-cream,https://cdn0.woolworths.media/content/wowproductimages/medium/781541.jpg,2020-09-21 16:53:59,Average product rating out of 5: 4.6. Product score is based on 42 ratings,42,,True
6594d37b-bf52-4d39-b12b-6aaf9cb7b6dd,Woolworths Supermarket,Freezer,Streets Blue Ribbon Cookies & Cream Ice Cream 2l tub,781942,$4.90,$0.25 / 100ML,https://www.woolworths.com.au/shop/productdetails/781942/streets-blue-ribbon-cookies-cream-ice-cream,https://cdn0.woolworths.media/content/wowproductimages/medium/781942.jpg,2020-09-21 16:53:59,Average product rating out of 5: 4.4. Product score is based on 22 ratings,22,Was $7.49 10/11/2015,True
25c38353-d077-4c7c-80fb-e49c34bdb162,Woolworths Supermarket,Freezer,Jamie Oliver Fish Fingers 720g,782318,$9.00,$12.50 / 1KG,https://www.woolworths.com.au/shop/productdetails/782318/jamie-oliver-fish-fingers,https://cdn0.woolworths.media/content/wowproductimages/medium/782318.jpg,2020-09-21 16:53:59,Average product rating out of 5: 4.7. Product score is based on 44 ratings,44,,True
ba7339ab-88c4-42e0-8d00-a49cabbd9873,Woolworths Supermarket,Freezer,Ocean Chef Salmon Parcels In Leek & Cheese Sauce 280g,782326,$10.00,$35.71 / 1KG,https://www.woolworths.com.au/shop/productdetails/782326/ocean-chef-salmon-parcels-in-leek-cheese-sauce,https://cdn0.woolworths.media/content/wowproductimages/medium/782326.jpg,2020-09-21 16:53:59,Average product rating out of 5: 4.6. Product score is based on 38 ratings,38,,True
ed00d062-3453-4ed5-bbef-d34aa830ae59,Woolworths Supermarket,Freezer,Created With Jamie Crumbed Chicken Crunchy Cajun Fillets 350g,782969,$9.00,$25.71 / 1KG,https://www.woolworths.com.au/shop/productdetails/782969/created-with-jamie-crumbed-chicken-crunchy-cajun-fillets,https://cdn0.woolworths.media/content/wowproductimages/medium/782969.jpg,2020-09-21 16:53:59,Average product rating out of 5: 4.8. Product score is based on 11 ratings,11,,True
a5efca05-5d84-4126-b3d9-1048ba60786f,Woolworths Supermarket,Freezer,Created With Jamie Crumbed Chicken Crunchy Garlic Fillets 350g,782970,$9.00,$25.71 / 1KG,https://www.woolworths.com.au/shop/productdetails/782970/created-with-jamie-crumbed-chicken-crunchy-garlic-fillets,https://cdn0.woolworths.media/content/wowproductimages/medium/782970.jpg,2020-09-21 16:53:59,Average product rating out of 5: 4.3. Product score is based on 20 ratings,20,,True
acd65540-0b62-4795-b951-eaa4ef7c7842,Woolworths Supermarket,Freezer,Birds Eye Steam Fresh Peas Beans Broccoli Corn Mix 750g,782977,$5.00,$6.67 / 1KG,https://www.woolworths.com.au/shop/productdetails/782977/birds-eye-steam-fresh-peas-beans-broccoli-corn-mix,https://cdn0.woolworths.media/content/wowproductimages/medium/782977.jpg,2020-09-21 16:53:59,Average product rating out of 5: 4.8. Product score is based on 62 ratings,62,,True
c764a9a3-499e-4e8f-b1db-102f1ff9d27a,Woolworths Supermarket,Freezer,"Birds Eye Steam Fresh In Cheese Sauce Broccoli, Cauliflower & Carrot 400g",782978,$4.20,$10.50 / 1KG,https://www.woolworths.com.au/shop/productdetails/782978/birds-eye-steam-fresh-in-cheese-sauce-broccoli-cauliflower-carrot,https://cdn0.woolworths.media/content/wowproductimages/medium/782978.jpg,2020-09-21 16:53:59,Average product rating out of 5: 4.6. Product score is based on 71 ratings,71,,True
66d543cb-479e-405d-83ab-e5a1dfe2cb87,Woolworths Supermarket,Freezer,Birds Eye Mixed Vegetables Beans Carrot Corn & Broccoli 1kg,782979,$5.00,$5.00 / 1KG,https://www.woolworths.com.au/shop/productdetails/782979/birds-eye-mixed-vegetables-beans-carrot-corn-broccoli,https://cdn0.woolworths.media/content/wowproductimages/medium/782979.jpg,2020-09-21 16:53:59,Average product rating out of 5: 4.6. Product score is based on 26 ratings,26,,True
80d61cd4-47cf-460e-bf1c-677a3c8346c1,Woolworths Supermarket,Freezer,Created With Jamie Crumbed Chicken Crispy Parmesan & Tomato 350g,782992,$9.00,$25.71 / 1KG,https://www.woolworths.com.au/shop/productdetails/782992/created-with-jamie-crumbed-chicken-crispy-parmesan-tomato,https://cdn0.woolworths.media/content/wowproductimages/medium/782992.jpg,2020-09-21 16:53:59,Average product rating out of 5: 4.7. Product score is based on 19 ratings,19,,True
bf9dc4d9-c68e-4e6c-9e26-188a75ed60a2,Woolworths Supermarket,Freezer,Herbert Adams Pies Chunky Slow Cooked Beef & Mush 2 pack,786269,$7.80,$1.95 / 100G,https://www.woolworths.com.au/shop/productdetails/786269/herbert-adams-pies-chunky-slow-cooked-beef-mush,https://cdn0.woolworths.media/content/wowproductimages/medium/786269.jpg,2020-09-21 16:53:59,Average product rating out of 5: 4.7. Product score is based on 26 ratings,26,,True
7a401fad-654e-4cb6-b12f-8a1a65edce31,Woolworths Supermarket,Freezer,Herbert Adams Pies Slow Cooked Beef & Pepper 2 pack,786291,$7.80,$1.95 / 100G,https://www.woolworths.com.au/shop/productdetails/786291/herbert-adams-pies-slow-cooked-beef-pepper,https://cdn0.woolworths.media/content/wowproductimages/medium/786291.jpg,2020-09-21 16:53:59,Average product rating out of 5: 4.8. Product score is based on 32 ratings,32,,True
e6952e55-978e-4938-8bfe-f03eaa3b734c,Woolworths Supermarket,Freezer,Birds Eye Deli New Zealand Whiting Salt & Pepper Crumb 250g,789429,$6.00,$2.40 / 100G,https://www.woolworths.com.au/shop/productdetails/789429/birds-eye-deli-new-zealand-whiting-salt-pepper-crumb,https://cdn0.woolworths.media/content/wowproductimages/medium/789429.jpg,2020-09-21 16:53:59,Average product rating out of 5: 4.4. Product score is based on 12 ratings,12,,True
941272cd-29da-4316-a145-afc9f3b54385,Woolworths Supermarket,Freezer,Dr. Oetker Ristorante Pizza Quattro Formaggi 340g,790526,$6.50,$1.91 / 100G,https://www.woolworths.com.au/shop/productdetails/790526/dr-oetker-ristorante-pizza-quattro-formaggi,https://cdn0.woolworths.media/content/wowproductimages/medium/790526.jpg,2020-09-21 16:53:59,Average product rating out of 5: 4.7. Product score is based on 34 ratings,34,,True
a068ca6b-fdd3-4a56-91f2-3a4957043542,Woolworths Supermarket,Freezer,Connoisseur Ice Cream Murray River Salted Caramel 1l tub,791397,$11.00,$1.10 / 100ML,https://www.woolworths.com.au/shop/productdetails/791397/connoisseur-ice-cream-murray-river-salted-caramel,https://cdn0.woolworths.media/content/wowproductimages/medium/791397.jpg,2020-09-21 16:53:59,Average product rating out of 5: 4.6. Product score is based on 16 ratings,16,,True
dfe6497d-2b82-4e3b-a81c-7017541ae3bb,Woolworths Supermarket,Freezer,Sealord Premium Hoki Fillets Honey Soy Tempura 280g,791445,$7.30,$26.07 / 1KG,https://www.woolworths.com.au/shop/productdetails/791445/sealord-premium-hoki-fillets-honey-soy-tempura,https://cdn0.woolworths.media/content/wowproductimages/medium/791445.jpg,2020-09-21 16:53:59,Average product rating out of 5: 4.6. Product score is based on 13 ratings,13,,True
342ccafb-279b-414a-a431-3eb3e8e25a89,Woolworths Supermarket,Freezer,Ocean Chef Salmon Lemon Pepper 1kg,794640,$28.00,$28.00 / 1KG,https://www.woolworths.com.au/shop/productdetails/794640/ocean-chef-salmon-lemon-pepper,https://cdn0.woolworths.media/content/wowproductimages/medium/794640.jpg,2020-09-21 16:53:59,,0,,True
239d5840-3b1d-448d-be27-f8f1bc98c2e3,Woolworths Supermarket,Freezer,Ocean Chef Prawns Cooked & Peeled 375g,794695,$10.00,$26.67 / 1KG,https://www.woolworths.com.au/shop/productdetails/794695/ocean-chef-prawns-cooked-peeled,https://cdn0.woolworths.media/content/wowproductimages/medium/794695.jpg,2020-09-21 16:53:59,,0,,True
9b09de6f-2501-4402-b851-569294c2c6af,Woolworths Supermarket,Freezer,Mr Chen's Ginger Prawn Dumplings 240g,795327,$7.50,$3.13 / 100G,https://www.woolworths.com.au/shop/productdetails/795327/mr-chen-s-ginger-prawn-dumplings,https://cdn0.woolworths.media/content/wowproductimages/medium/795327.jpg,2020-09-21 16:53:59,Average product rating out of 5: 4.8. Product score is based on 20 ratings,20,,True
0b6d8056-ff2f-499d-b894-0abfcce94923,Woolworths Supermarket,Freezer,Nanna's Multipack Pies & Desserts Apple Pie 4 pack,800706,$4.00,$0.89 / 100G,https://www.woolworths.com.au/shop/productdetails/800706/nanna-s-multipack-pies-desserts-apple-pie,https://cdn0.woolworths.media/content/wowproductimages/medium/800706.jpg,2020-09-21 16:53:59,Average product rating out of 5: 4.7. Product score is based on 36 ratings,36,Was $5.69 24/10/16,True
1784ea03-8210-4a47-aac6-00edab1ef9f1,Woolworths Supermarket,Freezer,Birds Eye Mashed Potato 1kg,802062,$4.00,$4.00 / 1KG,https://www.woolworths.com.au/shop/productdetails/802062/birds-eye-mashed-potato,https://cdn0.woolworths.media/content/wowproductimages/medium/802062.jpg,2020-09-21 16:53:59,Average product rating out of 5: 4.6. Product score is based on 21 ratings,21,,True
b77cca99-d9d0-4b64-9db9-4f74626a6a28,Woolworths Supermarket,Freezer,Birds Eye Cauliflower Rice 500g,802638,$4.20,$8.40 / 1KG,https://www.woolworths.com.au/shop/productdetails/802638/birds-eye-cauliflower-rice,https://cdn0.woolworths.media/content/wowproductimages/medium/802638.jpg,2020-09-21 16:53:59,Average product rating out of 5: 4.7. Product score is based on 56 ratings,56,,True
8befad94-100f-4fd8-8dbb-704d261e3961,Woolworths Supermarket,Freezer,Birds Eye Deli Roast Vegetables 600g,802639,$5.00,$8.33 / 1KG,https://www.woolworths.com.au/shop/productdetails/802639/birds-eye-deli-roast-vegetables,https://cdn0.woolworths.media/content/wowproductimages/medium/802639.jpg,2020-09-21 16:53:59,Average product rating out of 5: 4.1. Product score is based on 40 ratings,40,,True
2821d912-9e6f-4db2-8ccf-dad17eccd35c,Woolworths Supermarket,Freezer,Birds Eye Sweet Potato Mash 600g,802645,$4.00,$6.67 / 1KG,https://www.woolworths.com.au/shop/productdetails/802645/birds-eye-sweet-potato-mash,https://cdn0.woolworths.media/content/wowproductimages/medium/802645.jpg,2020-09-21 16:53:59,Average product rating out of 5: 4.8. Product score is based on 26 ratings,26,,True
d3485d2c-f31d-4e3c-a2f7-f851d18f434d,Woolworths Supermarket,Freezer,Mccain Mixed Vegetables Country Greens 1kg,802646,$4.50,$4.50 / 1KG,https://www.woolworths.com.au/shop/productdetails/802646/mccain-mixed-vegetables-country-greens,https://cdn0.woolworths.media/content/wowproductimages/medium/802646.jpg,2020-09-21 16:53:59,Average product rating out of 5: 4.8. Product score is based on 16 ratings,16,Was $5.00 14/01/2019,True
ef3d3296-4321-4be6-93d0-4801978ad96b,Woolworths Supermarket,Freezer,Mccain Mixed Vegetables Seasonal Mix 1kg,802648,$4.50,$4.50 / 1KG,https://www.woolworths.com.au/shop/productdetails/802648/mccain-mixed-vegetables-seasonal-mix,https://cdn0.woolworths.media/content/wowproductimages/medium/802648.jpg,2020-09-21 16:53:59,Average product rating out of 5: 5.0. Product score is based on 14 ratings,14,Was $5.00 14/01/2019,True
342c1be2-914a-441c-a6bb-32b70976d711,Woolworths Supermarket,Freezer,Birds Eye Microwave Chips Shoestring 140g,802660,$2.50,$17.86 / 1KG,https://www.woolworths.com.au/shop/productdetails/802660/birds-eye-microwave-chips-shoestring,https://cdn0.woolworths.media/content/wowproductimages/medium/802660.jpg,2020-09-21 16:53:59,Average product rating out of 5: 4.3. Product score is based on 53 ratings,53,,True
bb9c9a42-7e8f-48fc-a962-e2c3547bca9b,Woolworths Supermarket,Freezer,Birds Eye Microwave Chips Crinkle 140g,802663,$2.50,$17.86 / 1KG,https://www.woolworths.com.au/shop/productdetails/802663/birds-eye-microwave-chips-crinkle,https://cdn0.woolworths.media/content/wowproductimages/medium/802663.jpg,2020-09-21 16:53:59,Average product rating out of 5: 3.8. Product score is based on 65 ratings,65,,True
e4b6f30c-0281-4261-9960-84a920d7e220,Woolworths Supermarket,Freezer,Just Caught Raw Prawn Cutlets 850g,803034,$30.00,$35.29 / 1KG,https://www.woolworths.com.au/shop/productdetails/803034/just-caught-raw-prawn-cutlets,https://cdn0.woolworths.media/content/wowproductimages/medium/803034.jpg,2020-09-21 16:53:59,,0,,True
bdfc4e40-3910-4003-8c37-b073a0b0c02f,Woolworths Supermarket,Freezer,Proud & Punch Coconuts For Mango 6 pack,805843,$8.00,$1.78 / 100ML,https://www.woolworths.com.au/shop/productdetails/805843/proud-punch-coconuts-for-mango,https://cdn0.woolworths.media/content/wowproductimages/medium/805843.jpg,2020-09-21 16:53:59,Average product rating out of 5: 4.8. Product score is based on 18 ratings,18,,True
7a15f710-bd60-4583-b860-957cf7596f0b,Woolworths Supermarket,Freezer,Proud & Punch Berry Me In Coconut 6 pack,805856,$8.00,$1.78 / 100ML,https://www.woolworths.com.au/shop/productdetails/805856/proud-punch-berry-me-in-coconut,https://cdn0.woolworths.media/content/wowproductimages/medium/805856.jpg,2020-09-21 16:53:59,Average product rating out of 5: 4.6. Product score is based on 7 ratings,7,,True
13c9b434-945a-48dc-af31-2dafbb367f2e,Woolworths Supermarket,Freezer,Sargents Premium Vegetable Pie 4 pack,806578,$8.50,$1.21 / 100G,https://www.woolworths.com.au/shop/productdetails/806578/sargents-premium-vegetable-pie,https://cdn0.woolworths.media/content/wowproductimages/medium/806578.jpg,2020-09-21 16:53:59,Average product rating out of 5: 3.9. Product score is based on 13 ratings,13,,True
19693e24-9f93-4795-ae0d-6e932670c914,Woolworths Supermarket,Freezer,Fry's Meat Free Family Sausage Rolls 400g,809199,$5.00,$1.25 / 100G,https://www.woolworths.com.au/shop/productdetails/809199/fry-s-meat-free-family-sausage-rolls,https://cdn0.woolworths.media/content/wowproductimages/medium/809199.jpg,2020-09-21 16:53:59,,0,,True
eae41199-d401-49e1-884d-e0041cbd3f3e,Woolworths Supermarket,Freezer,Woolworths Slow Cooked Pork Shoulder With Bbq Sauce 560g,810791,$14.00,$25.00 / 1KG,https://www.woolworths.com.au/shop/productdetails/810791/woolworths-slow-cooked-pork-shoulder-with-bbq-sauce,https://cdn0.woolworths.media/content/wowproductimages/medium/810791.jpg,2020-09-21 16:53:59,Average product rating out of 5: 4.8. Product score is based on 16 ratings,16,,True
e245679d-7a00-46d3-b472-2f8d724edbe4,Woolworths Supermarket,Freezer,Ocean Chef Salmon Portions Mediterranean Style 1kg,811474,$30.00,$30.00 / 1KG,https://www.woolworths.com.au/shop/productdetails/811474/ocean-chef-salmon-portions-mediterranean-style,https://cdn0.woolworths.media/content/wowproductimages/medium/811474.jpg,2020-09-21 16:53:59,,0,,True
38f77ae2-621a-4611-87a6-d50d1e857e10,Woolworths Supermarket,Freezer,Syndian Super Green Falafel Vegan Bites 300g,814305,$6.50,$2.17 / 100G,https://www.woolworths.com.au/shop/productdetails/814305/syndian-super-green-falafel-vegan-bites,https://cdn0.woolworths.media/content/wowproductimages/medium/814305.jpg,2020-09-21 16:53:59,,0,,True
53669ec4-7e9f-4191-ac52-4beb2e6c3519,Woolworths Supermarket,Freezer,Macro Organic Frozen Blueberries 450g,815126,$7.50,$16.67 / 1KG,https://www.woolworths.com.au/shop/productdetails/815126/macro-organic-frozen-blueberries,https://cdn0.woolworths.media/content/wowproductimages/medium/815126.jpg,2020-09-21 16:53:59,Average product rating out of 5: 4.5. Product score is based on 873 ratings,873,,True
8a29996b-3ffa-450c-8ccf-5dac6bcd0ab1,Woolworths Supermarket,Freezer,Macro Organic Frozen Raspberries 450g,815127,$7.50,$16.67 / 1KG,https://www.woolworths.com.au/shop/productdetails/815127/macro-organic-frozen-raspberries,https://cdn0.woolworths.media/content/wowproductimages/medium/815127.jpg,2020-09-21 16:53:59,Average product rating out of 5: 4.3. Product score is based on 898 ratings,898,,True
dba27f6a-1b18-49e2-ab7d-38638f6767bb,Woolworths Supermarket,Freezer,Macro Organic Frozen Mixed Berries 450g,815129,$7.50,$16.67 / 1KG,https://www.woolworths.com.au/shop/productdetails/815129/macro-organic-frozen-mixed-berries,https://cdn0.woolworths.media/content/wowproductimages/medium/815129.jpg,2020-09-21 16:53:59,Average product rating out of 5: 4.6. Product score is based on 726 ratings,726,,True
4c2e95e8-4c38-489f-92aa-f4d9532c6be6,Woolworths Supermarket,Freezer,Peters Frosty Fruits Watermelon 8 pack,815730,$7.00,$1.35 / 100ML,https://www.woolworths.com.au/shop/productdetails/815730/peters-frosty-fruits-watermelon,https://cdn0.woolworths.media/content/wowproductimages/medium/815730.jpg,2020-09-21 16:53:59,Average product rating out of 5: 4.5. Product score is based on 22 ratings,22,,True
ad0712af-aea8-4c11-820e-a281007a4345,Woolworths Supermarket,Freezer,Hershey's Cookies & Cream Tub 473ml,815792,$8.50,$1.80 / 100ML,https://www.woolworths.com.au/shop/productdetails/815792/hershey-s-cookies-cream-tub,https://cdn0.woolworths.media/content/wowproductimages/medium/815792.jpg,2020-09-21 16:53:59,Average product rating out of 5: 4.6. Product score is based on 5 ratings,5,,True
ca559069-a9c1-42c2-807a-2b94ad3f566a,Woolworths Supermarket,Freezer,Hershey's Cookies & Cream Sticks 4 pack,815793,$8.50,$2.36 / 100ML,https://www.woolworths.com.au/shop/productdetails/815793/hershey-s-cookies-cream-sticks,https://cdn0.woolworths.media/content/wowproductimages/medium/815793.jpg,2020-09-21 16:53:59,Average product rating out of 5: 4.0. Product score is based on 5 ratings,5,,True
0669eda8-c7c9-4723-b009-03217b59e53e,Woolworths Supermarket,Freezer,Haagen-dazs Cookie Dough Chip Ice Cream Tub 457ml,816259,$11.50,$2.52 / 100ML,https://www.woolworths.com.au/shop/productdetails/816259/haagen-dazs-cookie-dough-chip-ice-cream-tub,https://cdn0.woolworths.media/content/wowproductimages/medium/816259.jpg,2020-09-21 16:53:59,Average product rating out of 5: 4.6. Product score is based on 12 ratings,12,,True
6d411130-55a1-4529-bf4e-f644071ac185,Woolworths Supermarket,Freezer,Pana Organic Double Chocolate Dairy Free Frozen Dessert 475ml,816689,$11.00,$2.32 / 100ML,https://www.woolworths.com.au/shop/productdetails/816689/pana-organic-double-chocolate-dairy-free-frozen-dessert,https://cdn0.woolworths.media/content/wowproductimages/medium/816689.jpg,2020-09-21 16:53:59,Average product rating out of 5: 4.8. Product score is based on 39 ratings,39,,True
7d9a871a-03e1-4e36-9a4d-15a87d1a427e,Woolworths Supermarket,Freezer,Tilly's Chewy Gooey Choc Brownie Frozen Dessert 475ml,817055,$6.50,$1.37 / 100ML,https://www.woolworths.com.au/shop/productdetails/817055/tilly-s-chewy-gooey-choc-brownie-frozen-dessert,https://cdn0.woolworths.media/content/wowproductimages/medium/817055.jpg,2020-09-21 16:53:59,Average product rating out of 5: 4.5. Product score is based on 6 ratings,6,,True
2c1bd3f4-0b7b-465e-9d18-2613b83f8a56,Woolworths Supermarket,Freezer,Tilly's Silky Salt Caramel Frozen Dessert 475ml,817064,$6.50,$1.37 / 100ML,https://www.woolworths.com.au/shop/productdetails/817064/tilly-s-silky-salt-caramel-frozen-dessert,https://cdn0.woolworths.media/content/wowproductimages/medium/817064.jpg,2020-09-21 16:53:59,Average product rating out of 5: 4.3. Product score is based on 3 ratings,3,,True
f62721a7-2840-422a-81b1-feb30fde874d,Woolworths Supermarket,Freezer,Mccain Mansize Southern Style Chicken With Mac'n Cheese Peas & Corn 480g,817068,$6.00,$1.25 / 100G,https://www.woolworths.com.au/shop/productdetails/817068/mccain-mansize-southern-style-chicken-with-mac-n-cheese-peas-corn,https://cdn0.woolworths.media/content/wowproductimages/medium/817068.jpg,2020-09-21 16:53:59,Average product rating out of 5: 3.8. Product score is based on 12 ratings,12,,True
d8747da1-88d9-4e5e-9b30-11edb9d0bd2b,Woolworths Supermarket,Freezer,Mccain Mansize Chicken Bacon Pasta Bake 480g,817102,$6.00,$1.25 / 100G,https://www.woolworths.com.au/shop/productdetails/817102/mccain-mansize-chicken-bacon-pasta-bake,https://cdn0.woolworths.media/content/wowproductimages/medium/817102.jpg,2020-09-21 16:53:59,Average product rating out of 5: 4.5. Product score is based on 22 ratings,22,,True
e16c1f4a-772c-46a6-9b3a-68d5b6033616,Woolworths Supermarket,Freezer,Macro Organic Chopped Kale Portions 450g,817501,$5.00,$11.11 / 1KG,https://www.woolworths.com.au/shop/productdetails/817501/macro-organic-chopped-kale-portions,https://cdn0.woolworths.media/content/wowproductimages/medium/817501.jpg,2020-09-21 16:53:59,Average product rating out of 5: 4.2. Product score is based on 99 ratings,99,,True
04926f51-d292-4770-a4c3-ce741281f29c,Woolworths Supermarket,Freezer,Macro Organic Corn Kernels 450g,817502,$5.00,$11.11 / 1KG,https://www.woolworths.com.au/shop/productdetails/817502/macro-organic-corn-kernels,https://cdn0.woolworths.media/content/wowproductimages/medium/817502.jpg,2020-09-21 16:53:59,Average product rating out of 5: 4.0. Product score is based on 170 ratings,170,,True
ee06abf0-e5da-4f3f-918f-1f6b8f0a1374,Woolworths Supermarket,Freezer,Macro Organic Broccoli Florets 450g,817504,$5.00,$11.11 / 1KG,https://www.woolworths.com.au/shop/productdetails/817504/macro-organic-broccoli-florets,https://cdn0.woolworths.media/content/wowproductimages/medium/817504.jpg,2020-09-21 16:53:59,Average product rating out of 5: 4.0. Product score is based on 158 ratings,158,,True
55a2fa23-6907-4e3d-8f9b-9b0f128eb313,Woolworths Supermarket,Freezer,Woolworths Prep Set Go Sliced Frozen Zucchini 500g,817505,$3.00,$6.00 / 1KG,https://www.woolworths.com.au/shop/productdetails/817505/woolworths-prep-set-go-sliced-frozen-zucchini,https://cdn0.woolworths.media/content/wowproductimages/medium/817505.jpg,2020-09-21 16:53:59,Average product rating out of 5: 3.5. Product score is based on 25 ratings,25,,True
f2d5400b-c386-440b-a559-c6ef1132be05,Woolworths Supermarket,Freezer,Woolworths Prep Set Go Diced Frozen Zucchini 500g,817506,$3.00,$6.00 / 1KG,https://www.woolworths.com.au/shop/productdetails/817506/woolworths-prep-set-go-diced-frozen-zucchini,https://cdn0.woolworths.media/content/wowproductimages/medium/817506.jpg,2020-09-21 16:53:59,Average product rating out of 5: 3.9. Product score is based on 52 ratings,52,,True
f4e48401-eaae-471d-ae97-5362e1a939ad,Woolworths Supermarket,Freezer,Woolworths Prep Set Go Sliced Frozen Red Capsicum 500g,817507,$3.00,$6.00 / 1KG,https://www.woolworths.com.au/shop/productdetails/817507/woolworths-prep-set-go-sliced-frozen-red-capsicum,https://cdn0.woolworths.media/content/wowproductimages/medium/817507.jpg,2020-09-21 16:53:59,Average product rating out of 5: 4.6. Product score is based on 52 ratings,52,,True
67461249-1104-4908-8170-a285d053a4d8,Woolworths Supermarket,Freezer,Woolworths Prep Set Go Slice Tri Colour Capsicum 500g,817508,$3.00,$6.00 / 1KG,https://www.woolworths.com.au/shop/productdetails/817508/woolworths-prep-set-go-slice-tri-colour-capsicum,https://cdn0.woolworths.media/content/wowproductimages/medium/817508.jpg,2020-09-21 16:53:59,Average product rating out of 5: 4.5. Product score is based on 51 ratings,51,,True
2b2957da-dafb-4a11-8040-474e944c083c,Woolworths Supermarket,Freezer,Woolworths Prep Set Go Frozen Mediterranean Roasting Mix 1kg,817509,$4.00,$4.00 / 1KG,https://www.woolworths.com.au/shop/productdetails/817509/woolworths-prep-set-go-frozen-mediterranean-roasting-mix,https://cdn0.woolworths.media/content/wowproductimages/medium/817509.jpg,2020-09-21 16:53:59,Average product rating out of 5: 3.7. Product score is based on 53 ratings,53,,True
bb1ed002-b336-4e35-9df3-69fa41b1fada,Woolworths Supermarket,Freezer,Pana Boysenberry & Cheesecake Dairy Free Frozen Dessert Tub 475ml,819175,$5.50,$1.16 / 100ML,https://www.woolworths.com.au/shop/productdetails/819175/pana-boysenberry-cheesecake-dairy-free-frozen-dessert-tub,https://cdn0.woolworths.media/content/wowproductimages/medium/819175.jpg,2020-09-21 16:53:59,Average product rating out of 5: 3.9. Product score is based on 32 ratings,32,,True
15ff3f55-fe76-4f2b-9ed0-4a9c247afbbf,Woolworths Supermarket,Freezer,Magnum Almond Non-dairy Frozen Dessert 3 pack,819289,$7.00,$2.59 / 100ML,https://www.woolworths.com.au/shop/productdetails/819289/magnum-almond-non-dairy-frozen-dessert,https://cdn0.woolworths.media/content/wowproductimages/medium/819289.jpg,2020-09-21 16:53:59,Average product rating out of 5: 4.9. Product score is based on 89 ratings,89,,True
737784e7-2895-4729-914d-d03bb7a8fbad,Woolworths Supermarket,Freezer,Magnum Classic Non-dairy Frozen Dessert 3 pack,819294,$7.00,$2.59 / 100ML,https://www.woolworths.com.au/shop/productdetails/819294/magnum-classic-non-dairy-frozen-dessert,https://cdn0.woolworths.media/content/wowproductimages/medium/819294.jpg,2020-09-21 16:53:59,Average product rating out of 5: 4.9. Product score is based on 67 ratings,67,,True
d23aa556-d433-4fb0-89a4-9be36a817560,Woolworths Supermarket,Freezer,Streets Vegan Cornetto 4 pack,819302,$9.00,$2.50 / 100ML,https://www.woolworths.com.au/shop/productdetails/819302/streets-vegan-cornetto,https://cdn0.woolworths.media/content/wowproductimages/medium/819302.jpg,2020-09-21 16:53:59,Average product rating out of 5: 4.6. Product score is based on 53 ratings,53,,True
23683a48-aa59-4f1c-bb67-09b889dbb8d1,Woolworths Supermarket,Freezer,Ben & Jerry's Choc Fudge Brownie Non-dairy Frozen Dessert 458ml,819303,$12.00,$2.62 / 100ML,https://www.woolworths.com.au/shop/productdetails/819303/ben-jerry-s-choc-fudge-brownie-non-dairy-frozen-dessert,https://cdn0.woolworths.media/content/wowproductimages/medium/819303.jpg,2020-09-21 16:53:59,Average product rating out of 5: 4.3. Product score is based on 4 ratings,4,,True
676557de-d9ff-49c7-9937-fe11ff544b7a,Woolworths Supermarket,Freezer,Woolworths Bolognese Arancini 8 pack,820798,$5.00,$2.08 / 100G,https://www.woolworths.com.au/shop/productdetails/820798/woolworths-bolognese-arancini,https://cdn0.woolworths.media/content/wowproductimages/medium/820798.jpg,2020-09-21 16:53:59,Average product rating out of 5: 3.5. Product score is based on 446 ratings,446,,True
4b8c1675-8128-44f6-9e51-ccfef6c92c2a,Woolworths Supermarket,Freezer,Woolworths Cook Slow Cooked Butterflied Beef 700g,821037,$16.00,$22.86 / 1KG,https://www.woolworths.com.au/shop/productdetails/821037/woolworths-cook-slow-cooked-butterflied-beef,https://cdn0.woolworths.media/content/wowproductimages/medium/821037.jpg,2020-09-21 16:53:59,Average product rating out of 5: 4.5. Product score is based on 215 ratings,215,,True
837435fd-8ca8-4fc3-9b35-81bee987951e,Woolworths Supermarket,Freezer,Woolworths Simply Heat Beef Brisket 700g,821038,$14.00,$20.00 / 1KG,https://www.woolworths.com.au/shop/productdetails/821038/woolworths-simply-heat-beef-brisket,https://cdn0.woolworths.media/content/wowproductimages/medium/821038.jpg,2020-09-21 16:53:59,Average product rating out of 5: 4.5. Product score is based on 221 ratings,221,,True
fe8754cd-5d59-45ac-b43e-d8cf8bdb4bab,Woolworths Supermarket,Freezer,Woolworths Cheeseburger Flavoured Spring Rolls 6 pack,821070,$5.00,$2.08 / 100G,https://www.woolworths.com.au/shop/productdetails/821070/woolworths-cheeseburger-flavoured-spring-rolls,https://cdn0.woolworths.media/content/wowproductimages/medium/821070.jpg,2020-09-21 16:53:59,Average product rating out of 5: 3.4. Product score is based on 664 ratings,664,,True
9615d989-c9c5-48cc-9dc5-ae78bbe6028f,Woolworths Supermarket,Freezer,Quorn Garlic & Herb Fillets 2 pack,822844,$6.20,$3.10 / 100G,https://www.woolworths.com.au/shop/productdetails/822844/quorn-garlic-herb-fillets,https://cdn0.woolworths.media/content/wowproductimages/medium/822844.jpg,2020-09-21 16:53:59,,0,,True
32d0fd59-0e3e-47cd-b6d8-de6df6bf08c7,Woolworths Supermarket,Freezer,Birds Eye Deli Vegetable Chips 600g,822848,$4.80,$8.00 / 1KG,https://www.woolworths.com.au/shop/productdetails/822848/birds-eye-deli-vegetable-chips,https://cdn0.woolworths.media/content/wowproductimages/medium/822848.jpg,2020-09-21 16:53:59,Average product rating out of 5: 4.6. Product score is based on 32 ratings,32,,True
2852b9d5-f26b-4b79-8036-2e6c350cf2ca,Woolworths Supermarket,Freezer,Birds Eye Baby Beans 1kg,822862,$5.00,$5.00 / 1KG,https://www.woolworths.com.au/shop/productdetails/822862/birds-eye-baby-beans,https://cdn0.woolworths.media/content/wowproductimages/medium/822862.jpg,2020-09-21 16:53:59,Average product rating out of 5: 4.8. Product score is based on 26 ratings,26,,True
35f78048-e237-40c0-bd67-40c1eda75a36,Woolworths Supermarket,Freezer,Gelativo Gelato Coffee 1l tub,823887,$6.00,$0.60 / 100ML,https://www.woolworths.com.au/shop/productdetails/823887/gelativo-gelato-coffee,https://cdn0.woolworths.media/content/wowproductimages/medium/823887.jpg,2020-09-21 16:53:59,Average product rating out of 5: 4.8. Product score is based on 16 ratings,16,Was $7.99 29/08/2016,True
55440d68-56b1-48f0-8c62-ea185241afbe,Woolworths Supermarket,Freezer,Amy's Kitchen Mexican Burrito Cheddar & Rice 156g,825290,$4.90,$3.14 / 100G,https://www.woolworths.com.au/shop/productdetails/825290/amy-s-kitchen-mexican-burrito-cheddar-rice,https://cdn0.woolworths.media/content/wowproductimages/medium/825290.jpg,2020-09-21 16:53:59,Average product rating out of 5: 4.6. Product score is based on 14 ratings,14,,True
ffea655a-b095-4eae-847a-bbda65e0deba,Woolworths Supermarket,Freezer,Amy's Kitchen Gluten Free Rice Mac & Cheese 255g,825300,$6.80,$2.67 / 100G,https://www.woolworths.com.au/shop/productdetails/825300/amy-s-kitchen-gluten-free-rice-mac-cheese,https://cdn0.woolworths.media/content/wowproductimages/medium/825300.jpg,2020-09-21 16:53:59,Average product rating out of 5: 4.9. Product score is based on 25 ratings,25,,True
801f44a2-571d-4b97-b4e8-e6be00e803c1,Woolworths Supermarket,Freezer,"Created With Jamie Chilli, Garlic & Rosemary Chicken Fillets 350g",828743,$9.00,$25.71 / 1KG,https://www.woolworths.com.au/shop/productdetails/828743/created-with-jamie-chilli-garlic-rosemary-chicken-fillets,https://cdn0.woolworths.media/content/wowproductimages/medium/828743.jpg,2020-09-21 16:53:59,Average product rating out of 5: 3.5. Product score is based on 8 ratings,8,,True
ba9a7b5b-cfb2-4d36-a29d-80ce719f7623,Woolworths Supermarket,Freezer,Cadbury Dairy Milk Molten Pudding Milk Chocolate 2 pack,829054,$5.00,$2.50 / 100G,https://www.woolworths.com.au/shop/productdetails/829054/cadbury-dairy-milk-molten-pudding-milk-chocolate,https://cdn0.woolworths.media/content/wowproductimages/medium/829054.jpg,2020-09-21 16:53:59,Average product rating out of 5: 4.9. Product score is based on 15 ratings,15,,True
07646347-bf20-4374-a491-c5eca6cb4868,Woolworths Supermarket,Freezer,Cadbury Dairy Milk Molten Pudding Caramello 2 pack,829055,$5.00,$2.50 / 100G,https://www.woolworths.com.au/shop/productdetails/829055/cadbury-dairy-milk-molten-pudding-caramello,https://cdn0.woolworths.media/content/wowproductimages/medium/829055.jpg,2020-09-21 16:53:59,Average product rating out of 5: 5.0. Product score is based on 6 ratings,6,,True
8bf06378-3148-462b-b50c-ce1d2b17e730,Woolworths Supermarket,Freezer,On The Menu Chicken Fettucine 260g,838678,$3.00,$1.15 / 100G,https://www.woolworths.com.au/shop/productdetails/838678/on-the-menu-chicken-fettucine,https://cdn0.woolworths.media/content/wowproductimages/medium/838678.jpg,2020-09-21 16:53:59,Average product rating out of 5: 3.7. Product score is based on 23 ratings,23,,True
7cf19bc5-33e2-42e9-9ef8-26b44e587971,Woolworths Supermarket,Freezer,On The Menu Chicken Kiev 320g,838679,$6.00,$1.88 / 100G,https://www.woolworths.com.au/shop/productdetails/838679/on-the-menu-chicken-kiev,https://cdn0.woolworths.media/content/wowproductimages/medium/838679.jpg,2020-09-21 16:53:59,Average product rating out of 5: 4.3. Product score is based on 49 ratings,49,Was $6.50 20/02/2017,True
11da8050-292d-4509-9334-7125f78f7114,Woolworths Supermarket,Freezer,On The Menu Cottage Pie 260g,838692,$3.00,$1.15 / 100G,https://www.woolworths.com.au/shop/productdetails/838692/on-the-menu-cottage-pie,https://cdn0.woolworths.media/content/wowproductimages/medium/838692.jpg,2020-09-21 16:53:59,Average product rating out of 5: 4.2. Product score is based on 37 ratings,37,,True
4f60417a-ab9a-4513-853e-339cec8d93f6,Woolworths Supermarket,Freezer,Vegie Delights Not Burger 340g,838832,$6.00,$1.76 / 100G,https://www.woolworths.com.au/shop/productdetails/838832/vegie-delights-not-burger,https://cdn0.woolworths.media/content/wowproductimages/medium/838832.jpg,2020-09-21 16:53:59,,0,2 for $11.00,True
e879326c-4544-4ab7-b5c3-f40358466028,Woolworths Supermarket,Freezer,Birds Eye Deli Seasoned Roast Potatoes Rosemary & Garlic 600g,839429,$1.97,$3.28 / 1KG,https://www.woolworths.com.au/shop/productdetails/839429/birds-eye-deli-seasoned-roast-potatoes-rosemary-garlic,https://cdn0.woolworths.media/content/wowproductimages/medium/839429.jpg,2020-09-21 16:53:59,Average product rating out of 5: 4.7. Product score is based on 62 ratings,62,,True
aa837e54-d017-4fba-80bd-a54895a6d24b,Woolworths Supermarket,Freezer,Birds Eye Steam Potato & Broccoli 400g,839440,$4.20,$10.50 / 1KG,https://www.woolworths.com.au/shop/productdetails/839440/birds-eye-steam-potato-broccoli,https://cdn0.woolworths.media/content/wowproductimages/medium/839440.jpg,2020-09-21 16:53:59,Average product rating out of 5: 4.8. Product score is based on 24 ratings,24,,True
3bfd09d1-aedd-4b51-a4fc-a1443bd81376,Woolworths Supermarket,Freezer,Birds Eye Steam Plus Cous Cous 400g,839441,$5.00,$12.50 / 1KG,https://www.woolworths.com.au/shop/productdetails/839441/birds-eye-steam-plus-cous-cous,https://cdn0.woolworths.media/content/wowproductimages/medium/839441.jpg,2020-09-21 16:53:59,Average product rating out of 5: 4.7. Product score is based on 25 ratings,25,,True
00dd81a2-457d-4af7-98f7-bb32c51f4828,Woolworths Supermarket,Freezer,Sealord Premium Hoki Fillets Wholemeal 300g,840271,$7.30,$24.33 / 1KG,https://www.woolworths.com.au/shop/productdetails/840271/sealord-premium-hoki-fillets-wholemeal,https://cdn0.woolworths.media/content/wowproductimages/medium/840271.jpg,2020-09-21 16:53:59,Average product rating out of 5: 4.9. Product score is based on 24 ratings,24,,True
98d42be4-7757-4b37-b53d-c23af38dc83d,Woolworths Supermarket,Freezer,Sealord Premium Hoki Fillets Three Seeds 300g,840276,$7.30,$24.33 / 1KG,https://www.woolworths.com.au/shop/productdetails/840276/sealord-premium-hoki-fillets-three-seeds,https://cdn0.woolworths.media/content/wowproductimages/medium/840276.jpg,2020-09-21 16:53:59,Average product rating out of 5: 4.7. Product score is based on 17 ratings,17,,True
948d1c3c-918c-40a6-b864-998726eeb9c3,Woolworths Supermarket,Freezer,Mccain Straight Sweet Potato Chips 750g,854298,$5.50,$7.33 / 1KG,https://www.woolworths.com.au/shop/productdetails/854298/mccain-straight-sweet-potato-chips,https://cdn0.woolworths.media/content/wowproductimages/medium/854298.jpg,2020-09-21 16:53:59,Average product rating out of 5: 4.5. Product score is based on 38 ratings,38,,True
f241cb00-88c5-4c08-922c-38f45a28a0b7,Woolworths Supermarket,Freezer,Bounty Chocolate Bar Iced Confectionery Multipack 6 pack,856183,$8.50,$2.83 / 100ML,https://www.woolworths.com.au/shop/productdetails/856183/bounty-chocolate-bar-iced-confectionery-multipack,https://cdn0.woolworths.media/content/wowproductimages/medium/856183.jpg,2020-09-21 16:53:59,Average product rating out of 5: 4.8. Product score is based on 12 ratings,12,,True
7ec13c58-5d1d-4e35-b9c3-70e84cd97602,Woolworths Supermarket,Freezer,Bulla Rainbow Ice Cream Cake 1.5l,858754,$14.00,$0.93 / 100ML,https://www.woolworths.com.au/shop/productdetails/858754/bulla-rainbow-ice-cream-cake,https://cdn0.woolworths.media/content/wowproductimages/medium/858754.jpg,2020-09-21 16:53:59,Average product rating out of 5: 4.5. Product score is based on 16 ratings,16,,True
51318b47-3569-4fb3-85dc-39be7c00261a,Woolworths Supermarket,Freezer,Ingham's Frozen Chicken Breast Tenders Salt & Vinegar 400g,862159,$4.00,$10.00 / 1KG,https://www.woolworths.com.au/shop/productdetails/862159/ingham-s-frozen-chicken-breast-tenders-salt-vinegar,https://cdn0.woolworths.media/content/wowproductimages/medium/862159.jpg,2020-09-21 16:53:59,Average product rating out of 5: 4.5. Product score is based on 31 ratings,31,Was $8.30 23/07/2018,True
b0d99693-bfaa-4f45-9c15-6f9b4f809a01,Woolworths Supermarket,Freezer,Woolworths Burger Patties 10 pack,862590,$9.50,$1.19 / 100G,https://www.woolworths.com.au/shop/productdetails/862590/woolworths-burger-patties,https://cdn0.woolworths.media/content/wowproductimages/medium/862590.jpg,2020-09-21 16:53:59,Average product rating out of 5: 4.1. Product score is based on 17 ratings,17,,True
5440eb9e-39ed-4db6-a134-eeecbe6b97ee,Woolworths Supermarket,Freezer,Connoisseur Ice Cream Chocolate Vanilla Almond 4 pack,881417,$8.60,$1.89 / 100ML,https://www.woolworths.com.au/shop/productdetails/881417/connoisseur-ice-cream-chocolate-vanilla-almond,https://cdn0.woolworths.media/content/wowproductimages/medium/881417.jpg,2020-09-21 16:53:59,Average product rating out of 5: 5.0. Product score is based on 2 ratings,2,,True
169556c2-d9f4-4dfd-952b-2be47e2a5cc9,Woolworths Supermarket,Freezer,Connoisseur Ice Cream Mint Choc Cookie 4 pack,881425,$8.60,$1.89 / 100ML,https://www.woolworths.com.au/shop/productdetails/881425/connoisseur-ice-cream-mint-choc-cookie,https://cdn0.woolworths.media/content/wowproductimages/medium/881425.jpg,2020-09-21 16:53:59,Average product rating out of 5: 4.4. Product score is based on 11 ratings,11,,True
e3e576dc-0baa-44c6-be7c-53bf29e1bc36,Woolworths Supermarket,Freezer,Connoisseur Ice Cream Sicilian Blood Orange Choc 4 pack,881432,$8.60,$1.89 / 100ML,https://www.woolworths.com.au/shop/productdetails/881432/connoisseur-ice-cream-sicilian-blood-orange-choc,https://cdn0.woolworths.media/content/wowproductimages/medium/881432.jpg,2020-09-21 16:53:59,Average product rating out of 5: 4.9. Product score is based on 20 ratings,20,,True
407b30c3-28a4-4a23-84bb-372f8fa61ebf,Woolworths Supermarket,Freezer,Connoisseur Ice Cream Raspberry White Chocolate 1l tub,881471,$11.00,$1.10 / 100ML,https://www.woolworths.com.au/shop/productdetails/881471/connoisseur-ice-cream-raspberry-white-chocolate,https://cdn0.woolworths.media/content/wowproductimages/medium/881471.jpg,2020-09-21 16:53:59,Average product rating out of 5: 4.6. Product score is based on 24 ratings,24,,True
0044faaa-4de4-44e8-85b8-068d2e9edbd4,Woolworths Supermarket,Freezer,Peters Drumstick Mini Chocolate Caramel 6 pack,881481,$8.40,$1.71 / 100ML,https://www.woolworths.com.au/shop/productdetails/881481/peters-drumstick-mini-chocolate-caramel,https://cdn0.woolworths.media/content/wowproductimages/medium/881481.jpg,2020-09-21 16:53:59,Average product rating out of 5: 4.8. Product score is based on 18 ratings,18,,True
18693496-05b3-4127-8882-82fbb21b3d76,Woolworths Supermarket,Freezer,Magnum Choc Cookie Crumble Ice Cream 4 pack,888566,$4.50,$1.16 / 100ML,https://www.woolworths.com.au/shop/productdetails/888566/magnum-choc-cookie-crumble-ice-cream,https://cdn0.woolworths.media/content/wowproductimages/medium/888566.jpg,2020-09-21 16:53:59,Average product rating out of 5: 4.9. Product score is based on 7 ratings,7,,True
a23a7a4d-9f96-4eb6-89ab-61d02ea16ffb,Woolworths Supermarket,Freezer,Just Caught Atlantic Salmon Skinless 1kg,891961,$23.00,$23.00 / 1KG,https://www.woolworths.com.au/shop/productdetails/891961/just-caught-atlantic-salmon-skinless,https://cdn0.woolworths.media/content/wowproductimages/medium/891961.jpg,2020-09-21 16:53:59,,0,,True
7d7e52d1-e662-4e7b-b941-cddc4f24a3f2,Woolworths Supermarket,Freezer,Cheesebuddy Gluten Free Cheese Puffs 450g,893902,$5.20,$1.16 / 100G,https://www.woolworths.com.au/shop/productdetails/893902/cheesebuddy-gluten-free-cheese-puffs,https://cdn0.woolworths.media/content/wowproductimages/medium/893902.jpg,2020-09-21 16:53:59,Average product rating out of 5: 4.8. Product score is based on 41 ratings,41,,True
fd70f635-540e-4ecd-b21d-2b3f5ad0baac,Woolworths Supermarket,Freezer,Fry's Meat Free Nuggets With Rice Protein & Chia 240g,937534,$5.00,$2.08 / 100G,https://www.woolworths.com.au/shop/productdetails/937534/fry-s-meat-free-nuggets-with-rice-protein-chia,https://cdn0.woolworths.media/content/wowproductimages/medium/937534.jpg,2020-09-21 16:53:59,,0,,True
f8b64cad-1164-414e-b315-4aa5edfce951,Woolworths Supermarket,Freezer,Fry's Meat Free Schnitzels With Soy & Flaxseed 320g,937543,$5.00,$1.56 / 100G,https://www.woolworths.com.au/shop/productdetails/937543/fry-s-meat-free-schnitzels-with-soy-flaxseed,https://cdn0.woolworths.media/content/wowproductimages/medium/937543.jpg,2020-09-21 16:53:59,,0,,True
1e4f5ac8-3a81-4df0-9429-c09974cba598,Woolworths Supermarket,Freezer,Dibble Dabbles Mini Dagwood Dog 270g,939206,$6.00,$2.22 / 100G,https://www.woolworths.com.au/shop/productdetails/939206/dibble-dabbles-mini-dagwood-dog,https://cdn0.woolworths.media/content/wowproductimages/medium/939206.jpg,2020-09-21 16:53:59,Average product rating out of 5: 4.5. Product score is based on 48 ratings,48,,True
6233fef6-5677-4544-95d9-44b9fb260132,Woolworths Supermarket,Freezer,Dibble Dabbles Mozzarella Sticks 235g,939210,$6.00,$2.55 / 100G,https://www.woolworths.com.au/shop/productdetails/939210/dibble-dabbles-mozzarella-sticks,https://cdn0.woolworths.media/content/wowproductimages/medium/939210.jpg,2020-09-21 16:53:59,Average product rating out of 5: 4.6. Product score is based on 45 ratings,45,,True
f7bcec1e-2f7d-4344-879f-9bbf572e2e78,Woolworths Supermarket,Freezer,Super Nature Split Pea & Lentil Dhal 350g,940341,$6.30,$1.80 / 100G,https://www.woolworths.com.au/shop/productdetails/940341/super-nature-split-pea-lentil-dhal,https://cdn0.woolworths.media/content/wowproductimages/medium/940341.jpg,2020-09-21 16:53:59,Average product rating out of 5: 4.4. Product score is based on 18 ratings,18,,True
bfe342c2-e62c-4b79-88c8-62f45d235643,Woolworths Supermarket,Freezer,Super Nature Super Foods Sweet Potato Cottage Pie 350g,940359,$6.30,$1.80 / 100G,https://www.woolworths.com.au/shop/productdetails/940359/super-nature-super-foods-sweet-potato-cottage-pie,https://cdn0.woolworths.media/content/wowproductimages/medium/940359.jpg,2020-09-21 16:53:59,Average product rating out of 5: 4.7. Product score is based on 22 ratings,22,,True
71a82cee-b796-4ff3-a509-aceea529cc56,Woolworths Supermarket,Freezer,Nanna's Frozen Crepes 400g,942352,$7.00,$1.75 / 100G,https://www.woolworths.com.au/shop/productdetails/942352/nanna-s-frozen-crepes,https://cdn0.woolworths.media/content/wowproductimages/medium/942352.jpg,2020-09-21 16:53:59,Average product rating out of 5: 4.9. Product score is based on 10 ratings,10,,True
1db26dbc-bf9a-4876-bd84-7687a36f7b3e,Woolworths Supermarket,Freezer,Farm Pride Frozen Egg Whites 960ml,947804,$10.00,$1.05 / 100ML,https://www.woolworths.com.au/shop/productdetails/947804/farm-pride-frozen-egg-whites,https://cdn0.woolworths.media/content/wowproductimages/medium/947804.jpg,2020-09-21 16:53:59,Average product rating out of 5: 4.0. Product score is based on 10 ratings,10,,True
c6c17e44-4d94-4dca-b76b-38f1998325c8,Woolworths Supermarket,Freezer,Woolworths French Style Cheesecake 450g,950975,$3.30,$0.73 / 100G,https://www.woolworths.com.au/shop/productdetails/950975/woolworths-french-style-cheesecake,https://cdn0.woolworths.media/content/wowproductimages/medium/950975.jpg,2020-09-21 16:53:59,Average product rating out of 5: 4.5. Product score is based on 30 ratings,30,,True
f6009520-0664-46b0-b558-dbc24a1f5aea,Woolworths Supermarket,Freezer,Woolworths Chocolate Bavarian 450g,950976,$3.30,$0.73 / 100G,https://www.woolworths.com.au/shop/productdetails/950976/woolworths-chocolate-bavarian,https://cdn0.woolworths.media/content/wowproductimages/medium/950976.jpg,2020-09-21 16:53:59,Average product rating out of 5: 4.7. Product score is based on 32 ratings,32,,True
d84fe913-058b-4797-839b-ead7841f287d,Woolworths Supermarket,Freezer,Creative Gourmet Frozen Mango Chunks 500g,000949,$4.50,$9.00 / 1KG,https://www.woolworths.com.au/shop/productdetails/949/creative-gourmet-frozen-mango-chunks,https://cdn0.woolworths.media/content/wowproductimages/medium/000949.jpg,2020-09-21 16:53:59,Average product rating out of 5: 4.9. Product score is based on 21 ratings,21,,True
0a3b02ab-540f-49f6-a49b-f1409de32f1c,Woolworths Supermarket,Freezer,Cadbury Freddo Vanilla & Chocolate Ice Cream 4 pack,051934,$7.00,$2.13 / 100ML,https://www.woolworths.com.au/shop/productdetails/51934/cadbury-freddo-vanilla-chocolate-ice-cream,https://cdn0.woolworths.media/content/wowproductimages/medium/051934.jpg,2020-09-21 16:53:59,Average product rating out of 5: 4.4. Product score is based on 16 ratings,16,Was $7.00 27/09/2020,True
f16fadf5-8774-4f3a-871b-8c99a9f9c10d,Woolworths Supermarket,Freezer,Gelativo Madagascan Vanilla With Salted Caramel Ripple Gelato Cookies 4 pack,060978,$6.00,$1.11 / 100ML,https://www.woolworths.com.au/shop/productdetails/60978/gelativo-madagascan-vanilla-with-salted-caramel-ripple-gelato-cookies,https://cdn0.woolworths.media/content/wowproductimages/medium/060978.jpg,2020-09-21 16:53:59,Average product rating out of 5: 4.6. Product score is based on 9 ratings,9,,True
e4ab7707-4301-4647-b8ee-5ff3d650504f,Woolworths Supermarket,Freezer,Connoisseur Camarosa Strawberry Gourmet Ice Cream 1l,085277,$11.00,$1.10 / 100ML,https://www.woolworths.com.au/shop/productdetails/85277/connoisseur-camarosa-strawberry-gourmet-ice-cream,https://cdn0.woolworths.media/content/wowproductimages/medium/085277.jpg,2020-09-21 16:53:59,Average product rating out of 5: 4.8. Product score is based on 4 ratings,4,,True
4aaee92c-e36c-47f6-8013-81be61ba818d,Woolworths Supermarket,Freezer,Herbert Adams Rolls Flaky Cheese & Spinach 440g,147714,$4.00,$0.91 / 100G,https://www.woolworths.com.au/shop/productdetails/147714/herbert-adams-rolls-flaky-cheese-spinach,https://cdn0.woolworths.media/content/wowproductimages/medium/147714.jpg,2020-09-21 16:53:59,Average product rating out of 5: 4.5. Product score is based on 33 ratings,33,,True
ab1247be-4853-4cf6-93cb-f61d1f6caa00,Woolworths Supermarket,Freezer,Borg's Traditional Puff Pastry 1.9kg,173040,$6.00,$0.32 / 100G,https://www.woolworths.com.au/shop/productdetails/173040/borg-s-traditional-puff-pastry,https://cdn0.woolworths.media/content/wowproductimages/medium/173040.jpg,2020-09-21 16:53:59,Average product rating out of 5: 4.8. Product score is based on 44 ratings,44,,True
59da9782-5cc3-4349-bdfd-16800d801910,Woolworths Supermarket,Freezer,Splice Fruit Ice Pine Lime 8 pack,199986,$7.00,$1.20 / 100ML,https://www.woolworths.com.au/shop/productdetails/199986/splice-fruit-ice-pine-lime,https://cdn0.woolworths.media/content/wowproductimages/medium/199986.jpg,2020-09-21 16:53:59,Average product rating out of 5: 4.9. Product score is based on 20 ratings,20,,True
61f35a36-1ade-47fc-82a2-4ff9a63c179f,Woolworths Supermarket,Freezer,On The Menu Roast Chicken Rolls 179g,248464,$4.00,$2.23 / 100G,https://www.woolworths.com.au/shop/productdetails/248464/on-the-menu-roast-chicken-rolls,https://cdn0.woolworths.media/content/wowproductimages/medium/248464.jpg,2020-09-21 16:53:59,Average product rating out of 5: 4.3. Product score is based on 29 ratings,29,,True
1e89eecd-a0c6-419a-909b-93b614152867,Woolworths Supermarket,Freezer,Bulla Mini Splits Tropical & Raspberry 14 pack,313661,$5.00,$0.89 / 100ML,https://www.woolworths.com.au/shop/productdetails/313661/bulla-mini-splits-tropical-raspberry,https://cdn0.woolworths.media/content/wowproductimages/medium/313661.jpg,2020-09-21 16:53:59,Average product rating out of 5: 4.8. Product score is based on 22 ratings,22,,True
3369a401-6e41-4c40-af23-cc701d35db91,Woolworths Supermarket,Freezer,Streets Cornetto Golden Gaytime 4 pack,506911,$5.00,$1.14 / 100ML,https://www.woolworths.com.au/shop/productdetails/506911/streets-cornetto-golden-gaytime,https://cdn0.woolworths.media/content/wowproductimages/medium/506911.jpg,2020-09-21 16:53:59,Average product rating out of 5: 4.5. Product score is based on 2 ratings,2,,True
0a41d91e-a5da-4414-a5aa-19a2b0ae715b,Woolworths Supermarket,Freezer,Bell Farms Steamed Veggies Carrot Broccoli & Cauliflower 3 pack,536098,,,https://www.woolworths.com.au/shop/productdetails/536098/bell-farms-steamed-veggies-carrot-broccoli-cauliflower,https://cdn0.woolworths.media/content/wowproductimages/medium/536098.jpg,2020-09-21 16:53:59,Average product rating out of 5: 4.1. Product score is based on 23 ratings,23,,False
cd3556b4-c64a-4440-ac77-487cb2f842a5,Woolworths Supermarket,Freezer,Annabel Karmel Mummy's Favourite Fish Pie 200g,544206,$4.00,$2.00 / 100G,https://www.woolworths.com.au/shop/productdetails/544206/annabel-karmel-mummy-s-favourite-fish-pie,https://cdn0.woolworths.media/content/wowproductimages/medium/544206.jpg,2020-09-21 16:53:59,Average product rating out of 5: 4.8. Product score is based on 25 ratings,25,,True
87cd7d58-34ab-44d8-b3ab-7a2ca9ef4c35,Woolworths Supermarket,Freezer,"Super Nature Wellness Bowl Satay Chicken & Quinoa, Chickpea & Wild Rice 350g",657087,$6.30,$1.80 / 100G,https://www.woolworths.com.au/shop/productdetails/657087/super-nature-wellness-bowl-satay-chicken-quinoa-chickpea-wild-rice,https://cdn0.woolworths.media/content/wowproductimages/medium/657087.jpg,2020-09-21 16:53:59,Average product rating out of 5: 4.4. Product score is based on 9 ratings,9,,True
b350662e-5faf-40a9-aca0-3eb0cd41e2c0,Woolworths Supermarket,Freezer,Harry's Ice Cream Peanut Butter Ice Cream 520ml tub,674287,$4.00,$0.77 / 100ML,https://www.woolworths.com.au/shop/productdetails/674287/harry-s-ice-cream-peanut-butter-ice-cream,https://cdn0.woolworths.media/content/wowproductimages/medium/674287.jpg,2020-09-21 16:53:59,Average product rating out of 5: 4.7. Product score is based on 6 ratings,6,,True
8377d077-19af-490f-b820-2bc116e07570,Woolworths Supermarket,Freezer,Woolworths Peanut Butter & Salted Chocolate Ice Cream 1l,681142,$5.00,$0.50 / 100ML,https://www.woolworths.com.au/shop/productdetails/681142/woolworths-peanut-butter-salted-chocolate-ice-cream,https://cdn0.woolworths.media/content/wowproductimages/medium/681142.jpg,2020-09-21 16:53:59,Average product rating out of 5: 4.5. Product score is based on 322 ratings,322,,True
faf25f7c-1a75-4728-a8dd-b4f93b5837e3,Woolworths Supermarket,Freezer,Woolworths Peppermint Chocolate Flakes Ice Cream Sandwich 4 pack,682383,$2.90,$0.66 / 100ML,https://www.woolworths.com.au/shop/productdetails/682383/woolworths-peppermint-chocolate-flakes-ice-cream-sandwich,https://cdn0.woolworths.media/content/wowproductimages/medium/682383.jpg,2020-09-21 16:53:59,Average product rating out of 5: 4.3. Product score is based on 403 ratings,403,,True
d87b7f70-9a3b-4f13-addb-893aeb3c4a38,Woolworths Supermarket,Freezer,Amazonia Acai Energy Guarana Blend 100g x4 pack,706577,$6.00,$1.50 / 100G,https://www.woolworths.com.au/shop/productdetails/706577/amazonia-acai-energy-guarana-blend,https://cdn0.woolworths.media/content/wowproductimages/medium/706577.jpg,2020-09-21 16:53:59,Average product rating out of 5: 4.8. Product score is based on 10 ratings,10,,True
aeb0d40b-cb27-4305-b71e-f6f32bb37175,Woolworths Supermarket,Freezer,Gardein Meatless Meatball 360g,743716,$9.60,$2.67 / 100G,https://www.woolworths.com.au/shop/productdetails/743716/gardein-meatless-meatball,https://cdn0.woolworths.media/content/wowproductimages/medium/743716.jpg,2020-09-21 16:53:59,,0,,True
10373f49-3632-449b-8013-b158fbaf1ace,Woolworths Supermarket,Freezer,Ocean Chef Tuna Yellowfin Tuna Steaks 1kg,782001,$25.00,$25.00 / 1KG,https://www.woolworths.com.au/shop/productdetails/782001/ocean-chef-tuna-yellowfin-tuna-steaks,https://cdn0.woolworths.media/content/wowproductimages/medium/782001.jpg,2020-09-21 16:53:59,,0,Was $28.99 22/08/2016,True
149a5cfa-2e8b-4f9d-a29a-f047b8e5f70b,Woolworths Supermarket,Freezer,Sealord Dory Fillets Tempura Batter 4 pack,791490,$6.50,$21.67 / 1KG,https://www.woolworths.com.au/shop/productdetails/791490/sealord-dory-fillets-tempura-batter,https://cdn0.woolworths.media/content/wowproductimages/medium/791490.jpg,2020-09-21 16:53:59,Average product rating out of 5: 4.2. Product score is based on 22 ratings,22,,True
1c2bf3d3-f2dc-44f6-8782-e4857be7a633,Woolworths Supermarket,Freezer,Creative Gourmet Coconut Chunks 300g,792518,$4.50,$15.00 / 1KG,https://www.woolworths.com.au/shop/productdetails/792518/creative-gourmet-coconut-chunks,https://cdn0.woolworths.media/content/wowproductimages/medium/792518.jpg,2020-09-21 16:53:59,Average product rating out of 5: 4.1. Product score is based on 16 ratings,16,,True
caeda90c-6ddf-4569-b371-4859bab486ef,Woolworths Supermarket,Freezer,Ocean Chef Fish King Snapper Portions 1kg,794638,$25.00,$25.00 / 1KG,https://www.woolworths.com.au/shop/productdetails/794638/ocean-chef-fish-king-snapper-portions,https://cdn0.woolworths.media/content/wowproductimages/medium/794638.jpg,2020-09-21 16:53:59,,0,Was $29.99 22/08/2016,True
0c948a13-9c0e-4747-9ef1-fc702ffd07ed,Woolworths Supermarket,Freezer,Birds Eye Deli Sweet Potato Chips 600g,822847,$4.80,$8.00 / 1KG,https://www.woolworths.com.au/shop/productdetails/822847/birds-eye-deli-sweet-potato-chips,https://cdn0.woolworths.media/content/wowproductimages/medium/822847.jpg,2020-09-21 16:53:59,Average product rating out of 5: 4.7. Product score is based on 27 ratings,27,,True
529828f0-2825-438d-a70e-a066051793d8,Woolworths Supermarket,Freezer,Oob Organic Raspberries 450g,792993,$9.70,$21.56 / 1KG,https://www.woolworths.com.au/shop/productdetails/792993/oob-organic-raspberries,https://cdn0.woolworths.media/content/wowproductimages/medium/792993.jpg,2020-09-21 16:53:59,Average product rating out of 5: 4.9. Product score is based on 9 ratings,9,,True
45b82c5d-ca5b-4de2-b618-2bc8f7ed3928,Woolworths Supermarket,Freezer,Oob Organic Frozen Mixed Berries 500g,931860,$9.70,$19.40 / 1KG,https://www.woolworths.com.au/shop/productdetails/931860/oob-organic-frozen-mixed-berries,https://cdn0.woolworths.media/content/wowproductimages/medium/931860.jpg,2020-09-21 16:53:59,Average product rating out of 5: 4.6. Product score is based on 11 ratings,11,,True
f675720a-fd4c-4b84-be8e-09b94f3b9a16,Woolworths Supermarket,Freezer,Birds Eye Deli Seasonal Catch Flathead In Light Batter 250g,060993,$9.00,$36.00 / 1KG,https://www.woolworths.com.au/shop/productdetails/60993/birds-eye-deli-seasonal-catch-flathead-in-light-batter,https://cdn0.woolworths.media/content/wowproductimages/medium/060993.jpg,2020-09-21 16:53:59,Average product rating out of 5: 4.6. Product score is based on 12 ratings,12,,True
384bfe38-90f5-4d80-8fab-d138079c8a2a,Woolworths Supermarket,Freezer,Birds Eye Deli Fish Lightly Crumbed Lemon Pepper 225g,061094,$7.50,$33.33 / 1KG,https://www.woolworths.com.au/shop/productdetails/61094/birds-eye-deli-fish-lightly-crumbed-lemon-pepper,https://cdn0.woolworths.media/content/wowproductimages/medium/061094.jpg,2020-09-21 16:53:59,Average product rating out of 5: 4.8. Product score is based on 5 ratings,5,,True
3b1e9548-78ca-49f9-8c7b-4dbc9a6616f1,Woolworths Supermarket,Freezer,Oob Organic Frozen Blueberries 450g,931859,$9.70,$21.56 / 1KG,https://www.woolworths.com.au/shop/productdetails/931859/oob-organic-frozen-blueberries,https://cdn0.woolworths.media/content/wowproductimages/medium/931859.jpg,2020-09-21 16:53:59,Average product rating out of 5: 4.9. Product score is based on 17 ratings,17,,True
a82fb9c5-ff50-4f72-9a9b-721b087a3928,Woolworths Supermarket,Freezer,Bulla Creamy Classics Sandwich Salted Caramel & Chocolate 4 pack,105719,$8.50,$1.52 / 100ML,https://www.woolworths.com.au/shop/productdetails/105719/bulla-creamy-classics-sandwich-salted-caramel-chocolate,https://cdn0.woolworths.media/content/wowproductimages/medium/105719.jpg,2020-09-21 16:53:59,,0,,True
767c59c7-289a-4398-a3d5-d1beac93648f,Woolworths Supermarket,Freezer,Mccain Pub Style Extra Crispy Chips 750g,822845,$3.00,$4.00 / 1KG,https://www.woolworths.com.au/shop/productdetails/822845/mccain-pub-style-extra-crispy-chips,https://cdn0.woolworths.media/content/wowproductimages/medium/822845.jpg,2020-09-21 16:53:59,,0,,True
b57e4aa2-5060-4672-8558-ed0a7cae7879,Woolworths Supermarket,Freezer,Woolworths Vanilla Ice Cream Sandwich 440ml 4pk,830211,$2.90,$0.66 / 100ML,https://www.woolworths.com.au/shop/productdetails/830211/woolworths-vanilla-ice-cream-sandwich,https://cdn0.woolworths.media/content/wowproductimages/medium/830211.jpg,2020-09-21 16:53:59,Average product rating out of 5: 3.9. Product score is based on 471 ratings,471,,True
6a3cd289-638f-4649-838c-dabc4535a4a1,Woolworths Supermarket,Freezer,Birds Eye Wild Caught Fish Fingers 400g,063553,$6.00,$15.00 / 1KG,https://www.woolworths.com.au/shop/productdetails/63553/birds-eye-wild-caught-fish-fingers,https://cdn0.woolworths.media/content/wowproductimages/medium/063553.jpg,2020-09-21 16:53:59,Average product rating out of 5: 3.8. Product score is based on 6 ratings,6,,True
81bad525-312c-4617-8eb9-7f231ef3b1f2,Woolworths Supermarket,Freezer,Oob Organic Frozen Mixed Berries 1kg,086942,$16.00,$16.00 / 1KG,https://www.woolworths.com.au/shop/productdetails/86942/oob-organic-frozen-mixed-berries,https://cdn0.woolworths.media/content/wowproductimages/medium/086942.jpg,2020-09-21 16:53:59,,0,,True
c9a04650-4a44-48c9-b954-5af939b7126b,Woolworths Supermarket,Freezer,Essentials Frozen Crinkle Cut Chips 1kg,221063,$1.89,$1.89 / 1KG,https://www.woolworths.com.au/shop/productdetails/221063/essentials-frozen-crinkle-cut-chips,https://cdn0.woolworths.media/content/wowproductimages/medium/221063.jpg,2020-09-21 16:53:59,Average product rating out of 5: 3.7. Product score is based on 648 ratings,648,,True
5044bbe2-8b8e-4573-8bd2-ea45332e022f,Woolworths Supermarket,Freezer,Steggles Tempura Chicken Dino Snacks 400g,339271,$5.00,$12.50 / 1KG,https://www.woolworths.com.au/shop/productdetails/339271/steggles-tempura-chicken-dino-snacks,https://cdn0.woolworths.media/content/wowproductimages/medium/339271.jpg,2020-09-21 16:53:59,Average product rating out of 5: 4.5. Product score is based on 29 ratings,29,,True
0239ad81-aada-4e4e-8ce4-90466b9237b8,Woolworths Supermarket,Freezer,Cadbury Freddo Strawberry & Vanilla Ice Cream 4 pack,051933,,,https://www.woolworths.com.au/shop/productdetails/51933/cadbury-freddo-strawberry-vanilla-ice-cream,https://cdn0.woolworths.media/content/wowproductimages/medium/051933.jpg,2020-09-21 16:53:59,Average product rating out of 5: 4.4. Product score is based on 21 ratings,21,Was $7.00 27/09/2020,False
306bfe37-4566-4f6f-ba63-9bb30789d9b1,Woolworths Supermarket,Freezer,Super Cubes Mango Superfood Puree 1l,091908,$7.00,,https://www.woolworths.com.au/shop/productdetails/91908/super-cubes-mango-superfood-puree,https://cdn0.woolworths.media/content/wowproductimages/medium/091908.jpg,2020-09-21 16:53:59,Average product rating out of 5: 5.0. Product score is based on 1 ratings,1,,True
cf242a5c-030c-4b60-a1c0-9dc404cd127a,Woolworths Supermarket,Freezer,Bell Farms Steamed Veggies Carrot Corn & Broccoli 3pk 450g,536097,$1.95,$4.33 / 1KG,https://www.woolworths.com.au/shop/productdetails/536097/bell-farms-steamed-veggies-carrot-corn-broccoli,https://cdn0.woolworths.media/content/wowproductimages/medium/536097.jpg,2020-09-21 16:53:59,Average product rating out of 5: 4.1. Product score is based on 14 ratings,14,,True
e6192735-f2dc-4c7b-841a-d12acf3644e7,Woolworths Supermarket,Freezer,Streets Splice Naturals Orange Mandarin Lime 6 pack,065792,$7.50,$1.84 / 100ML,https://www.woolworths.com.au/shop/productdetails/65792/streets-splice-naturals-orange-mandarin-lime,https://cdn0.woolworths.media/content/wowproductimages/medium/065792.jpg,2020-09-21 16:53:59,Average product rating out of 5: 4.9. Product score is based on 8 ratings,8,,True
77a573f7-d7b5-4c87-b0f1-35c34a0d29f4,Woolworths Supermarket,Freezer,Super Cubes Strawberry Superfood Puree 1l,092414,$7.00,$0.70 / 100ML,https://www.woolworths.com.au/shop/productdetails/92414/super-cubes-strawberry-superfood-puree,https://cdn0.woolworths.media/content/wowproductimages/medium/092414.jpg,2020-09-21 16:53:59,Average product rating out of 5: 5.0. Product score is based on 1 ratings,1,,True
d89b252f-6535-47d6-965e-d025a0b76640,Woolworths Supermarket,Freezer,Bulla Creamy Classics Ice Cream Sandwich Vanilla 4 pack,105678,$8.50,$1.52 / 100ML,https://www.woolworths.com.au/shop/productdetails/105678/bulla-creamy-classics-ice-cream-sandwich-vanilla,https://cdn0.woolworths.media/content/wowproductimages/medium/105678.jpg,2020-09-21 16:53:59,,0,,True
872a175b-9034-4d8d-bf91-a232bd17703c,Woolworths Supermarket,Freezer,Woolworths Frozen Mixed Berries 1kg,586517,$7.50,$7.50 / 1KG,https://www.woolworths.com.au/shop/productdetails/586517/woolworths-frozen-mixed-berries,https://cdn0.woolworths.media/content/wowproductimages/medium/586517.jpg,2020-09-21 16:53:59,Average product rating out of 5: 4.6. Product score is based on 35 ratings,35,,True
8441669c-290b-4d1e-b8a6-3b87f0d5d469,Woolworths Supermarket,Freezer,Jase's Kitchen Drop Ins Coriander 90g,806590,$3.50,$38.89 / 1KG,https://www.woolworths.com.au/shop/productdetails/806590/jase-s-kitchen-drop-ins-coriander,https://cdn0.woolworths.media/content/wowproductimages/medium/806590.jpg,2020-09-21 16:53:59,Average product rating out of 5: 4.5. Product score is based on 6 ratings,6,,True
bcaf7635-ad2f-49b3-8ecc-2754dff6720f,Woolworths Supermarket,Freezer,Super Cubes Banana Superfood Puree 1l,092402,$7.00,$7.00 / 1L,https://www.woolworths.com.au/shop/productdetails/92402/super-cubes-banana-superfood-puree,https://cdn0.woolworths.media/content/wowproductimages/medium/092402.jpg,2020-09-21 16:53:59,,0,,True
59780632-ba52-48b4-ac08-3c00d42fb42b,Woolworths Supermarket,Freezer,Bulla Creamy Classics Ice Cream Sandwich Neapolitan 4 pack,105495,$8.50,$1.52 / 100ML,https://www.woolworths.com.au/shop/productdetails/105495/bulla-creamy-classics-ice-cream-sandwich-neapolitan,https://cdn0.woolworths.media/content/wowproductimages/medium/105495.jpg,2020-09-21 16:53:59,,0,,True
98fb7a58-846e-414a-96ce-79e22bd547c2,Woolworths Supermarket,Freezer,Annabel Karmel Chicken & Veggie Rice 200g,544367,$4.00,$2.00 / 100G,https://www.woolworths.com.au/shop/productdetails/544367/annabel-karmel-chicken-veggie-rice,https://cdn0.woolworths.media/content/wowproductimages/medium/544367.jpg,2020-09-21 16:53:59,Average product rating out of 5: 4.0. Product score is based on 8 ratings,8,,True
3b9613ee-ab60-4150-80b7-b1f5b6a7772a,Woolworths Supermarket,Freezer,Pepe's Duck Sz 16 1.6kg,377169,$16.99,$10.62 / 1KG,https://www.woolworths.com.au/shop/productdetails/377169/pepe-s-duck-sz-16,https://cdn0.woolworths.media/content/wowproductimages/medium/377169.jpg,2020-09-21 16:53:59,Average product rating out of 5: 5.0. Product score is based on 1 ratings,1,,True
752237e8-c3e1-4516-b445-7ada30335acd,Woolworths Supermarket,Freezer,South Melbourne Market Dim Sims 6 pack,532546,$12.00,$2.00 / 100G,https://www.woolworths.com.au/shop/productdetails/532546/south-melbourne-market-dim-sims,https://cdn0.woolworths.media/content/wowproductimages/medium/532546.jpg,2020-09-21 16:53:59,Average product rating out of 5: 4.7. Product score is based on 15 ratings,15,,True
ed2d56c9-2c22-4f1c-9991-b7b05a49f46f,Woolworths Supermarket,Freezer,South Melbourne Market Chicken Dim Sim 6 pack,763748,$12.00,$2.00 / 100G,https://www.woolworths.com.au/shop/productdetails/763748/south-melbourne-market-chicken-dim-sim,https://cdn0.woolworths.media/content/wowproductimages/medium/763748.jpg,2020-09-21 16:53:59,Average product rating out of 5: 3.7. Product score is based on 3 ratings,3,,True
