id,supermarket,category,product_name,product_id,price,cup_price,product_url,img_url,viewed_date,ratings,rating_count,product_specials,available_in_stock
728d2861-f3b4-44d5-9296-1540adca3f90,Woolworths Supermarket,Fruit & Veg,Fresh Strawberry 250g,144607,$1.70,$6.80 / 1KG,https://www.woolworths.com.au/shop/productdetails/144607/fresh-strawberry,https://cdn0.woolworths.media/content/wowproductimages/medium/144607.jpg,2020-09-21 19:36:53,,0,,True
51cc933c-ac26-4802-9b1a-8da256feeb61,Woolworths Supermarket,Fruit & Veg,Woolworths Fresh Carrots 1kg,135369,$1.20,$1.20 / 1KG,https://www.woolworths.com.au/shop/productdetails/135369/woolworths-fresh-carrots,https://cdn0.woolworths.media/content/wowproductimages/medium/135369.jpg,2020-09-21 19:36:53,,0,,True
6aef44e9-40f2-4974-a1ad-a7722fa4af67,Woolworths Supermarket,Fruit & Veg,Lebanese Cucumbers each,137130,$1.06,$1.06 / 1EA,https://www.woolworths.com.au/shop/productdetails/137130/lebanese-cucumbers,https://cdn0.woolworths.media/content/wowproductimages/medium/137130.jpg,2020-09-21 19:36:53,,0,,True
79d54347-bfee-4780-bb68-784b21c92251,Woolworths Supermarket,Fruit & Veg,Fresh Broccoli each,134681,$0.83,$0.83 / 1EA,https://www.woolworths.com.au/shop/productdetails/134681/fresh-broccoli,https://cdn0.woolworths.media/content/wowproductimages/medium/134681.jpg,2020-09-21 19:36:53,,0,,True
0866c21e-b7af-469e-81db-73a082f8a593,Woolworths Supermarket,Fruit & Veg,Select Continental Cucumbers each,137102,$2.00,,https://www.woolworths.com.au/shop/productdetails/137102/select-continental-cucumbers,https://cdn0.woolworths.media/content/wowproductimages/medium/137102.jpg,2020-09-21 19:36:53,,0,,True
86b27e6d-9f8d-41fb-871d-3e8f03d49d1b,Woolworths Supermarket,Fruit & Veg,Hass Avocado each,120080,$2.60,$2.60 / 1EA,https://www.woolworths.com.au/shop/productdetails/120080/hass-avocado,https://cdn0.woolworths.media/content/wowproductimages/medium/120080.jpg,2020-09-21 19:36:53,,0,,True
6608ab12-74a7-4ece-8819-d83580609810,Woolworths Supermarket,Fruit & Veg,Carrot Fresh each,135344,$0.37,$0.37 / 1EA,https://www.woolworths.com.au/shop/productdetails/135344/carrot-fresh,https://cdn0.woolworths.media/content/wowproductimages/medium/135344.jpg,2020-09-21 19:36:53,,0,,True
17f57636-f363-4b1e-a157-80570268fa64,Woolworths Supermarket,Fruit & Veg,Fresh Whole Cauliflower each,135552,$2.40,$2.40 / 1EA,https://www.woolworths.com.au/shop/productdetails/135552/fresh-whole-cauliflower,https://cdn0.woolworths.media/content/wowproductimages/medium/135552.jpg,2020-09-21 19:36:53,,0,,True
aa9f4a8e-9316-4272-a172-7e3fe2918705,Woolworths Supermarket,Fruit & Veg,Onion Red each,144497,$0.53,$0.53 / 1EA,https://www.woolworths.com.au/shop/productdetails/144497/onion-red,https://cdn0.woolworths.media/content/wowproductimages/medium/144497.jpg,2020-09-21 19:36:53,,0,,True
abe49916-f7a0-43b5-9477-fac0618c3d76,Woolworths Supermarket,Fruit & Veg,Woolworths Corn Cobbettes 425g,307315,$4.90,$11.53 / 1KG,https://www.woolworths.com.au/shop/productdetails/307315/woolworths-corn-cobbettes,https://cdn0.woolworths.media/content/wowproductimages/medium/307315.jpg,2020-09-21 19:36:53,Average product rating out of 5: 4.6. Product score is based on 599 ratings,599,,True
000a434e-44ae-4496-a054-cba614b84d51,Woolworths Supermarket,Fruit & Veg,Fresh Tomato each,134034,$0.76,$0.76 / 1EA,https://www.woolworths.com.au/shop/productdetails/134034/fresh-tomato,https://cdn0.woolworths.media/content/wowproductimages/medium/134034.jpg,2020-09-21 19:36:53,,0,,True
d9dd526e-5ca3-4fce-a33a-da4230597941,Woolworths Supermarket,Fruit & Veg,Capsicum Green EACH,135156,$1.73,$1.73 / 1KG,https://www.woolworths.com.au/shop/productdetails/135156/capsicum-green,https://cdn0.woolworths.media/content/wowproductimages/medium/135156.jpg,2020-09-21 19:36:53,,0,,True
6e5531dc-0c78-496b-8b2a-8f8658cacb5d,Woolworths Supermarket,Fruit & Veg,Onion Brown each,144329,$0.45,$0.45 / 1EA,https://www.woolworths.com.au/shop/productdetails/144329/onion-brown,https://cdn0.woolworths.media/content/wowproductimages/medium/144329.jpg,2020-09-21 19:36:53,,0,,True
f0e0dc2f-a49b-437b-9c58-381dded07fdf,Woolworths Supermarket,Fruit & Veg,Woolworths Brown Onion 1kg,144336,$2.50,$2.50 / 1KG,https://www.woolworths.com.au/shop/productdetails/144336/woolworths-brown-onion,https://cdn0.woolworths.media/content/wowproductimages/medium/144336.jpg,2020-09-21 19:36:53,,0,,True
bbea02c1-998e-4d57-975f-29766968f1d1,Woolworths Supermarket,Fruit & Veg,Potato Red Washed per kg,111670,$4.00,$4.00 / 1KG,https://www.woolworths.com.au/shop/productdetails/111670/potato-red-washed,https://cdn0.woolworths.media/content/wowproductimages/medium/111670.jpg,2020-09-21 19:36:53,,0,,True
c0615134-32b1-4c99-aa05-5701f7ce918c,Woolworths Supermarket,Fruit & Veg,Woolworths Red Onions 1kg bag,124751,$3.00,$3.00 / 1KG,https://www.woolworths.com.au/shop/productdetails/124751/woolworths-red-onions,https://cdn0.woolworths.media/content/wowproductimages/medium/124751.jpg,2020-09-21 19:36:53,,0,,True
2088cb70-3d9b-42c2-97c1-87075a8e15fb,Woolworths Supermarket,Fruit & Veg,Fresh Cauliflower half each,135568,$1.50,,https://www.woolworths.com.au/shop/productdetails/135568/fresh-cauliflower,https://cdn0.woolworths.media/content/wowproductimages/medium/135568.jpg,2020-09-21 19:36:53,,0,,True
876033ae-ae9a-4375-9fe8-2257e858231d,Woolworths Supermarket,Fruit & Veg,Spring Onion Eschallot bunch,147603,$2.50,$2.50 / 1EA,https://www.woolworths.com.au/shop/productdetails/147603/spring-onion-eschallot,https://cdn0.woolworths.media/content/wowproductimages/medium/147603.jpg,2020-09-21 19:36:53,,0,,True
39c6f261-25df-49ee-9b4e-a78674d756a0,Woolworths Supermarket,Fruit & Veg,Woolworths White Cup Sliced Mushroom Punnet 200g,147981,$4.00,$20.00 / 1KG,https://www.woolworths.com.au/shop/productdetails/147981/woolworths-white-cup-sliced-mushroom-punnet,https://cdn0.woolworths.media/content/wowproductimages/medium/147981.jpg,2020-09-21 19:36:53,,0,,True
0bbff35a-11aa-4980-8520-7e4a60481fa0,Woolworths Supermarket,Fruit & Veg,Macro Organic Kiwi Fruit 6pk,153654,$4.90,$0.82 / 1EA,https://www.woolworths.com.au/shop/productdetails/153654/macro-organic-kiwi-fruit,https://cdn0.woolworths.media/content/wowproductimages/medium/153654.jpg,2020-09-21 19:36:53,,0,,True
84d08ad6-a8dc-4f7e-aceb-36e1d3494f31,Woolworths Supermarket,Fruit & Veg,Lemon Fresh each,259514,$0.83,$0.83 / 1EA,https://www.woolworths.com.au/shop/productdetails/259514/lemon-fresh,https://cdn0.woolworths.media/content/wowproductimages/medium/259514.jpg,2020-09-21 19:36:53,,0,,True
36893ca3-607e-4f20-af04-9eaf5cfac0a4,Woolworths Supermarket,Fruit & Veg,Woolworths Solanato Tomato 200g,727144,$3.00,$15.00 / 1KG,https://www.woolworths.com.au/shop/productdetails/727144/woolworths-solanato-tomato,https://cdn0.woolworths.media/content/wowproductimages/medium/727144.jpg,2020-09-21 19:36:53,Average product rating out of 5: 4.7. Product score is based on 465 ratings,465,,True
54970fa2-b29a-4d19-bebe-8087653fcb5d,Woolworths Supermarket,Fruit & Veg,Parsnip Mini 350G,738337,$5.50,$15.71 / 1KG,https://www.woolworths.com.au/shop/productdetails/738337/parsnip-mini,https://cdn0.woolworths.media/content/wowproductimages/medium/738337.jpg,2020-09-21 19:36:53,,0,,True
0a166667-dd3f-49ec-8ee4-a53cdaf7214d,Woolworths Supermarket,Fruit & Veg,Green Zucchini Each,170225,$1.18,$1.18 / 1KG,https://www.woolworths.com.au/shop/productdetails/170225/green-zucchini,https://cdn0.woolworths.media/content/wowproductimages/medium/170225.jpg,2020-09-21 19:36:53,,0,,True
0e5ff696-c203-4dbe-94bc-9237e5977949,Woolworths Supermarket,Fruit & Veg,Select Continental Cucumbers each,137102,$2.00,,https://www.woolworths.com.au/shop/productdetails/137102/select-continental-cucumbers,https://cdn0.woolworths.media/content/wowproductimages/medium/137102.jpg,2020-09-21 19:36:53,,0,,True
0270fef0-5d15-48a1-a27e-5d167ad77fb1,Woolworths Supermarket,Fruit & Veg,Woolworths Qukes Baby Cucumbers Punnet 250g,169067,$3.00,$12.00 / 1KG,https://www.woolworths.com.au/shop/productdetails/169067/woolworths-qukes-baby-cucumbers-punnet,https://cdn0.woolworths.media/content/wowproductimages/medium/169067.jpg,2020-09-21 19:36:53,,0,,True
f0ae7ced-1302-4fbc-be25-30423ae70171,Woolworths Supermarket,Fruit & Veg,Fresh Pink Lady Apples each,105919,$1.17,$1.17 / 1EA,https://www.woolworths.com.au/shop/productdetails/105919/fresh-pink-lady-apples,https://cdn0.woolworths.media/content/wowproductimages/medium/105919.jpg,2020-09-21 19:36:53,,0,,True
f35fb0ec-19fb-4a6b-9e25-729ce19a9003,Woolworths Supermarket,Fruit & Veg,Fresh Whole Cauliflower each,135552,$2.40,$2.40 / 1EA,https://www.woolworths.com.au/shop/productdetails/135552/fresh-whole-cauliflower,https://cdn0.woolworths.media/content/wowproductimages/medium/135552.jpg,2020-09-21 19:36:53,,0,,True
1ce7e746-0591-44fc-889e-71c44920cf34,Woolworths Supermarket,Fruit & Veg,Fresh Broccoli each,134681,$0.83,$0.83 / 1EA,https://www.woolworths.com.au/shop/productdetails/134681/fresh-broccoli,https://cdn0.woolworths.media/content/wowproductimages/medium/134681.jpg,2020-09-21 19:36:53,,0,,True
474f4c39-28d8-4040-9c21-d323e76e815e,Woolworths Supermarket,Fruit & Veg,Cavendish Bananas EACH,133211,$0.63,$0.63 / 1KG,https://www.woolworths.com.au/shop/productdetails/133211/cavendish-bananas,https://cdn0.woolworths.media/content/wowproductimages/medium/133211.jpg,2020-09-21 19:36:53,,0,,True
f63955d1-186a-4e9e-9e8d-17c029d524a0,Woolworths Supermarket,Fruit & Veg,Red Capsicum EACH,135306,$2.67,$2.67 / 1KG,https://www.woolworths.com.au/shop/productdetails/135306/red-capsicum,https://cdn0.woolworths.media/content/wowproductimages/medium/135306.jpg,2020-09-21 19:36:53,,0,,True
4ab45751-c0e4-415d-90fa-0b96d021ee7f,Woolworths Supermarket,Fruit & Veg,Hass Avocado each,120080,$2.60,$2.60 / 1EA,https://www.woolworths.com.au/shop/productdetails/120080/hass-avocado,https://cdn0.woolworths.media/content/wowproductimages/medium/120080.jpg,2020-09-21 19:36:53,,0,,True
4cb46e13-b831-42e0-9539-9e9860e69b1e,Woolworths Supermarket,Fruit & Veg,The Odd Bunch Avocado Prepacked 1kg,775369,$9.00,$9.00 / 1KG,https://www.woolworths.com.au/shop/productdetails/775369/the-odd-bunch-avocado-prepacked,https://cdn0.woolworths.media/content/wowproductimages/medium/775369.jpg,2020-09-21 19:36:53,,0,,True
a415d1d2-6888-4c86-939d-fd90ee7917ef,Woolworths Supermarket,Fruit & Veg,Fresh Blueberries 125g,169792,$3.00,$24.00 / 1KG,https://www.woolworths.com.au/shop/productdetails/169792/fresh-blueberries,https://cdn0.woolworths.media/content/wowproductimages/medium/169792.jpg,2020-09-21 19:36:53,,0,,True
1bf12335-921f-40de-99a8-0bf0034fdd0b,Woolworths Supermarket,Fruit & Veg,Fresh Strawberry 250g,144607,$1.70,$6.80 / 1KG,https://www.woolworths.com.au/shop/productdetails/144607/fresh-strawberry,https://cdn0.woolworths.media/content/wowproductimages/medium/144607.jpg,2020-09-21 19:36:53,,0,,True
539f8bcf-7589-49e0-be78-da41eb226d25,Woolworths Supermarket,Fruit & Veg,Woolworths Red Seedless Watermelon Quarter each,120384,$5.95,$5.95 / 1EA,https://www.woolworths.com.au/shop/productdetails/120384/woolworths-red-seedless-watermelon-quarter,https://cdn0.woolworths.media/content/wowproductimages/medium/120384.jpg,2020-09-21 19:36:53,,0,,True
317e9e8b-c3db-4bc0-abda-6fcb03ee20be,Woolworths Supermarket,Fruit & Veg,Woolworths Brown Onion 1kg,144336,$2.50,$2.50 / 1KG,https://www.woolworths.com.au/shop/productdetails/144336/woolworths-brown-onion,https://cdn0.woolworths.media/content/wowproductimages/medium/144336.jpg,2020-09-21 19:36:53,,0,,True
fe258fcd-461d-4924-848a-6abe0e872f03,Woolworths Supermarket,Fruit & Veg,Woolworths Fresh Carrots 1kg,135369,$1.20,$1.20 / 1KG,https://www.woolworths.com.au/shop/productdetails/135369/woolworths-fresh-carrots,https://cdn0.woolworths.media/content/wowproductimages/medium/135369.jpg,2020-09-21 19:36:53,,0,,True
4fb48e76-a841-4670-9967-71404a2af8f5,Woolworths Supermarket,Fruit & Veg,Fresh Tomato each,134034,$0.76,$0.76 / 1EA,https://www.woolworths.com.au/shop/productdetails/134034/fresh-tomato,https://cdn0.woolworths.media/content/wowproductimages/medium/134034.jpg,2020-09-21 19:36:53,,0,,True
bbb61827-f8c0-437c-b757-6183a6f863c3,Woolworths Supermarket,Fruit & Veg,Select Fresh Pink Lady Apples 1kg,310968,$5.50,$5.50 / 1KG,https://www.woolworths.com.au/shop/productdetails/310968/select-fresh-pink-lady-apples,https://cdn0.woolworths.media/content/wowproductimages/medium/310968.jpg,2020-09-21 19:36:53,,0,,True
1a6fdfb5-8ff7-4dd4-8da9-3cb02ea6a00b,Woolworths Supermarket,Fruit & Veg,Iceberg Lettuce each,154340,$2.50,$2.50 / 1EA,https://www.woolworths.com.au/shop/productdetails/154340/iceberg-lettuce,https://cdn0.woolworths.media/content/wowproductimages/medium/154340.jpg,2020-09-21 19:36:53,,0,,True
b438067b-f011-48ae-8f13-d7e36feb07ad,Woolworths Supermarket,Fruit & Veg,Woolworths Broccolini Bunch each,187314,$2.90,$2.90 / 1EA,https://www.woolworths.com.au/shop/productdetails/187314/woolworths-broccolini-bunch,https://cdn0.woolworths.media/content/wowproductimages/medium/187314.jpg,2020-09-21 19:36:53,,0,,True
c07600b8-5150-4307-89f9-30c16ab20ebe,Woolworths Supermarket,Fruit & Veg,Woolworths Solanato Tomato 200g,727144,$3.00,$15.00 / 1KG,https://www.woolworths.com.au/shop/productdetails/727144/woolworths-solanato-tomato,https://cdn0.woolworths.media/content/wowproductimages/medium/727144.jpg,2020-09-21 19:36:53,Average product rating out of 5: 4.7. Product score is based on 465 ratings,465,,True
08ac10d4-7734-4615-a379-e48eea4e21dc,Woolworths Supermarket,Fruit & Veg,Potato Sweet Gold Premium per kg,147071,$4.90,$4.90 / 1KG,https://www.woolworths.com.au/shop/productdetails/147071/potato-sweet-gold-premium,https://cdn0.woolworths.media/content/wowproductimages/medium/147071.jpg,2020-09-21 19:36:53,,0,,True
29e311fa-51a7-476c-92f6-73b4f86dc365,Woolworths Supermarket,Fruit & Veg,Macro Organic Mini Capsicum each,007238,$5.50,$31.43 / 1KG,https://www.woolworths.com.au/shop/productdetails/7238/macro-organic-mini-capsicum,https://cdn0.woolworths.media/content/wowproductimages/medium/007238.jpg,2020-09-21 19:36:53,,0,,True
6d190ae8-4ebe-4014-bf2c-ad8f2d36989b,Woolworths Supermarket,Fruit & Veg,Woolworths Zucchini & Carrot Spaghetti 250g,028929,,,https://www.woolworths.com.au/shop/productdetails/28929/woolworths-zucchini-carrot-spaghetti,https://cdn0.woolworths.media/content/wowproductimages/medium/028929.jpg,2020-09-21 19:36:53,Average product rating out of 5: 3.5. Product score is based on 205 ratings,205,,False
b2f6b848-d749-449e-85e1-d480e1ff4fbc,Woolworths Supermarket,Fruit & Veg,Woolworths Sliced Spring Onion 100g,029510,$3.00,$37.50 / 1KG,https://www.woolworths.com.au/shop/productdetails/29510/woolworths-sliced-spring-onion,https://cdn0.woolworths.media/content/wowproductimages/medium/029510.jpg,2020-09-21 19:36:53,Average product rating out of 5: 3.8. Product score is based on 233 ratings,233,,True
a7f3503e-797b-44b5-b25c-09a6e9b8966b,Woolworths Supermarket,Fruit & Veg,Woolworths Diced White Onion 250g,029607,$3.50,$14.00 / 1KG,https://www.woolworths.com.au/shop/productdetails/29607/woolworths-diced-white-onion,https://cdn0.woolworths.media/content/wowproductimages/medium/029607.jpg,2020-09-21 19:36:53,Average product rating out of 5: 4.0. Product score is based on 351 ratings,351,,True
064b58bd-f1b3-4c2d-9c24-18b95bd5c26c,Woolworths Supermarket,Fruit & Veg,Woolworths Carrot Sticks 300g,029694,$3.20,$10.67 / 1KG,https://www.woolworths.com.au/shop/productdetails/29694/woolworths-carrot-sticks,https://cdn0.woolworths.media/content/wowproductimages/medium/029694.jpg,2020-09-21 19:36:53,Average product rating out of 5: 3.6. Product score is based on 272 ratings,272,,True
e6125c76-ff75-4593-94f6-05a6f523278c,Woolworths Supermarket,Fruit & Veg,Woolworths Diced Pumpkin & Sweet Potato 500g,030758,$4.30,$8.60 / 1KG,https://www.woolworths.com.au/shop/productdetails/30758/woolworths-diced-pumpkin-sweet-potato,https://cdn0.woolworths.media/content/wowproductimages/medium/030758.jpg,2020-09-21 19:36:53,Average product rating out of 5: 3.8. Product score is based on 448 ratings,448,,True
4a93c8dc-352e-4fbd-86ad-ff4592915799,Woolworths Supermarket,Fruit & Veg,Woolworths Mixed Rainbow Vegetables 800g,031479,$8.00,$10.00 / 1KG,https://www.woolworths.com.au/shop/productdetails/31479/woolworths-mixed-rainbow-vegetables,https://cdn0.woolworths.media/content/wowproductimages/medium/031479.jpg,2020-09-21 19:36:53,Average product rating out of 5: 3.7. Product score is based on 327 ratings,327,,True
35d0f9b7-694a-4360-b953-cf62e1e95197,Woolworths Supermarket,Fruit & Veg,Woolworths Cauliflower Broccoli & Carrot 500g,031509,$6.50,$13.00 / 1KG,https://www.woolworths.com.au/shop/productdetails/31509/woolworths-cauliflower-broccoli-carrot,https://cdn0.woolworths.media/content/wowproductimages/medium/031509.jpg,2020-09-21 19:36:53,Average product rating out of 5: 3.5. Product score is based on 338 ratings,338,,True
8837b49d-6364-4ba1-8b6c-3c4d6c920dc7,Woolworths Supermarket,Fruit & Veg,Woolworths Vegetable Medley 500g,031924,$6.30,$12.60 / 1KG,https://www.woolworths.com.au/shop/productdetails/31924/woolworths-vegetable-medley,https://cdn0.woolworths.media/content/wowproductimages/medium/031924.jpg,2020-09-21 19:36:53,Average product rating out of 5: 3.5. Product score is based on 485 ratings,485,,True
736ba9ab-f560-43b6-aa88-8bea3ded8682,Woolworths Supermarket,Fruit & Veg,Woolworths Broccoli Florets 220g,031998,$3.00,$13.64 / 1KG,https://www.woolworths.com.au/shop/productdetails/31998/woolworths-broccoli-florets,https://cdn0.woolworths.media/content/wowproductimages/medium/031998.jpg,2020-09-21 19:36:53,Average product rating out of 5: 3.4. Product score is based on 334 ratings,334,,True
2fff3ebe-6d9e-4757-8d03-736e0db0a8a2,Woolworths Supermarket,Fruit & Veg,Woolworths Broccoli & Cauliflower Florets 220g,032018,$3.50,$15.91 / 1KG,https://www.woolworths.com.au/shop/productdetails/32018/woolworths-broccoli-cauliflower-florets,https://cdn0.woolworths.media/content/wowproductimages/medium/032018.jpg,2020-09-21 19:36:53,Average product rating out of 5: 3.6. Product score is based on 341 ratings,341,,True
828bd666-f464-4ea0-8d84-c8d02c71e919,Woolworths Supermarket,Fruit & Veg,Woolworths Diced Pumpkin 800g,032173,$7.00,$8.75 / 1KG,https://www.woolworths.com.au/shop/productdetails/32173/woolworths-diced-pumpkin,https://cdn0.woolworths.media/content/wowproductimages/medium/032173.jpg,2020-09-21 19:36:53,Average product rating out of 5: 4.1. Product score is based on 302 ratings,302,,True
e2781265-0371-4c7b-9ea6-b20bba6a80f1,Woolworths Supermarket,Fruit & Veg,Woolworths Family Slaw 500g,054899,$4.00,$8.00 / 1KG,https://www.woolworths.com.au/shop/productdetails/54899/woolworths-family-slaw,https://cdn0.woolworths.media/content/wowproductimages/medium/054899.jpg,2020-09-21 19:36:53,Average product rating out of 5: 4.1. Product score is based on 332 ratings,332,,True
595b1a5b-e5d4-4462-8708-6411ee2b0892,Woolworths Supermarket,Fruit & Veg,Woolworths Rocket 120g,054900,$2.50,$20.83 / 1KG,https://www.woolworths.com.au/shop/productdetails/54900/woolworths-rocket,https://cdn0.woolworths.media/content/wowproductimages/medium/054900.jpg,2020-09-21 19:36:53,Average product rating out of 5: 4.5. Product score is based on 354 ratings,354,,True
061de07a-726c-42bc-8574-d7724c75191c,Woolworths Supermarket,Fruit & Veg,Woolworths Spinach & Kale 300g,054901,$5.00,$16.67 / 1KG,https://www.woolworths.com.au/shop/productdetails/54901/woolworths-spinach-kale,https://cdn0.woolworths.media/content/wowproductimages/medium/054901.jpg,2020-09-21 19:36:53,Average product rating out of 5: 4.3. Product score is based on 205 ratings,205,,True
59e56c54-cd07-4a2a-8e81-3b1215b51e9d,Woolworths Supermarket,Fruit & Veg,Woolworths Blat Salad Bowl 180g,054971,$6.00,$33.33 / 1KG,https://www.woolworths.com.au/shop/productdetails/54971/woolworths-blat-salad-bowl,https://cdn0.woolworths.media/content/wowproductimages/medium/054971.jpg,2020-09-21 19:36:53,Average product rating out of 5: 3.3. Product score is based on 575 ratings,575,,True
53be85e3-99ca-45e8-ac10-411543333ab7,Woolworths Supermarket,Fruit & Veg,Zerella Fresh Micro Spud Lite Microwavable 350g,055051,$2.00,$5.71 / 1KG,https://www.woolworths.com.au/shop/productdetails/55051/zerella-fresh-micro-spud-lite-microwavable,https://cdn0.woolworths.media/content/wowproductimages/medium/055051.jpg,2020-09-21 19:36:53,,0,,True
cc5cd476-fb19-4328-adac-13237c9e1e70,Woolworths Supermarket,Fruit & Veg,Woolworths Chicken Buffalo Salad Bowl 180g,056533,$6.00,$33.33 / 1KG,https://www.woolworths.com.au/shop/productdetails/56533/woolworths-chicken-buffalo-salad-bowl,https://cdn0.woolworths.media/content/wowproductimages/medium/056533.jpg,2020-09-21 19:36:53,Average product rating out of 5: 3.7. Product score is based on 672 ratings,672,,True
5b6a0972-476d-4d0c-9d70-e96d2cad7867,Woolworths Supermarket,Fruit & Veg,Woolworths Asian Style Crispy Noodle Salad Kit 365g,058678,,,https://www.woolworths.com.au/shop/productdetails/58678/woolworths-asian-style-crispy-noodle-salad-kit,https://cdn0.woolworths.media/content/wowproductimages/medium/058678.jpg,2020-09-21 19:36:53,Average product rating out of 5: 4.2. Product score is based on 330 ratings,330,,False
c892adc3-6620-43bb-9c2a-7b9918e1b0d0,Woolworths Supermarket,Fruit & Veg,Good To Go Fresh Pineapple 200g,073195,$3.50,$17.50 / 1KG,https://www.woolworths.com.au/shop/productdetails/73195/good-to-go-fresh-pineapple,https://cdn0.woolworths.media/content/wowproductimages/medium/073195.jpg,2020-09-21 19:36:53,Average product rating out of 5: 3.6. Product score is based on 224 ratings,224,,True
bfbec114-ac8b-40cc-8c25-ac495d3756fb,Woolworths Supermarket,Fruit & Veg,Woolworths Cook Roast Mixed Vegetables Mediterranean Style 350g,079985,$5.00,$14.29 / 1KG,https://www.woolworths.com.au/shop/productdetails/79985/woolworths-cook-roast-mixed-vegetables-mediterranean-style,https://cdn0.woolworths.media/content/wowproductimages/medium/079985.jpg,2020-09-21 19:36:53,Average product rating out of 5: 3.9. Product score is based on 197 ratings,197,,True
a287203a-a589-4700-a4f0-1c9a7604847f,Woolworths Supermarket,Fruit & Veg,Woolworths Salad Lunch Snack Bowl 100g,079995,$5.50,$29.73 / 1KG,https://www.woolworths.com.au/shop/productdetails/79995/woolworths-salad-lunch-snack-bowl,https://cdn0.woolworths.media/content/wowproductimages/medium/079995.jpg,2020-09-21 19:36:53,,0,,True
4675fa8e-4c6b-4dd5-a7c6-9d1e90370f56,Woolworths Supermarket,Fruit & Veg,Mushroom Sliced 500g,https://cdn0.woolworths.media/content/wowproductimages/large/default.png,$6.00,$12.00 / 1KG,https://www.woolworths.com.au/shop/productdetails/89466/mushroom-sliced,https://cdn0.woolworths.media/content/wowproductimages/large/default.png,2020-09-21 19:36:53,,0,,True
454544da-cc1a-4933-84ed-07844162ef27,Woolworths Supermarket,Fruit & Veg,Woolworths Red Washed Potatoes 2kg,101638,$4.00,$2.00 / 1KG,https://www.woolworths.com.au/shop/productdetails/101638/woolworths-red-washed-potatoes,https://cdn0.woolworths.media/content/wowproductimages/medium/101638.jpg,2020-09-21 19:36:53,,0,,True
e05f2a23-7fef-4d59-9f6e-4631d320791b,Woolworths Supermarket,Fruit & Veg,Fresh Pink Lady Apples each,105919,$1.17,$1.17 / 1EA,https://www.woolworths.com.au/shop/productdetails/105919/fresh-pink-lady-apples,https://cdn0.woolworths.media/content/wowproductimages/medium/105919.jpg,2020-09-21 19:36:53,,0,,True
cb08fec2-71b7-4ca2-bae9-859c05672cca,Woolworths Supermarket,Fruit & Veg,Woolworths Beanette Pre Pack 400g punnet,105925,$2.50,$6.25 / 1KG,https://www.woolworths.com.au/shop/productdetails/105925/woolworths-beanette-pre-pack,https://cdn0.woolworths.media/content/wowproductimages/medium/105925.jpg,2020-09-21 19:36:53,Average product rating out of 5: 4.3. Product score is based on 219 ratings,219,,True
8c50f270-44f4-4986-b701-9b8e980bc159,Woolworths Supermarket,Fruit & Veg,Chilli Green each,106542,$0.66,$0.66 / 1EA,https://www.woolworths.com.au/shop/productdetails/106542/chilli-green,https://cdn0.woolworths.media/content/wowproductimages/medium/106542.jpg,2020-09-21 19:36:53,,0,,True
4ccf9b72-34d6-4684-8203-2cc59644b803,Woolworths Supermarket,Fruit & Veg,Woolworths Rockmelon Large half each,112533,$2.93,$2.93 / 1EA,https://www.woolworths.com.au/shop/productdetails/112533/woolworths-rockmelon-large,https://cdn0.woolworths.media/content/wowproductimages/medium/112533.jpg,2020-09-21 19:36:53,,0,,True
aa8e3fcc-d507-41a7-8167-47ff40fbae76,Woolworths Supermarket,Fruit & Veg,Honeydew Large half each,113616,$2.94,$2.94 / 1EA,https://www.woolworths.com.au/shop/productdetails/113616/honeydew-large,https://cdn0.woolworths.media/content/wowproductimages/medium/113616.jpg,2020-09-21 19:36:53,,0,,True
2ba81db2-bba7-4707-be6b-4334942ee3c9,Woolworths Supermarket,Fruit & Veg,Fresh Packham Pear each,115330,$0.67,$0.67 / 1EA,https://www.woolworths.com.au/shop/productdetails/115330/fresh-packham-pear,https://cdn0.woolworths.media/content/wowproductimages/medium/115330.jpg,2020-09-21 19:36:53,,0,,True
7d0be5c7-54de-4589-90fe-8237796ba1d4,Woolworths Supermarket,Fruit & Veg,Macro Organic Carrots 750g,117381,$4.00,$5.33 / 1KG,https://www.woolworths.com.au/shop/productdetails/117381/macro-organic-carrots,https://cdn0.woolworths.media/content/wowproductimages/medium/117381.jpg,2020-09-21 19:36:53,Average product rating out of 5: 3.9. Product score is based on 290 ratings,290,,True
305b0f8d-e580-4225-a054-f42106af6b25,Woolworths Supermarket,Fruit & Veg,Select Lettuce Oakleaf Green each,119808,$2.90,,https://www.woolworths.com.au/shop/productdetails/119808/select-lettuce-oakleaf-green,https://cdn0.woolworths.media/content/wowproductimages/medium/119808.jpg,2020-09-21 19:36:53,,0,,True
4e5d523e-c76e-4300-b2b7-389a6a34961c,Woolworths Supermarket,Fruit & Veg,Pumpkin Kent Each,120037,$10.50,$10.50 / 1KG,https://www.woolworths.com.au/shop/productdetails/120037/pumpkin-kent,https://cdn0.woolworths.media/content/wowproductimages/medium/120037.jpg,2020-09-21 19:36:53,,0,,True
c2d1d088-d077-4d75-b3f4-ece089e1e68c,Woolworths Supermarket,Fruit & Veg,Woolworths Red Seedless Watermelon Quarter each,120384,$5.95,$5.95 / 1EA,https://www.woolworths.com.au/shop/productdetails/120384/woolworths-red-seedless-watermelon-quarter,https://cdn0.woolworths.media/content/wowproductimages/medium/120384.jpg,2020-09-21 19:36:53,,0,,True
c5eda590-a439-48f9-b885-39e816ac89e2,Woolworths Supermarket,Fruit & Veg,Macro Onion Spring Organic each,122674,$4.50,$4.50 / 1EA,https://www.woolworths.com.au/shop/productdetails/122674/macro-onion-spring-organic,https://cdn0.woolworths.media/content/wowproductimages/medium/122674.jpg,2020-09-21 19:36:53,,0,,True
d829c0a8-4619-4707-905b-daa2a4d5811d,Woolworths Supermarket,Fruit & Veg,Fresh Granny Smith Apples each,130935,$0.86,$0.86 / 1EA,https://www.woolworths.com.au/shop/productdetails/130935/fresh-granny-smith-apples,https://cdn0.woolworths.media/content/wowproductimages/medium/130935.jpg,2020-09-21 19:36:53,,0,,True
0bf2795d-042b-433d-9bf9-852993ebc896,Woolworths Supermarket,Fruit & Veg,Merlino Confectionery Apple Toffee each,132067,$2.00,$2.00 / 1EA,https://www.woolworths.com.au/shop/productdetails/132067/merlino-confectionery-apple-toffee,https://cdn0.woolworths.media/content/wowproductimages/medium/132067.jpg,2020-09-21 19:36:53,,0,,True
8322baf6-8d3c-4ffc-bd06-13e3b46b491e,Woolworths Supermarket,Fruit & Veg,Woolworths Asparagus Green Bunch each,132538,$2.50,$2.50 / 1EA,https://www.woolworths.com.au/shop/productdetails/132538/woolworths-asparagus-green-bunch,https://cdn0.woolworths.media/content/wowproductimages/medium/132538.jpg,2020-09-21 19:36:53,,0,,True
ca956ab8-2154-4e80-b6e6-51c25e2bbd76,Woolworths Supermarket,Fruit & Veg,Cavendish Bananas EACH,133211,$0.63,$0.63 / 1KG,https://www.woolworths.com.au/shop/productdetails/133211/cavendish-bananas,https://cdn0.woolworths.media/content/wowproductimages/medium/133211.jpg,2020-09-21 19:36:53,,0,,True
68aefca3-af3a-48e9-86d0-09f590db0930,Woolworths Supermarket,Fruit & Veg,Woolworths Green Basil bunch,133621,$3.00,$3.00 / 1EA,https://www.woolworths.com.au/shop/productdetails/133621/woolworths-green-basil,https://cdn0.woolworths.media/content/wowproductimages/medium/133621.jpg,2020-09-21 19:36:53,,0,2 for $5.00,True
c86ae8a0-d715-4a54-8806-ed62cdaf3e94,Woolworths Supermarket,Fruit & Veg,Woolworths Sprouts Bean Shoot 250g bag,133687,$2.20,$8.80 / 1KG,https://www.woolworths.com.au/shop/productdetails/133687/woolworths-sprouts-bean-shoot,https://cdn0.woolworths.media/content/wowproductimages/medium/133687.jpg,2020-09-21 19:36:53,,0,,True
0748dd0f-de56-418d-a401-6f567224be1b,Woolworths Supermarket,Fruit & Veg,Beans Round per kg,134072,$4.90,$4.90 / 1KG,https://www.woolworths.com.au/shop/productdetails/134072/beans-round,https://cdn0.woolworths.media/content/wowproductimages/medium/134072.jpg,2020-09-21 19:36:53,,0,,True
e3319e3e-fb71-407a-a0cf-4b1d43148ae5,Woolworths Supermarket,Fruit & Veg,Woolworths Brussels Sprouts per kg,134782,$13.50,$13.50 / 1KG,https://www.woolworths.com.au/shop/productdetails/134782/woolworths-brussels-sprouts,https://cdn0.woolworths.media/content/wowproductimages/medium/134782.jpg,2020-09-21 19:36:53,,0,,True
6df3dc7a-0c31-4415-9358-373317cb4341,Woolworths Supermarket,Fruit & Veg,Buk Choy Asian Greens each,134801,$2.50,$2.50 / 1EA,https://www.woolworths.com.au/shop/productdetails/134801/buk-choy-asian-greens,https://cdn0.woolworths.media/content/wowproductimages/medium/134801.jpg,2020-09-21 19:36:53,,0,,True
9380593f-6493-4538-bfc3-bf94e71f0ffc,Woolworths Supermarket,Fruit & Veg,Cabbage Green whole each,134923,$5.90,$5.90 / 1EA,https://www.woolworths.com.au/shop/productdetails/134923/cabbage-green,https://cdn0.woolworths.media/content/wowproductimages/medium/134923.jpg,2020-09-21 19:36:53,,0,,True
e6e2bc6e-67f9-4f67-b590-00059330afe7,Woolworths Supermarket,Fruit & Veg,Woolworths Green Cabbage half each,134932,$3.54,$3.54 / 1EA,https://www.woolworths.com.au/shop/productdetails/134932/woolworths-green-cabbage,https://cdn0.woolworths.media/content/wowproductimages/medium/134932.jpg,2020-09-21 19:36:53,,0,,True
5cd20435-388f-47d0-a3e6-15a11a691e90,Woolworths Supermarket,Fruit & Veg,Cabbage Red whole each,134984,$5.90,,https://www.woolworths.com.au/shop/productdetails/134984/cabbage-red,https://cdn0.woolworths.media/content/wowproductimages/medium/134984.jpg,2020-09-21 19:36:53,,0,,True
242953dd-c644-4726-9239-fdcf2ba7d2d7,Woolworths Supermarket,Fruit & Veg,Cabbage Red half each,134986,$3.54,,https://www.woolworths.com.au/shop/productdetails/134986/cabbage-red,https://cdn0.woolworths.media/content/wowproductimages/medium/134986.jpg,2020-09-21 19:36:53,,0,,True
87ea0d49-f41d-4f82-b251-7dbc428c6a55,Woolworths Supermarket,Fruit & Veg,Woolworths Baby Buk Choy Asian Greens each,135037,$2.50,$2.50 / 1EA,https://www.woolworths.com.au/shop/productdetails/135037/woolworths-baby-buk-choy-asian-greens,https://cdn0.woolworths.media/content/wowproductimages/medium/135037.jpg,2020-09-21 19:36:53,,0,,True
3afcf073-a2a3-4af1-a2e9-8eddb5abe1be,Woolworths Supermarket,Fruit & Veg,Red Capsicum EACH,135306,$2.67,$2.67 / 1KG,https://www.woolworths.com.au/shop/productdetails/135306/red-capsicum,https://cdn0.woolworths.media/content/wowproductimages/medium/135306.jpg,2020-09-21 19:36:53,,0,,True
fd1aa1df-0901-4cfb-9cd1-8482bff58422,Woolworths Supermarket,Fruit & Veg,Woolworths Carrot Dutch Bunch each,135334,$3.50,$3.50 / 1EA,https://www.woolworths.com.au/shop/productdetails/135334/woolworths-carrot-dutch-bunch,https://cdn0.woolworths.media/content/wowproductimages/medium/135334.jpg,2020-09-21 19:36:53,,0,,True
e7465b71-fdf2-4d79-9600-74d270e0bad5,Woolworths Supermarket,Fruit & Veg,Celeriac Fresh each,135797,$4.00,,https://www.woolworths.com.au/shop/productdetails/135797/celeriac-fresh,https://cdn0.woolworths.media/content/wowproductimages/medium/135797.jpg,2020-09-21 19:36:53,,0,,True
2bb0104e-cc25-46fd-90bc-a60273b09e3f,Woolworths Supermarket,Fruit & Veg,Woolworths 3 Colour Traffic Light Capsicums 3 Pack,135947,$7.50,$2.50 / 1EA,https://www.woolworths.com.au/shop/productdetails/135947/woolworths-3-colour-traffic-light-capsicums,https://cdn0.woolworths.media/content/wowproductimages/medium/135947.jpg,2020-09-21 19:36:53,,0,,True
2ae1c24c-124f-40be-b1b3-1a80318dd518,Woolworths Supermarket,Fruit & Veg,Chilli Baby Hot each,136341,$0.36,$0.36 / 1EA,https://www.woolworths.com.au/shop/productdetails/136341/chilli-baby-hot,https://cdn0.woolworths.media/content/wowproductimages/medium/136341.jpg,2020-09-21 19:36:53,,0,,True
4248abfc-bc30-4346-a4f8-1e992d6cec3d,Woolworths Supermarket,Fruit & Veg,Chilli Red each,136510,$0.60,$0.60 / 1EA,https://www.woolworths.com.au/shop/productdetails/136510/chilli-red,https://cdn0.woolworths.media/content/wowproductimages/medium/136510.jpg,2020-09-21 19:36:53,,0,,True
849df27f-75a6-49ca-9911-f4b3c95aa6c1,Woolworths Supermarket,Fruit & Veg,Woolworths Broccoli Chinese bunch,136691,$2.50,,https://www.woolworths.com.au/shop/productdetails/136691/woolworths-broccoli-chinese,https://cdn0.woolworths.media/content/wowproductimages/medium/136691.jpg,2020-09-21 19:36:53,,0,,True
9632e01c-fb2f-48e9-b368-2c3758877661,Woolworths Supermarket,Fruit & Veg,Select Choy Sum Asian Greens each,136979,$2.50,$2.50 / 1EA,https://www.woolworths.com.au/shop/productdetails/136979/select-choy-sum-asian-greens,https://cdn0.woolworths.media/content/wowproductimages/medium/136979.jpg,2020-09-21 19:36:53,,0,,True
17835428-a4d7-4653-a634-67a42e065adb,Woolworths Supermarket,Fruit & Veg,Coco Q Green Coconut For Drinking each,137009,$2.50,$2.50 / 1EA,https://www.woolworths.com.au/shop/productdetails/137009/coco-q-green-coconut-for-drinking,https://cdn0.woolworths.media/content/wowproductimages/medium/137009.jpg,2020-09-21 19:36:53,Average product rating out of 5: 4.3. Product score is based on 14 ratings,14,,True
0f4e15dd-6ce2-4957-8023-44acc27a412c,Woolworths Supermarket,Fruit & Veg,Woolworths Fresh Herb Coriander bunch,137091,$3.00,$3.00 / 1EA,https://www.woolworths.com.au/shop/productdetails/137091/woolworths-fresh-herb-coriander,https://cdn0.woolworths.media/content/wowproductimages/medium/137091.jpg,2020-09-21 19:36:53,,0,2 for $5.00,True
5610d04a-340c-40ba-97f7-724e31865648,Woolworths Supermarket,Fruit & Veg,Pineapple Naturally Sweet whole each,137534,$4.50,$4.50 / 1EA,https://www.woolworths.com.au/shop/productdetails/137534/pineapple-naturally-sweet,https://cdn0.woolworths.media/content/wowproductimages/medium/137534.jpg,2020-09-21 19:36:53,,0,,True
ea6c5409-dd59-4736-a57e-4e32158048d3,Woolworths Supermarket,Fruit & Veg,Eggplant Fresh Each,137546,$3.17,$3.17 / 0,https://www.woolworths.com.au/shop/productdetails/137546/eggplant-fresh,https://cdn0.woolworths.media/content/wowproductimages/medium/137546.jpg,2020-09-21 19:36:53,,0,,True
8b831e6d-3470-44a2-a04a-e57d0ac9e47d,Woolworths Supermarket,Fruit & Veg,Fresh Fennel each,137605,$2.00,$2.00 / 1EA,https://www.woolworths.com.au/shop/productdetails/137605/fresh-fennel,https://cdn0.woolworths.media/content/wowproductimages/medium/137605.jpg,2020-09-21 19:36:53,,0,,True
e38ee49c-fec3-4c74-b096-4964ff0b590f,Woolworths Supermarket,Fruit & Veg,Ginger Fresh per kg,138082,$45.00,$45.00 / 1KG,https://www.woolworths.com.au/shop/productdetails/138082/ginger-fresh,https://cdn0.woolworths.media/content/wowproductimages/medium/138082.jpg,2020-09-21 19:36:53,,0,,True
c6a62a8e-dc60-470b-9286-fd81891ef663,Woolworths Supermarket,Fruit & Veg,Woolworths Simply Stir-fry Traditional Vegetables 400g,139033,$5.00,$12.50 / 1KG,https://www.woolworths.com.au/shop/productdetails/139033/woolworths-simply-stir-fry-traditional-vegetables,https://cdn0.woolworths.media/content/wowproductimages/medium/139033.jpg,2020-09-21 19:36:53,Average product rating out of 5: 4.1. Product score is based on 353 ratings,353,,True
d627c023-da99-4c15-8917-ceb5f80b5d4a,Woolworths Supermarket,Fruit & Veg,Homebrand Juicing Carrot 5kg punnet,139330,$6.00,$1.20 / 1KG,https://www.woolworths.com.au/shop/productdetails/139330/homebrand-juicing-carrot,https://cdn0.woolworths.media/content/wowproductimages/medium/139330.jpg,2020-09-21 19:36:53,,0,,True
502bdbe4-d23f-4117-a33b-e57a6a93fd3e,Woolworths Supermarket,Fruit & Veg,Red Seedless Watermelon Whole each,139429,$23.80,$23.80 / 1EA,https://www.woolworths.com.au/shop/productdetails/139429/red-seedless-watermelon-whole,https://cdn0.woolworths.media/content/wowproductimages/medium/139429.jpg,2020-09-21 19:36:53,,0,,True
1821d74c-2495-4311-84c6-304ee7363bd5,Woolworths Supermarket,Fruit & Veg,Honeydew Fresh whole each,139765,,,https://www.woolworths.com.au/shop/productdetails/139765/honeydew-fresh,https://cdn0.woolworths.media/content/wowproductimages/medium/139765.jpg,2020-09-21 19:36:53,,0,,False
ef96ffd9-5b11-4ed2-aa50-05018f857bc4,Woolworths Supermarket,Fruit & Veg,Fresh Rockmelon Whole each,139806,$5.90,$5.90 / 1EA,https://www.woolworths.com.au/shop/productdetails/139806/fresh-rockmelon-whole,https://cdn0.woolworths.media/content/wowproductimages/medium/139806.jpg,2020-09-21 19:36:53,,0,,True
a365498e-e86a-430e-9f59-5cec8dbbe5f5,Woolworths Supermarket,Fruit & Veg,Woolworths Corn Sweet 500g pack,139897,$3.90,$7.80 / 1KG,https://www.woolworths.com.au/shop/productdetails/139897/woolworths-corn-sweet,https://cdn0.woolworths.media/content/wowproductimages/medium/139897.jpg,2020-09-21 19:36:53,Average product rating out of 5: 4.6. Product score is based on 404 ratings,404,,True
bcd1a62c-760c-41ca-8a9d-0cf6b3ce1964,Woolworths Supermarket,Fruit & Veg,Select Lettuce Baby Cos 2 pack,141496,$3.00,$1.50 / 1EA,https://www.woolworths.com.au/shop/productdetails/141496/select-lettuce-baby-cos,https://cdn0.woolworths.media/content/wowproductimages/medium/141496.jpg,2020-09-21 19:36:53,,0,,True
435c3253-7a75-4981-a0f9-1f5d2d803f41,Woolworths Supermarket,Fruit & Veg,Mint Fresh Herb bunch,142948,$3.00,$3.00 / 1EA,https://www.woolworths.com.au/shop/productdetails/142948/mint-fresh-herb,https://cdn0.woolworths.media/content/wowproductimages/medium/142948.jpg,2020-09-21 19:36:53,,0,2 for $5.00,True
bbac2646-5da7-4108-a08c-90469a56b521,Woolworths Supermarket,Fruit & Veg,Mushrooms Cups Loose per kg,143109,$11.00,$11.00 / 1KG,https://www.woolworths.com.au/shop/productdetails/143109/mushrooms-cups-loose,https://cdn0.woolworths.media/content/wowproductimages/medium/143109.jpg,2020-09-21 19:36:53,,0,,True
4b693c84-d6ba-4601-b61f-be30310279ac,Woolworths Supermarket,Fruit & Veg,Woolworths Naturally Sweet Pineapple half each,143179,$2.70,$2.70 / 1EA,https://www.woolworths.com.au/shop/productdetails/143179/woolworths-naturally-sweet-pineapple,https://cdn0.woolworths.media/content/wowproductimages/medium/143179.jpg,2020-09-21 19:36:53,,0,,True
049871af-b73b-481b-9800-a632570feece,Woolworths Supermarket,Fruit & Veg,Woolworths Mushrooms Cups 200g punnet,143304,$4.00,$20.00 / 1KG,https://www.woolworths.com.au/shop/productdetails/143304/woolworths-mushrooms-cups,https://cdn0.woolworths.media/content/wowproductimages/medium/143304.jpg,2020-09-21 19:36:53,,0,,True
1d33e9db-bd34-4981-bf2e-547cc76fa2fe,Woolworths Supermarket,Fruit & Veg,Woolworths Mushrooms Shiitake 100g punnet,143311,,,https://www.woolworths.com.au/shop/productdetails/143311/woolworths-mushrooms-shiitake,https://cdn0.woolworths.media/content/wowproductimages/medium/143311.jpg,2020-09-21 19:36:53,,0,,False
b4b3e37a-c9c0-42c3-9b17-f3ba1661f3af,Woolworths Supermarket,Fruit & Veg,Pumpkin Kent Cut Each,143709,$2.45,$2.45 / 1KG,https://www.woolworths.com.au/shop/productdetails/143709/pumpkin-kent-cut,https://cdn0.woolworths.media/content/wowproductimages/medium/143709.jpg,2020-09-21 19:36:53,,0,,True
b07737b2-7a0e-402a-8fca-3201fcafd466,Woolworths Supermarket,Fruit & Veg,Woolworths Gourmet Tomatoes 1kg,143730,$6.70,$6.70 / 1KG,https://www.woolworths.com.au/shop/productdetails/143730/woolworths-gourmet-tomatoes,https://cdn0.woolworths.media/content/wowproductimages/medium/143730.jpg,2020-09-21 19:36:53,,0,,True
cf364130-cabc-47be-8bb2-ca87b76dbcb8,Woolworths Supermarket,Fruit & Veg,Okra Fresh per kg,144275,$14.90,$14.90 / 1KG,https://www.woolworths.com.au/shop/productdetails/144275/okra-fresh,https://cdn0.woolworths.media/content/wowproductimages/medium/144275.jpg,2020-09-21 19:36:53,,0,,True
0e411c66-ecac-46ab-84fb-61f0c2e84b07,Woolworths Supermarket,Fruit & Veg,Select Brown Onions 2kg bag,144427,$3.00,$1.50 / 1KG,https://www.woolworths.com.au/shop/productdetails/144427/select-brown-onions,https://cdn0.woolworths.media/content/wowproductimages/medium/144427.jpg,2020-09-21 19:36:53,,0,,True
b580f5e6-9a2a-4f4d-b5f8-cb1ea8f32361,Woolworths Supermarket,Fruit & Veg,Woolworths Beetroot Baby Bunch each,144596,$4.00,,https://www.woolworths.com.au/shop/productdetails/144596/woolworths-beetroot-baby-bunch,https://cdn0.woolworths.media/content/wowproductimages/medium/144596.jpg,2020-09-21 19:36:53,,0,,True
62d23394-1865-4e4c-a076-12de05782d4a,Woolworths Supermarket,Fruit & Veg,Woolworths Fresh Parsley bunch,144784,$3.00,$3.00 / 1EA,https://www.woolworths.com.au/shop/productdetails/144784/woolworths-fresh-parsley,https://cdn0.woolworths.media/content/wowproductimages/medium/144784.jpg,2020-09-21 19:36:53,,0,2 for $5.00,True
b976ecf2-801f-4637-89c9-21f1673579d1,Woolworths Supermarket,Fruit & Veg,Woolworths Parsley Continental Fresh Herb bunch,144785,$3.00,$3.00 / 1EA,https://www.woolworths.com.au/shop/productdetails/144785/woolworths-parsley-continental-fresh-herb,https://cdn0.woolworths.media/content/wowproductimages/medium/144785.jpg,2020-09-21 19:36:53,,0,2 for $5.00,True
162b1152-3492-49a1-b663-64b993b3154e,Woolworths Supermarket,Fruit & Veg,Parsnip Fresh EACH,144793,$1.54,$1.54 / 0,https://www.woolworths.com.au/shop/productdetails/144793/parsnip-fresh,https://cdn0.woolworths.media/content/wowproductimages/medium/144793.jpg,2020-09-21 19:36:53,,0,,True
f281324c-3406-4f65-9f9f-4eabe5e769c5,Woolworths Supermarket,Fruit & Veg,Passionfruit Fresh each,144795,$1.50,$1.50 / 1EA,https://www.woolworths.com.au/shop/productdetails/144795/passionfruit-fresh,https://cdn0.woolworths.media/content/wowproductimages/medium/144795.jpg,2020-09-21 19:36:53,,0,,True
9cdedf47-e87f-4016-9831-6ea7ecc89dce,Woolworths Supermarket,Fruit & Veg,Paw Paw Fresh whole each,144803,$3.89,$3.89 / 1EA,https://www.woolworths.com.au/shop/productdetails/144803/paw-paw-fresh,https://cdn0.woolworths.media/content/wowproductimages/medium/144803.jpg,2020-09-21 19:36:53,,0,,True
cd62a1c5-74a5-466a-b452-e56ddac3e35f,Woolworths Supermarket,Fruit & Veg,Fresh Beurre Bosc Pear each,145111,$0.81,$0.81 / 1EA,https://www.woolworths.com.au/shop/productdetails/145111/fresh-beurre-bosc-pear,https://cdn0.woolworths.media/content/wowproductimages/medium/145111.jpg,2020-09-21 19:36:53,,0,,True
226cc998-3169-4c92-ab00-371905544a7f,Woolworths Supermarket,Fruit & Veg,Fresh Corella Pear each,145182,$0.98,$0.98 / 1EA,https://www.woolworths.com.au/shop/productdetails/145182/fresh-corella-pear,https://cdn0.woolworths.media/content/wowproductimages/medium/145182.jpg,2020-09-21 19:36:53,,0,,True
dedb1607-04ad-441b-b36b-2db623a20fc1,Woolworths Supermarket,Fruit & Veg,Woolworths Pomegranate Fresh each,146337,$4.90,$4.90 / 1EA,https://www.woolworths.com.au/shop/productdetails/146337/woolworths-pomegranate-fresh,https://cdn0.woolworths.media/content/wowproductimages/medium/146337.jpg,2020-09-21 19:36:53,,0,,True
f47bb91c-1007-4cc4-8232-6c49aa167cb0,Woolworths Supermarket,Fruit & Veg,Potato Sweet Gold Premium per kg,147071,$4.90,$4.90 / 1KG,https://www.woolworths.com.au/shop/productdetails/147071/potato-sweet-gold-premium,https://cdn0.woolworths.media/content/wowproductimages/medium/147071.jpg,2020-09-21 19:36:53,,0,,True
58f8833e-5e58-454c-8097-9286bc99fa9a,Woolworths Supermarket,Fruit & Veg,Radish Fresh bunch,147319,$3.00,,https://www.woolworths.com.au/shop/productdetails/147319/radish-fresh,https://cdn0.woolworths.media/content/wowproductimages/medium/147319.jpg,2020-09-21 19:36:53,,0,,True
b2dcca7d-7503-4014-96cb-d6534dc140f2,Woolworths Supermarket,Fruit & Veg,Rhubarb Fresh bunch,147346,$6.00,$6.00 / 1EA,https://www.woolworths.com.au/shop/productdetails/147346/rhubarb-fresh,https://cdn0.woolworths.media/content/wowproductimages/medium/147346.jpg,2020-09-21 19:36:53,,0,,True
ebb182c2-0940-4599-bf57-62e5f89f45e8,Woolworths Supermarket,Fruit & Veg,Aussie Sprouts Alfalfa Sprouts 125g punnet,147947,$2.20,$17.60 / 1KG,https://www.woolworths.com.au/shop/productdetails/147947/aussie-sprouts-alfalfa-sprouts,https://cdn0.woolworths.media/content/wowproductimages/medium/147947.jpg,2020-09-21 19:36:53,,0,,True
a21c3f74-c93f-412c-87bd-269cc7ff0a8e,Woolworths Supermarket,Fruit & Veg,Swedes Fresh each,149358,$1.38,$1.38 / 1EA,https://www.woolworths.com.au/shop/productdetails/149358/swedes-fresh,https://cdn0.woolworths.media/content/wowproductimages/medium/149358.jpg,2020-09-21 19:36:53,,0,,True
c28dfeb7-884c-40ae-94cf-ce805dab37e2,Woolworths Supermarket,Fruit & Veg,Corn Sweet each,149374,$1.50,$1.50 / 1EA,https://www.woolworths.com.au/shop/productdetails/149374/corn-sweet,https://cdn0.woolworths.media/content/wowproductimages/medium/149374.jpg,2020-09-21 19:36:53,,0,,True
5451e3b5-06f6-4bb8-aeef-aa29fe8e295f,Woolworths Supermarket,Fruit & Veg,Woolworths Cherry Tomatoes 250g,149620,$3.90,$15.60 / 1KG,https://www.woolworths.com.au/shop/productdetails/149620/woolworths-cherry-tomatoes,https://cdn0.woolworths.media/content/wowproductimages/medium/149620.jpg,2020-09-21 19:36:53,,0,,True
5c2abc77-9e49-4ad3-9b3b-7d07195ff6f6,Woolworths Supermarket,Fruit & Veg,Woolworths Swiss Brown Mushrooms Punnet 200g,149930,$5.00,$25.00 / 1KG,https://www.woolworths.com.au/shop/productdetails/149930/woolworths-swiss-brown-mushrooms-punnet,https://cdn0.woolworths.media/content/wowproductimages/medium/149930.jpg,2020-09-21 19:36:53,,0,,True
5cd7ea25-4570-4142-851b-763a3a47fb2b,Woolworths Supermarket,Fruit & Veg,Woolworths Mushrooms Cups 500g punnet,149963,$6.00,$12.00 / 1KG,https://www.woolworths.com.au/shop/productdetails/149963/woolworths-mushrooms-cups,https://cdn0.woolworths.media/content/wowproductimages/medium/149963.jpg,2020-09-21 19:36:53,,0,,True
e97962b2-1adf-43e7-986d-6db3d1d4c955,Woolworths Supermarket,Fruit & Veg,Woolworths Mushrooms Button 200g punnet,152608,$4.00,$20.00 / 1KG,https://www.woolworths.com.au/shop/productdetails/152608/woolworths-mushrooms-button,https://cdn0.woolworths.media/content/wowproductimages/medium/152608.jpg,2020-09-21 19:36:53,,0,,True
c8d75eb7-7214-4d54-b80b-dab98fe173cb,Woolworths Supermarket,Fruit & Veg,Macro Organic Royal Gala Apple Punnet 1kg,154338,$7.00,,https://www.woolworths.com.au/shop/productdetails/154338/macro-organic-royal-gala-apple-punnet,https://cdn0.woolworths.media/content/wowproductimages/medium/154338.jpg,2020-09-21 19:36:53,,0,,True
3a7a11d9-ca65-40d6-85d4-6d31552db62f,Woolworths Supermarket,Fruit & Veg,Iceberg Lettuce each,154340,$2.50,$2.50 / 1EA,https://www.woolworths.com.au/shop/productdetails/154340/iceberg-lettuce,https://cdn0.woolworths.media/content/wowproductimages/medium/154340.jpg,2020-09-21 19:36:53,,0,,True
1cbf655e-0044-4a03-b057-c9fe860c7956,Woolworths Supermarket,Fruit & Veg,Pak Choy Baby Asian Greens each,154991,$2.50,$2.50 / 1EA,https://www.woolworths.com.au/shop/productdetails/154991/pak-choy-baby-asian-greens,https://cdn0.woolworths.media/content/wowproductimages/medium/154991.jpg,2020-09-21 19:36:53,,0,,True
5fe8bb24-de92-47f3-b213-4cb4606ff03a,Woolworths Supermarket,Fruit & Veg,Choy Sum Baby Asian Greens each,154992,$2.50,$2.50 / 1EA,https://www.woolworths.com.au/shop/productdetails/154992/choy-sum-baby-asian-greens,https://cdn0.woolworths.media/content/wowproductimages/medium/154992.jpg,2020-09-21 19:36:53,,0,,True
68c1bd9f-93d7-4209-9b36-6c44ab627d20,Woolworths Supermarket,Fruit & Veg,Apple Royal Gala each,155003,$0.88,$0.88 / 1EA,https://www.woolworths.com.au/shop/productdetails/155003/apple-royal-gala,https://cdn0.woolworths.media/content/wowproductimages/medium/155003.jpg,2020-09-21 19:36:53,,0,,True
082939d7-1ab5-4629-bc8a-5583c9dbd25a,Woolworths Supermarket,Fruit & Veg,Woolworths Gold Sweet Potatoes 1kg,156015,$4.50,$4.50 / 1KG,https://www.woolworths.com.au/shop/productdetails/156015/woolworths-gold-sweet-potatoes,https://cdn0.woolworths.media/content/wowproductimages/medium/156015.jpg,2020-09-21 19:36:53,,0,,True
757c87b6-7690-4f14-9669-84b26804dea9,Woolworths Supermarket,Fruit & Veg,Woolworths Snow Peas Fresh 250g bag,162931,$4.00,$16.00 / 1KG,https://www.woolworths.com.au/shop/productdetails/162931/woolworths-snow-peas-fresh,https://cdn0.woolworths.media/content/wowproductimages/medium/162931.jpg,2020-09-21 19:36:53,,0,,True
f5fda6e7-8bf2-4da0-811f-34a2f8a0a27e,Woolworths Supermarket,Fruit & Veg,Driscoll's Fresh Raspberry 125g,165262,$4.50,$36.00 / 1KG,https://www.woolworths.com.au/shop/productdetails/165262/driscoll-s-fresh-raspberry,https://cdn0.woolworths.media/content/wowproductimages/medium/165262.jpg,2020-09-21 19:36:53,,0,,True
1ab1db0b-e835-404e-bf65-d90d926f7873,Woolworths Supermarket,Fruit & Veg,Corn Sweet Polka Dot 500g punnet,165715,$3.90,$7.80 / 1KG,https://www.woolworths.com.au/shop/productdetails/165715/corn-sweet-polka-dot,https://cdn0.woolworths.media/content/wowproductimages/medium/165715.jpg,2020-09-21 19:36:53,Average product rating out of 5: 4.5. Product score is based on 164 ratings,164,,True
5e2092eb-6668-4ebd-b1a0-a7c91d98fd69,Woolworths Supermarket,Fruit & Veg,Mini-roma Tomato 250g punnet,166144,$3.50,$14.00 / 1KG,https://www.woolworths.com.au/shop/productdetails/166144/mini-roma-tomato,https://cdn0.woolworths.media/content/wowproductimages/medium/166144.jpg,2020-09-21 19:36:53,,0,,True
79dce6f3-a367-4d9a-85ec-8c5266e8d519,Woolworths Supermarket,Fruit & Veg,Woolworths Qukes Baby Cucumbers Punnet 250g,169067,$3.00,$12.00 / 1KG,https://www.woolworths.com.au/shop/productdetails/169067/woolworths-qukes-baby-cucumbers-punnet,https://cdn0.woolworths.media/content/wowproductimages/medium/169067.jpg,2020-09-21 19:36:53,,0,,True
0e71daee-1915-4e5f-b1e8-bbd639083aa3,Woolworths Supermarket,Fruit & Veg,Woolworths Caesar Salad Tub 250g,169160,$6.00,$24.00 / 1KG,https://www.woolworths.com.au/shop/productdetails/169160/woolworths-caesar-salad-tub,https://cdn0.woolworths.media/content/wowproductimages/medium/169160.jpg,2020-09-21 19:36:53,Average product rating out of 5: 4.2. Product score is based on 344 ratings,344,,True
131e7a7a-28cf-47d2-bc47-921a09d144e5,Woolworths Supermarket,Fruit & Veg,Truss Tomatoes each,169438,$0.69,$0.69 / 1EA,https://www.woolworths.com.au/shop/productdetails/169438/truss-tomatoes,https://cdn0.woolworths.media/content/wowproductimages/medium/169438.jpg,2020-09-21 19:36:53,,0,,True
6e3f2c62-5905-49d3-abdf-cd980e7a42b6,Woolworths Supermarket,Fruit & Veg,Fresh Blueberries 125g,169792,$3.00,$24.00 / 1KG,https://www.woolworths.com.au/shop/productdetails/169792/fresh-blueberries,https://cdn0.woolworths.media/content/wowproductimages/medium/169792.jpg,2020-09-21 19:36:53,,0,,True
be451dcb-420f-4da9-a981-cb199cde6ed1,Woolworths Supermarket,Fruit & Veg,Cabbage Chinese Wombok whole each,170127,$4.50,$4.50 / 1EA,https://www.woolworths.com.au/shop/productdetails/170127/cabbage-chinese-wombok,https://cdn0.woolworths.media/content/wowproductimages/medium/170127.jpg,2020-09-21 19:36:53,,0,,True
95a2736b-e245-4c83-a135-9a538d20e422,Woolworths Supermarket,Fruit & Veg,Cabbage Chinese Wombok Half each,170154,$2.70,$2.70 / 1EA,https://www.woolworths.com.au/shop/productdetails/170154/cabbage-chinese-wombok-half,https://cdn0.woolworths.media/content/wowproductimages/medium/170154.jpg,2020-09-21 19:36:53,,0,,True
e413673b-ebf6-42b0-84b2-29e10f398d40,Woolworths Supermarket,Fruit & Veg,Papaya Red Whole each,172659,$3.90,$3.90 / 1EA,https://www.woolworths.com.au/shop/productdetails/172659/papaya-red-whole,https://cdn0.woolworths.media/content/wowproductimages/medium/172659.jpg,2020-09-21 19:36:53,,0,,True
75f366c9-6e66-4a0d-94d7-9711dfbc9290,Woolworths Supermarket,Fruit & Veg,Silverbeet Fresh each,178497,$4.50,$4.50 / 1EA,https://www.woolworths.com.au/shop/productdetails/178497/silverbeet-fresh,https://cdn0.woolworths.media/content/wowproductimages/medium/178497.jpg,2020-09-21 19:36:53,,0,,True
b001ab2b-f0e2-4a60-939a-d191a8fd74ed,Woolworths Supermarket,Fruit & Veg,Galiko All Natural Ginger Minced Jar 145G,185242,$3.00,$2.07 / 100G,https://www.woolworths.com.au/shop/productdetails/185242/galiko-all-natural-ginger-minced-jar,https://cdn0.woolworths.media/content/wowproductimages/medium/185242.jpg,2020-09-21 19:36:53,,0,,True
3a979544-b48b-4232-bacd-d5f7b6b15824,Woolworths Supermarket,Fruit & Veg,Galiko All Natural Garlic Minced Jar 145G,185243,$3.00,$2.07 / 100G,https://www.woolworths.com.au/shop/productdetails/185243/galiko-all-natural-garlic-minced-jar,https://cdn0.woolworths.media/content/wowproductimages/medium/185243.jpg,2020-09-21 19:36:53,,0,,True
3ea795ee-aa72-4e9f-bb88-80b0f7cf1af1,Woolworths Supermarket,Fruit & Veg,Beetroot Loose each,185267,$1.50,$1.50 / 1EA,https://www.woolworths.com.au/shop/productdetails/185267/beetroot-loose,https://cdn0.woolworths.media/content/wowproductimages/medium/185267.jpg,2020-09-21 19:36:53,,0,,True
8486f6a3-7b24-437b-99ac-20f141c5bfbd,Woolworths Supermarket,Fruit & Veg,Woolworths Broccolini Bunch each,187314,$2.90,$2.90 / 1EA,https://www.woolworths.com.au/shop/productdetails/187314/woolworths-broccolini-bunch,https://cdn0.woolworths.media/content/wowproductimages/medium/187314.jpg,2020-09-21 19:36:53,,0,,True
ddc59c3e-c244-4863-81b0-3994d8678f52,Woolworths Supermarket,Fruit & Veg,Select Continental Cucumbers each,137102,$2.00,,https://www.woolworths.com.au/shop/productdetails/137102/select-continental-cucumbers,https://cdn0.woolworths.media/content/wowproductimages/medium/137102.jpg,2020-09-21 19:36:53,,0,,True
ca429856-72c2-4175-91fa-d849a6b4537d,Woolworths Supermarket,Fruit & Veg,Fresh Strawberry 250g,144607,$1.70,$6.80 / 1KG,https://www.woolworths.com.au/shop/productdetails/144607/fresh-strawberry,https://cdn0.woolworths.media/content/wowproductimages/medium/144607.jpg,2020-09-21 19:36:53,,0,,True
ba315bb8-3920-4008-a59f-99c1d2121404,Woolworths Supermarket,Fruit & Veg,Fresh Blueberries 125g,169792,$3.00,$24.00 / 1KG,https://www.woolworths.com.au/shop/productdetails/169792/fresh-blueberries,https://cdn0.woolworths.media/content/wowproductimages/medium/169792.jpg,2020-09-21 19:36:53,,0,,True
b100248d-8219-4c5b-948f-3cc04461710f,Woolworths Supermarket,Fruit & Veg,Fresh Whole Cauliflower each,135552,$2.40,$2.40 / 1EA,https://www.woolworths.com.au/shop/productdetails/135552/fresh-whole-cauliflower,https://cdn0.woolworths.media/content/wowproductimages/medium/135552.jpg,2020-09-21 19:36:53,,0,,True
6bff8910-cf48-42f6-a678-fa26a4789354,Woolworths Supermarket,Fruit & Veg,The Odd Bunch Avocado Prepacked 1kg,775369,$9.00,$9.00 / 1KG,https://www.woolworths.com.au/shop/productdetails/775369/the-odd-bunch-avocado-prepacked,https://cdn0.woolworths.media/content/wowproductimages/medium/775369.jpg,2020-09-21 19:36:53,,0,,True
495a9e45-2587-4802-a86a-1779c9662ca8,Woolworths Supermarket,Fruit & Veg,Red Capsicum EACH,135306,$2.67,$2.67 / 1KG,https://www.woolworths.com.au/shop/productdetails/135306/red-capsicum,https://cdn0.woolworths.media/content/wowproductimages/medium/135306.jpg,2020-09-21 19:36:53,,0,,True
ddc9e7e4-17e5-4223-a65f-67d4a581a117,Woolworths Supermarket,Fruit & Veg,Woolworths Fresh Carrots 1kg,135369,$1.20,$1.20 / 1KG,https://www.woolworths.com.au/shop/productdetails/135369/woolworths-fresh-carrots,https://cdn0.woolworths.media/content/wowproductimages/medium/135369.jpg,2020-09-21 19:36:53,,0,,True
f589bffc-c3ea-444e-a51b-0c2fab0c84b2,Woolworths Supermarket,Fruit & Veg,Woolworths Brown Onion 1kg,144336,$2.50,$2.50 / 1KG,https://www.woolworths.com.au/shop/productdetails/144336/woolworths-brown-onion,https://cdn0.woolworths.media/content/wowproductimages/medium/144336.jpg,2020-09-21 19:36:53,,0,,True
d2001c1a-2a87-4957-8e73-31920a1bf7f5,Woolworths Supermarket,Fruit & Veg,Iceberg Lettuce each,154340,$2.50,$2.50 / 1EA,https://www.woolworths.com.au/shop/productdetails/154340/iceberg-lettuce,https://cdn0.woolworths.media/content/wowproductimages/medium/154340.jpg,2020-09-21 19:36:53,,0,,True
dc225658-097c-4ce9-a2ff-845bebadeb8c,Woolworths Supermarket,Fruit & Veg,Fresh Broccoli each,134681,$0.83,$0.83 / 1EA,https://www.woolworths.com.au/shop/productdetails/134681/fresh-broccoli,https://cdn0.woolworths.media/content/wowproductimages/medium/134681.jpg,2020-09-21 19:36:53,,0,,True
bcc73416-a2e1-4cda-8dda-1deb603cdc05,Woolworths Supermarket,Fruit & Veg,Hass Avocado each,120080,$2.60,$2.60 / 1EA,https://www.woolworths.com.au/shop/productdetails/120080/hass-avocado,https://cdn0.woolworths.media/content/wowproductimages/medium/120080.jpg,2020-09-21 19:36:53,,0,,True
177b32d3-27d8-47b8-8563-207bb4523ce9,Woolworths Supermarket,Fruit & Veg,Woolworths Red Seedless Watermelon Quarter each,120384,$5.95,$5.95 / 1EA,https://www.woolworths.com.au/shop/productdetails/120384/woolworths-red-seedless-watermelon-quarter,https://cdn0.woolworths.media/content/wowproductimages/medium/120384.jpg,2020-09-21 19:36:53,,0,,True
43462014-164f-4dc5-96b9-768c287b35d2,Woolworths Supermarket,Fruit & Veg,Cavendish Bananas EACH,133211,$0.63,$0.63 / 1KG,https://www.woolworths.com.au/shop/productdetails/133211/cavendish-bananas,https://cdn0.woolworths.media/content/wowproductimages/medium/133211.jpg,2020-09-21 19:36:53,,0,,True
56c94093-1176-4969-a448-c96e96a2b2e2,Woolworths Supermarket,Fruit & Veg,Woolworths Solanato Tomato 200g,727144,$3.00,$15.00 / 1KG,https://www.woolworths.com.au/shop/productdetails/727144/woolworths-solanato-tomato,https://cdn0.woolworths.media/content/wowproductimages/medium/727144.jpg,2020-09-21 19:36:53,Average product rating out of 5: 4.7. Product score is based on 465 ratings,465,,True
e19c105e-dfdb-4234-bb1c-644c2d654727,Woolworths Supermarket,Fruit & Veg,Select Fresh Pink Lady Apples 1kg,310968,$5.50,$5.50 / 1KG,https://www.woolworths.com.au/shop/productdetails/310968/select-fresh-pink-lady-apples,https://cdn0.woolworths.media/content/wowproductimages/medium/310968.jpg,2020-09-21 19:36:53,,0,,True
6f887419-3ffa-4f1d-a116-6a278368d38c,Woolworths Supermarket,Fruit & Veg,Fresh Tomato each,134034,$0.76,$0.76 / 1EA,https://www.woolworths.com.au/shop/productdetails/134034/fresh-tomato,https://cdn0.woolworths.media/content/wowproductimages/medium/134034.jpg,2020-09-21 19:36:53,,0,,True
8e71d4f6-0cf1-4521-8cb6-343159e46ba1,Woolworths Supermarket,Fruit & Veg,Fresh Pink Lady Apples each,105919,$1.17,$1.17 / 1EA,https://www.woolworths.com.au/shop/productdetails/105919/fresh-pink-lady-apples,https://cdn0.woolworths.media/content/wowproductimages/medium/105919.jpg,2020-09-21 19:36:53,,0,,True
cc0fd84a-c726-45ff-baaa-10fa3d281266,Woolworths Supermarket,Fruit & Veg,Potato Sweet Gold Premium per kg,147071,$4.90,$4.90 / 1KG,https://www.woolworths.com.au/shop/productdetails/147071/potato-sweet-gold-premium,https://cdn0.woolworths.media/content/wowproductimages/medium/147071.jpg,2020-09-21 19:36:53,,0,,True
7091731d-e943-4d0e-bbf9-4387277ff829,Woolworths Supermarket,Fruit & Veg,Woolworths Broccolini Bunch each,187314,$2.90,$2.90 / 1EA,https://www.woolworths.com.au/shop/productdetails/187314/woolworths-broccolini-bunch,https://cdn0.woolworths.media/content/wowproductimages/medium/187314.jpg,2020-09-21 19:36:53,,0,,True
685d383e-3fa4-4f36-ab02-ad8592b83cb5,Woolworths Supermarket,Fruit & Veg,Woolworths Qukes Baby Cucumbers Punnet 250g,169067,$3.00,$12.00 / 1KG,https://www.woolworths.com.au/shop/productdetails/169067/woolworths-qukes-baby-cucumbers-punnet,https://cdn0.woolworths.media/content/wowproductimages/medium/169067.jpg,2020-09-21 19:36:53,,0,,True
41f389e3-b7e7-4d9f-a714-0c63b25292a2,Woolworths Supermarket,Fruit & Veg,Onion Shallot French each,189459,$0.65,$0.65 / 1EA,https://www.woolworths.com.au/shop/productdetails/189459/onion-shallot-french,https://cdn0.woolworths.media/content/wowproductimages/medium/189459.jpg,2020-09-21 19:36:53,,0,,True
0b1b7de6-477d-44ec-8e3d-55c9799055e7,Woolworths Supermarket,Fruit & Veg,Select Lettuce Baby Cos each,190092,$2.90,$2.90 / 1EA,https://www.woolworths.com.au/shop/productdetails/190092/select-lettuce-baby-cos,https://cdn0.woolworths.media/content/wowproductimages/medium/190092.jpg,2020-09-21 19:36:53,,0,,True
63d51961-10e0-4b20-8a97-959c779a82d4,Woolworths Supermarket,Fruit & Veg,Woolworths Crunchy Noodle Coleslaw Kit 520g,193753,$4.00,$7.69 / 1KG,https://www.woolworths.com.au/shop/productdetails/193753/woolworths-crunchy-noodle-coleslaw-kit,https://cdn0.woolworths.media/content/wowproductimages/medium/193753.jpg,2020-09-21 19:36:53,Average product rating out of 5: 4.1. Product score is based on 363 ratings,363,,True
df998897-412a-4418-9086-074e01fdfd05,Woolworths Supermarket,Fruit & Veg,Baby Spinach Loose per kg,194947,$17.00,$17.00 / 1KG,https://www.woolworths.com.au/shop/productdetails/194947/baby-spinach-loose,https://cdn0.woolworths.media/content/wowproductimages/medium/194947.jpg,2020-09-21 19:36:53,,0,,True
628ec0e4-7a6f-4407-9a05-fa37e537258e,Woolworths Supermarket,Fruit & Veg,Woolworths Tomato Truss 500g punnet,196442,$5.90,$11.80 / 1KG,https://www.woolworths.com.au/shop/productdetails/196442/woolworths-tomato-truss,https://cdn0.woolworths.media/content/wowproductimages/medium/196442.jpg,2020-09-21 19:36:53,,0,,True
85cd8260-4efd-4698-8f20-a20f86f24360,Woolworths Supermarket,Fruit & Veg,Turnip Fresh each,199732,$1.20,$1.20 / 1EA,https://www.woolworths.com.au/shop/productdetails/199732/turnip-fresh,https://cdn0.woolworths.media/content/wowproductimages/medium/199732.jpg,2020-09-21 19:36:53,,0,,True
46f00ba7-c806-4aab-a287-89d350b5a9e9,Woolworths Supermarket,Fruit & Veg,Potato White Washed per kg,208895,$4.00,$4.00 / 1KG,https://www.woolworths.com.au/shop/productdetails/208895/potato-white-washed,https://cdn0.woolworths.media/content/wowproductimages/medium/208895.jpg,2020-09-21 19:36:53,,0,,True
d14aae6e-bf3e-491e-8c2e-2e580db22011,Woolworths Supermarket,Fruit & Veg,Woolworths White Flat Mushrooms Punnet 375g,215610,$6.50,$17.33 / 1KG,https://www.woolworths.com.au/shop/productdetails/215610/woolworths-white-flat-mushrooms-punnet,https://cdn0.woolworths.media/content/wowproductimages/medium/215610.jpg,2020-09-21 19:36:53,,0,,True
00139462-cace-4d4b-aef9-e28765948c10,Woolworths Supermarket,Fruit & Veg,Woolworths Simply Simmer Veggie Mix 400g,218235,$4.00,$10.00 / 1KG,https://www.woolworths.com.au/shop/productdetails/218235/woolworths-simply-simmer-veggie-mix,https://cdn0.woolworths.media/content/wowproductimages/medium/218235.jpg,2020-09-21 19:36:53,Average product rating out of 5: 4.2. Product score is based on 218 ratings,218,,True
ae3b10e0-6631-4540-a068-8f0fb903f845,Woolworths Supermarket,Fruit & Veg,Woolworths Simply Steam Potato Baby Herb & Butter 400g,224918,$4.00,$10.00 / 1KG,https://www.woolworths.com.au/shop/productdetails/224918/woolworths-simply-steam-potato-baby-herb-butter,https://cdn0.woolworths.media/content/wowproductimages/medium/224918.jpg,2020-09-21 19:36:53,Average product rating out of 5: 3.8. Product score is based on 839 ratings,839,,True
b5608fac-e3aa-4e32-b6b8-070fe8822e2a,Woolworths Supermarket,Fruit & Veg,Woolworths Caesar Salad Kit 290g,233376,$5.50,$18.97 / 1KG,https://www.woolworths.com.au/shop/productdetails/233376/woolworths-caesar-salad-kit,https://cdn0.woolworths.media/content/wowproductimages/medium/233376.jpg,2020-09-21 19:36:53,Average product rating out of 5: 4.1. Product score is based on 774 ratings,774,,True
8792fbeb-8b0b-4b21-ae09-cd991ee3dede,Woolworths Supermarket,Fruit & Veg,Woolworths Brushed Potatoes 2kg,244637,$5.50,$2.75 / 1KG,https://www.woolworths.com.au/shop/productdetails/244637/woolworths-brushed-potatoes,https://cdn0.woolworths.media/content/wowproductimages/medium/244637.jpg,2020-09-21 19:36:53,,0,,True
49beb550-64d0-4b91-8b98-e251ef434365,Woolworths Supermarket,Fruit & Veg,Lime Fresh each,245902,$2.39,$2.39 / 1EA,https://www.woolworths.com.au/shop/productdetails/245902/lime-fresh,https://cdn0.woolworths.media/content/wowproductimages/medium/245902.jpg,2020-09-21 19:36:53,,0,,True
bd4e8448-351c-4b8f-8f2d-b593782319cd,Woolworths Supermarket,Fruit & Veg,Potato Brushed per kg,246566,$3.50,$3.50 / 1KG,https://www.woolworths.com.au/shop/productdetails/246566/potato-brushed,https://cdn0.woolworths.media/content/wowproductimages/medium/246566.jpg,2020-09-21 19:36:53,,0,,True
a46c3c29-0c59-45d6-bcd6-3ba26c0794da,Woolworths Supermarket,Fruit & Veg,Woolworths Navel Oranges 3kg bag,254080,$7.50,$2.50 / 1KG,https://www.woolworths.com.au/shop/productdetails/254080/woolworths-navel-oranges,https://cdn0.woolworths.media/content/wowproductimages/medium/254080.jpg,2020-09-21 19:36:53,,0,,True
0650a452-0b17-415a-90e7-b50531a856d2,Woolworths Supermarket,Fruit & Veg,Grapefruit Red Flesh each,259345,$1.62,$1.62 / 1EA,https://www.woolworths.com.au/shop/productdetails/259345/grapefruit-red-flesh,https://cdn0.woolworths.media/content/wowproductimages/medium/259345.jpg,2020-09-21 19:36:53,,0,,True
9d734303-cdfe-4165-9e8b-f5fb22e89a4a,Woolworths Supermarket,Fruit & Veg,Orange Navel each,259450,$0.99,$0.99 / 1EA,https://www.woolworths.com.au/shop/productdetails/259450/orange-navel,https://cdn0.woolworths.media/content/wowproductimages/medium/259450.jpg,2020-09-21 19:36:53,,0,,True
1a4f7a5e-3008-481d-b9b5-8d6470e969ba,Woolworths Supermarket,Fruit & Veg,Woolworths Washed Potatoes 2kg,262783,$7.00,$3.50 / 1KG,https://www.woolworths.com.au/shop/productdetails/262783/woolworths-washed-potatoes,https://cdn0.woolworths.media/content/wowproductimages/medium/262783.jpg,2020-09-21 19:36:53,,0,,True
9b86d51f-c27b-4d0b-b7b0-5d5a34c0f0de,Woolworths Supermarket,Fruit & Veg,Woolworths Kiwi Fruit Green each,267083,$0.77,$0.77 / 1EA,https://www.woolworths.com.au/shop/productdetails/267083/woolworths-kiwi-fruit-green,https://cdn0.woolworths.media/content/wowproductimages/medium/267083.jpg,2020-09-21 19:36:53,,0,,True
e344e146-cde0-4c3d-999e-257d6906a042,Woolworths Supermarket,Fruit & Veg,Woolworths Kiwi Fruit Gold each,267084,$1.03,$1.03 / 1EA,https://www.woolworths.com.au/shop/productdetails/267084/woolworths-kiwi-fruit-gold,https://cdn0.woolworths.media/content/wowproductimages/medium/267084.jpg,2020-09-21 19:36:53,,0,,True
c3ed8b00-9b66-4f19-923f-bdcc6614c514,Woolworths Supermarket,Fruit & Veg,Jazz Apple each,306343,$1.04,$1.04 / 1EA,https://www.woolworths.com.au/shop/productdetails/306343/jazz-apple,https://cdn0.woolworths.media/content/wowproductimages/medium/306343.jpg,2020-09-21 19:36:53,,0,,True
7cbd09fd-1107-476d-9ca4-4415155d9251,Woolworths Supermarket,Fruit & Veg,Macro Organic Round Beans 200g,306567,$1.90,$9.50 / 1KG,https://www.woolworths.com.au/shop/productdetails/306567/macro-organic-round-beans,https://cdn0.woolworths.media/content/wowproductimages/medium/306567.jpg,2020-09-21 19:36:53,,0,,True
eaa89daf-20fd-4450-9577-e0d8ae98b584,Woolworths Supermarket,Fruit & Veg,Fresh Packham Pear 1kg punnet,310965,$2.90,$2.90 / 1KG,https://www.woolworths.com.au/shop/productdetails/310965/fresh-packham-pear,https://cdn0.woolworths.media/content/wowproductimages/medium/310965.jpg,2020-09-21 19:36:53,,0,,True
8c14e6f2-46f8-49c6-934c-75c32441c09b,Woolworths Supermarket,Fruit & Veg,Woolworths Fresh Granny Smith Apples 1kg,310966,$4.50,$4.50 / 1KG,https://www.woolworths.com.au/shop/productdetails/310966/woolworths-fresh-granny-smith-apples,https://cdn0.woolworths.media/content/wowproductimages/medium/310966.jpg,2020-09-21 19:36:53,,0,,True
b5ad9836-0595-41ac-97e0-976da70e39f8,Woolworths Supermarket,Fruit & Veg,Select Fresh Pink Lady Apples 1kg,310968,$5.50,$5.50 / 1KG,https://www.woolworths.com.au/shop/productdetails/310968/select-fresh-pink-lady-apples,https://cdn0.woolworths.media/content/wowproductimages/medium/310968.jpg,2020-09-21 19:36:53,,0,,True
77f2a73c-4a13-4667-904a-14ecf2309d34,Woolworths Supermarket,Fruit & Veg,Select Royal Gala Apple 1kg punnet,314012,$4.50,$4.50 / 1KG,https://www.woolworths.com.au/shop/productdetails/314012/select-royal-gala-apple,https://cdn0.woolworths.media/content/wowproductimages/medium/314012.jpg,2020-09-21 19:36:53,,0,,True
3b5b759e-86ab-44a9-b6ca-79a6d69deeea,Woolworths Supermarket,Fruit & Veg,Mandarin Afourer each,314075,$0.59,$0.59 / 1EA,https://www.woolworths.com.au/shop/productdetails/314075/mandarin-afourer,https://cdn0.woolworths.media/content/wowproductimages/medium/314075.jpg,2020-09-21 19:36:53,,0,,True
693d2515-ebe7-4a44-bf6a-68313baa56a8,Woolworths Supermarket,Fruit & Veg,Woolworths Fine Cut Coleslaw 300g,315670,$3.00,$10.00 / 1KG,https://www.woolworths.com.au/shop/productdetails/315670/woolworths-fine-cut-coleslaw,https://cdn0.woolworths.media/content/wowproductimages/medium/315670.jpg,2020-09-21 19:36:53,Average product rating out of 5: 4.4. Product score is based on 746 ratings,746,,True
a6cc7ed3-3e4d-4fe9-892c-3a79e2c68ccc,Woolworths Supermarket,Fruit & Veg,Woolworths Baby Leaf Salad With Beetroot Bag 180g,317566,$4.00,$22.22 / 1KG,https://www.woolworths.com.au/shop/productdetails/317566/woolworths-baby-leaf-salad-with-beetroot-bag,https://cdn0.woolworths.media/content/wowproductimages/medium/317566.jpg,2020-09-21 19:36:53,Average product rating out of 5: 4.4. Product score is based on 230 ratings,230,,True
9449f504-5a13-42ff-ae19-055a742a5d8a,Woolworths Supermarket,Fruit & Veg,Macro Organic Dates Punnet 200g,318163,$5.00,$25.00 / 1KG,https://www.woolworths.com.au/shop/productdetails/318163/macro-organic-dates-punnet,https://cdn0.woolworths.media/content/wowproductimages/medium/318163.jpg,2020-09-21 19:36:53,,0,,True
31eea468-ded2-4014-91ab-6a35dcc71a7a,Woolworths Supermarket,Fruit & Veg,Gourmet Garden Paste Thai 80g tube,325130,$3.50,$4.38 / 100G,https://www.woolworths.com.au/shop/productdetails/325130/gourmet-garden-paste-thai,https://cdn0.woolworths.media/content/wowproductimages/medium/325130.jpg,2020-09-21 19:36:53,,0,,True
00262a9b-658c-45c5-b91f-a3623abb4687,Woolworths Supermarket,Fruit & Veg,Jazz Apple Snackers 1kg punnet,325816,$6.50,$6.50 / 1KG,https://www.woolworths.com.au/shop/productdetails/325816/jazz-apple-snackers,https://cdn0.woolworths.media/content/wowproductimages/medium/325816.jpg,2020-09-21 19:36:53,,0,,True
4fabebbd-7549-49ab-95e3-537b4bf1b425,Woolworths Supermarket,Fruit & Veg,Woolworths Asian Salad Tub 250g,338087,$6.00,$24.00 / 1KG,https://www.woolworths.com.au/shop/productdetails/338087/woolworths-asian-salad-tub,https://cdn0.woolworths.media/content/wowproductimages/medium/338087.jpg,2020-09-21 19:36:53,Average product rating out of 5: 4.2. Product score is based on 298 ratings,298,,True
d4fb236f-fb4f-4771-ac84-20fb70053fc8,Woolworths Supermarket,Fruit & Veg,Avofresh Soft Avocado Hint Of Lemon 160g tube,364554,$5.50,$3.44 / 100G,https://www.woolworths.com.au/shop/productdetails/364554/avofresh-soft-avocado-hint-of-lemon,https://cdn0.woolworths.media/content/wowproductimages/medium/364554.jpg,2020-09-21 19:36:53,,0,,True
e173e783-2711-4017-86ba-0ae99cd70fb7,Woolworths Supermarket,Fruit & Veg,Avofresh Chunky Avocado Hint Of Lemon 160g tub,364558,$5.50,$3.44 / 100G,https://www.woolworths.com.au/shop/productdetails/364558/avofresh-chunky-avocado-hint-of-lemon,https://cdn0.woolworths.media/content/wowproductimages/medium/364558.jpg,2020-09-21 19:36:53,,0,,True
b17d6d9a-ba68-4c48-b25c-82d093f667eb,Woolworths Supermarket,Fruit & Veg,Avofresh Chunky Avocado Garlic & Coriander 160g tub,364561,$5.50,$3.44 / 100G,https://www.woolworths.com.au/shop/productdetails/364561/avofresh-chunky-avocado-garlic-coriander,https://cdn0.woolworths.media/content/wowproductimages/medium/364561.jpg,2020-09-21 19:36:53,,0,,True
f539debc-b816-4f4c-b07e-f46bc85aff09,Woolworths Supermarket,Fruit & Veg,Woolworths Baby Spinach Salad Bag 60g,379515,$2.00,$33.33 / 1KG,https://www.woolworths.com.au/shop/productdetails/379515/woolworths-baby-spinach-salad-bag,https://cdn0.woolworths.media/content/wowproductimages/medium/379515.jpg,2020-09-21 19:36:53,Average product rating out of 5: 4.7. Product score is based on 725 ratings,725,,True
c9fddfb6-9971-4065-8ffd-83845373484d,Woolworths Supermarket,Fruit & Veg,Woolworths Baby Spinach Salad With Rocket 60g bag,379518,$2.00,$33.33 / 1KG,https://www.woolworths.com.au/shop/productdetails/379518/woolworths-baby-spinach-salad-with-rocket,https://cdn0.woolworths.media/content/wowproductimages/medium/379518.jpg,2020-09-21 19:36:53,Average product rating out of 5: 4.5. Product score is based on 146 ratings,146,,True
73744d0f-5cc7-4fce-b981-580a0a4ebad7,Woolworths Supermarket,Fruit & Veg,Kale Fresh bunch,380338,$3.90,$3.90 / 1EA,https://www.woolworths.com.au/shop/productdetails/380338/kale-fresh,https://cdn0.woolworths.media/content/wowproductimages/medium/380338.jpg,2020-09-21 19:36:53,,0,,True
0a08ffa9-4a93-4692-b83f-fbf8d3502259,Woolworths Supermarket,Fruit & Veg,Woolworths Baby Rocket Salad Bag 60g,380580,$2.00,$33.33 / 1KG,https://www.woolworths.com.au/shop/productdetails/380580/woolworths-baby-rocket-salad-bag,https://cdn0.woolworths.media/content/wowproductimages/medium/380580.jpg,2020-09-21 19:36:53,Average product rating out of 5: 4.5. Product score is based on 700 ratings,700,,True
249ec0fd-3008-49df-841c-cc2ac725b5e7,Woolworths Supermarket,Fruit & Veg,Woolworths Mushrooms Swiss Brown Sliced 200g punnet,381241,$5.00,$25.00 / 1KG,https://www.woolworths.com.au/shop/productdetails/381241/woolworths-mushrooms-swiss-brown-sliced,https://cdn0.woolworths.media/content/wowproductimages/medium/381241.jpg,2020-09-21 19:36:53,,0,,True
677e4a25-6d96-4bba-ad37-39b76ade4a47,Woolworths Supermarket,Fruit & Veg,Select Mushrooms Cups Sliced 400g bag,384099,$5.50,$13.75 / 1KG,https://www.woolworths.com.au/shop/productdetails/384099/select-mushrooms-cups-sliced,https://cdn0.woolworths.media/content/wowproductimages/medium/384099.jpg,2020-09-21 19:36:53,,0,,True
9578d4af-efc8-44f7-81ac-e8dcdf30a63b,Woolworths Supermarket,Fruit & Veg,Woolworths White Washed Baby Potatoes 1kg,385085,$3.50,,https://www.woolworths.com.au/shop/productdetails/385085/woolworths-white-washed-baby-potatoes,https://cdn0.woolworths.media/content/wowproductimages/medium/385085.jpg,2020-09-21 19:36:53,,0,,True
579465ff-4285-463f-af05-bcc09d5f0193,Woolworths Supermarket,Fruit & Veg,Woolworths Baby Red Washed Potato 1kg bag,385086,$3.50,,https://www.woolworths.com.au/shop/productdetails/385086/woolworths-baby-red-washed-potato,https://cdn0.woolworths.media/content/wowproductimages/medium/385086.jpg,2020-09-21 19:36:53,,0,,True
d1a5f9e6-2445-4d7d-9895-42436d00cf39,Woolworths Supermarket,Fruit & Veg,Avofresh Soft Avocado Lime & Black Pepper 160g tube,405658,$5.50,$3.44 / 100G,https://www.woolworths.com.au/shop/productdetails/405658/avofresh-soft-avocado-lime-black-pepper,https://cdn0.woolworths.media/content/wowproductimages/medium/405658.jpg,2020-09-21 19:36:53,,0,,True
a4d3f1cf-8526-4735-aad4-5a368ec5e86f,Woolworths Supermarket,Fruit & Veg,Macro Organic Sweet Potato per kg,413886,$10.90,$10.90 / 1KG,https://www.woolworths.com.au/shop/productdetails/413886/macro-organic-sweet-potato,https://cdn0.woolworths.media/content/wowproductimages/medium/413886.jpg,2020-09-21 19:36:53,,0,,True
26fbf9b8-c92d-4210-afb7-cbe7ca155394,Woolworths Supermarket,Fruit & Veg,Woolworths Simply Stir Fry Rainbow Vegetables 375g,441953,$3.00,$8.00 / 1KG,https://www.woolworths.com.au/shop/productdetails/441953/woolworths-simply-stir-fry-rainbow-vegetables,https://cdn0.woolworths.media/content/wowproductimages/medium/441953.jpg,2020-09-21 19:36:53,Average product rating out of 5: 4.1. Product score is based on 669 ratings,669,,True
033b4ccd-4082-44db-b993-211de8785ea3,Woolworths Supermarket,Fruit & Veg,Woolworths Mixed Leaf Iceberg Lettuce Blend 300g,447755,$3.00,$10.00 / 1KG,https://www.woolworths.com.au/shop/productdetails/447755/woolworths-mixed-leaf-iceberg-lettuce-blend,https://cdn0.woolworths.media/content/wowproductimages/medium/447755.jpg,2020-09-21 19:36:53,Average product rating out of 5: 3.7. Product score is based on 341 ratings,341,,True
d282a92c-1694-4df3-8699-dc65b351f658,Woolworths Supermarket,Fruit & Veg,Woolworths Fresh Carrots 1kg,135369,$1.20,$1.20 / 1KG,https://www.woolworths.com.au/shop/productdetails/135369/woolworths-fresh-carrots,https://cdn0.woolworths.media/content/wowproductimages/medium/135369.jpg,2020-09-21 19:36:53,,0,,True
4f4b349e-18a2-4748-8901-f006d87be6de,Woolworths Supermarket,Fruit & Veg,Select Continental Cucumbers each,137102,$2.00,,https://www.woolworths.com.au/shop/productdetails/137102/select-continental-cucumbers,https://cdn0.woolworths.media/content/wowproductimages/medium/137102.jpg,2020-09-21 19:36:53,,0,,True
c5591b64-7540-411b-994c-e52666ee33b3,Woolworths Supermarket,Fruit & Veg,Woolworths Baby Spinach Salad Bag 60g,379515,$2.00,$33.33 / 1KG,https://www.woolworths.com.au/shop/productdetails/379515/woolworths-baby-spinach-salad-bag,https://cdn0.woolworths.media/content/wowproductimages/medium/379515.jpg,2020-09-21 19:36:53,Average product rating out of 5: 4.7. Product score is based on 725 ratings,725,,True
759b9bb2-ef3d-4aa7-abcf-4312420e2083,Woolworths Supermarket,Fruit & Veg,Woolworths Gourmet Tomatoes 1kg,143730,$6.70,$6.70 / 1KG,https://www.woolworths.com.au/shop/productdetails/143730/woolworths-gourmet-tomatoes,https://cdn0.woolworths.media/content/wowproductimages/medium/143730.jpg,2020-09-21 19:36:53,,0,,True
48b0b451-789d-429b-b906-9cca3c759bce,Woolworths Supermarket,Fruit & Veg,Avocado Fresh 5 pack,594774,$7.50,$1.50 / 1EA,https://www.woolworths.com.au/shop/productdetails/594774/avocado-fresh,https://cdn0.woolworths.media/content/wowproductimages/medium/594774.jpg,2020-09-21 19:36:53,,0,,True
b4986c82-875a-4c58-b121-f3d17d5c10c1,Woolworths Supermarket,Fruit & Veg,Woolworths White Washed Baby Potatoes 1kg,385085,$3.50,,https://www.woolworths.com.au/shop/productdetails/385085/woolworths-white-washed-baby-potatoes,https://cdn0.woolworths.media/content/wowproductimages/medium/385085.jpg,2020-09-21 19:36:53,,0,,True
d587613c-3f6d-4648-8b8c-77eacc723f6e,Woolworths Supermarket,Fruit & Veg,Woolworths Qukes Baby Cucumbers Punnet 250g,169067,$3.00,$12.00 / 1KG,https://www.woolworths.com.au/shop/productdetails/169067/woolworths-qukes-baby-cucumbers-punnet,https://cdn0.woolworths.media/content/wowproductimages/medium/169067.jpg,2020-09-21 19:36:53,,0,,True
d388d3b9-26e0-45ca-8642-ead7ab9e96df,Woolworths Supermarket,Fruit & Veg,The Odd Bunch Lime Prepacked 500g,830354,$7.50,$15.00 / 1KG,https://www.woolworths.com.au/shop/productdetails/830354/the-odd-bunch-lime-prepacked,https://cdn0.woolworths.media/content/wowproductimages/medium/830354.jpg,2020-09-21 19:36:53,,0,,True
ea29c65b-ef0c-4657-a6dc-77c801a37386,Woolworths Supermarket,Fruit & Veg,Woolworths Beanette Pre Pack 400g punnet,105925,$2.50,$6.25 / 1KG,https://www.woolworths.com.au/shop/productdetails/105925/woolworths-beanette-pre-pack,https://cdn0.woolworths.media/content/wowproductimages/medium/105925.jpg,2020-09-21 19:36:53,Average product rating out of 5: 4.3. Product score is based on 219 ratings,219,,True
cee01319-fbdc-4381-8764-46c511b53565,Woolworths Supermarket,Fruit & Veg,Lebanese Cucumbers each,137130,$1.06,$1.06 / 1EA,https://www.woolworths.com.au/shop/productdetails/137130/lebanese-cucumbers,https://cdn0.woolworths.media/content/wowproductimages/medium/137130.jpg,2020-09-21 19:36:53,,0,,True
e733ae0d-1571-4ad5-98ea-f9b705d24174,Woolworths Supermarket,Fruit & Veg,Banana Organic each,306510,$0.70,$0.70 / 1EA,https://www.woolworths.com.au/shop/productdetails/306510/banana-organic,https://cdn0.woolworths.media/content/wowproductimages/medium/306510.jpg,2020-09-21 19:36:53,,0,,True
0184fe07-9abe-4ab2-9cc2-1d7227e5ab96,Woolworths Supermarket,Fruit & Veg,Passionfruit Fresh each,144795,$1.50,$1.50 / 1EA,https://www.woolworths.com.au/shop/productdetails/144795/passionfruit-fresh,https://cdn0.woolworths.media/content/wowproductimages/medium/144795.jpg,2020-09-21 19:36:53,,0,,True
a3dfac0e-e90e-4a26-843b-de2e25f26413,Woolworths Supermarket,Fruit & Veg,Iceberg Lettuce each,154340,$2.50,$2.50 / 1EA,https://www.woolworths.com.au/shop/productdetails/154340/iceberg-lettuce,https://cdn0.woolworths.media/content/wowproductimages/medium/154340.jpg,2020-09-21 19:36:53,,0,,True
cadc07ce-b88d-4b3b-890a-7355d23d3514,Woolworths Supermarket,Fruit & Veg,Macro Organic Carrots 750g,117381,$4.00,$5.33 / 1KG,https://www.woolworths.com.au/shop/productdetails/117381/macro-organic-carrots,https://cdn0.woolworths.media/content/wowproductimages/medium/117381.jpg,2020-09-21 19:36:53,Average product rating out of 5: 3.9. Product score is based on 290 ratings,290,,True
491cc5d2-1b62-4681-99ea-446bd78f49ed,Woolworths Supermarket,Fruit & Veg,Woolworths Gold Sweet Potatoes 1kg,156015,$4.50,$4.50 / 1KG,https://www.woolworths.com.au/shop/productdetails/156015/woolworths-gold-sweet-potatoes,https://cdn0.woolworths.media/content/wowproductimages/medium/156015.jpg,2020-09-21 19:36:53,,0,,True
b87a5f47-f5f8-41df-9237-072808be6537,Woolworths Supermarket,Fruit & Veg,Woolworths Brussels Sprouts per kg,134782,$13.50,$13.50 / 1KG,https://www.woolworths.com.au/shop/productdetails/134782/woolworths-brussels-sprouts,https://cdn0.woolworths.media/content/wowproductimages/medium/134782.jpg,2020-09-21 19:36:53,,0,,True
3f24be1a-5517-42a9-affc-fd8f05086669,Woolworths Supermarket,Fruit & Veg,Woolworths Green Seedless Grapes Bunch each,855186,$8.91,$8.91 / 1EA,https://www.woolworths.com.au/shop/productdetails/855186/woolworths-green-seedless-grapes-bunch,https://cdn0.woolworths.media/content/wowproductimages/medium/855186.jpg,2020-09-21 19:36:53,,0,,True
2e75909a-4b3d-4136-8d22-4762530ad9e3,Woolworths Supermarket,Fruit & Veg,Woolworths Classic Coleslaw 200g,531041,$2.00,$10.00 / 1KG,https://www.woolworths.com.au/shop/productdetails/531041/woolworths-classic-coleslaw,https://cdn0.woolworths.media/content/wowproductimages/medium/531041.jpg,2020-09-21 19:36:53,Average product rating out of 5: 4.2. Product score is based on 371 ratings,371,,True
b2c714ce-308d-4bb0-b58e-65bae0d5e0eb,Woolworths Supermarket,Fruit & Veg,The Odd Bunch Lemon Prepacked 500g,830353,$2.90,$5.80 / 1KG,https://www.woolworths.com.au/shop/productdetails/830353/the-odd-bunch-lemon-prepacked,https://cdn0.woolworths.media/content/wowproductimages/medium/830353.jpg,2020-09-21 19:36:53,,0,,True
8df8d0e7-9c0b-4da2-8ddf-40def2fd9a36,Woolworths Supermarket,Fruit & Veg,Lime Fresh each,245902,$2.39,$2.39 / 1EA,https://www.woolworths.com.au/shop/productdetails/245902/lime-fresh,https://cdn0.woolworths.media/content/wowproductimages/medium/245902.jpg,2020-09-21 19:36:53,,0,,True
354a6e27-ad2d-4fab-82a1-a942b9e553e6,Woolworths Supermarket,Fruit & Veg,Woolworths Mixed Baby Leaf Salad Mix 300g,447762,$5.00,$16.67 / 1KG,https://www.woolworths.com.au/shop/productdetails/447762/woolworths-mixed-baby-leaf-salad-mix,https://cdn0.woolworths.media/content/wowproductimages/medium/447762.jpg,2020-09-21 19:36:53,,0,,True
56b244b0-4771-45c4-bb47-ecdf87697c09,Woolworths Supermarket,Fruit & Veg,Zerella Fresh Spudlite Baby Potato Pack 750g,459369,$3.00,$4.00 / 1KG,https://www.woolworths.com.au/shop/productdetails/459369/zerella-fresh-spudlite-baby-potato-pack,https://cdn0.woolworths.media/content/wowproductimages/medium/459369.jpg,2020-09-21 19:36:53,,0,,True
176339fc-79df-41dc-ae39-4e793cad8094,Woolworths Supermarket,Fruit & Veg,Gourmet Garden Mixed Herbs Lightly Dried 8g sachet,476796,$3.50,$4.38 / 10G,https://www.woolworths.com.au/shop/productdetails/476796/gourmet-garden-mixed-herbs-lightly-dried,https://cdn0.woolworths.media/content/wowproductimages/medium/476796.jpg,2020-09-21 19:36:53,,0,,True
bc117c86-2c1f-4a83-9a28-7bdb2007a570,Woolworths Supermarket,Fruit & Veg,Delite Mandarin Seedless 700g prepack,509417,$3.50,$5.00 / 1KG,https://www.woolworths.com.au/shop/productdetails/509417/delite-mandarin-seedless,https://cdn0.woolworths.media/content/wowproductimages/medium/509417.jpg,2020-09-21 19:36:53,,0,,True
412cd7a3-8293-4c75-b673-c3069555441d,Woolworths Supermarket,Fruit & Veg,Woolworths Thai Style Salad Kit 315g,515547,$5.00,$1.59 / 100G,https://www.woolworths.com.au/shop/productdetails/515547/woolworths-thai-style-salad-kit,https://cdn0.woolworths.media/content/wowproductimages/medium/515547.jpg,2020-09-21 19:36:53,Average product rating out of 5: 4.1. Product score is based on 619 ratings,619,,True
e1a2f91a-b19c-4206-bbc5-184536ade768,Woolworths Supermarket,Fruit & Veg,Woolworths Simply Steam Zucchini Spaghetti 250G,515646,$3.00,$1.20 / 100G,https://www.woolworths.com.au/shop/productdetails/515646/woolworths-simply-steam-zucchini-spaghetti,https://cdn0.woolworths.media/content/wowproductimages/medium/515646.jpg,2020-09-21 19:36:53,Average product rating out of 5: 4.3. Product score is based on 11 ratings,11,,True
3c0babe7-f795-4af9-ad6c-6c826ba06241,Woolworths Supermarket,Fruit & Veg,Woolworths Simply Steam Cauliflower Rice 250g,515648,$3.50,$14.00 / 1KG,https://www.woolworths.com.au/shop/productdetails/515648/woolworths-simply-steam-cauliflower-rice,https://cdn0.woolworths.media/content/wowproductimages/medium/515648.jpg,2020-09-21 19:36:53,Average product rating out of 5: 4.2. Product score is based on 9 ratings,9,,True
cbd2266e-c54b-4498-ae99-b07438ac778e,Woolworths Supermarket,Fruit & Veg,Woolworths Fruit Platter 400g,515705,$5.00,$12.50 / 1KG,https://www.woolworths.com.au/shop/productdetails/515705/woolworths-fruit-platter,https://cdn0.woolworths.media/content/wowproductimages/medium/515705.jpg,2020-09-21 19:36:53,,0,,True
a87a679e-3c96-4bf7-be40-6e90d76b7987,Woolworths Supermarket,Fruit & Veg,Woolworths Baby Leaf Spinach 120g,524322,$3.00,$25.00 / 1KG,https://www.woolworths.com.au/shop/productdetails/524322/woolworths-baby-leaf-spinach,https://cdn0.woolworths.media/content/wowproductimages/medium/524322.jpg,2020-09-21 19:36:53,Average product rating out of 5: 4.7. Product score is based on 2842 ratings,2842,,True
2dc7b371-80ad-4c72-93e1-d912d69c9163,Woolworths Supermarket,Fruit & Veg,Woolworths Single Leaf Baby Spinach 280g,524336,$5.00,$17.86 / 1KG,https://www.woolworths.com.au/shop/productdetails/524336/woolworths-single-leaf-baby-spinach,https://cdn0.woolworths.media/content/wowproductimages/medium/524336.jpg,2020-09-21 19:36:53,Average product rating out of 5: 4.8. Product score is based on 532 ratings,532,,True
3036147b-4da2-4fb4-bc3b-d1b6e1be9255,Woolworths Supermarket,Fruit & Veg,Woolworths Classic Coleslaw 200g,531041,$2.00,$10.00 / 1KG,https://www.woolworths.com.au/shop/productdetails/531041/woolworths-classic-coleslaw,https://cdn0.woolworths.media/content/wowproductimages/medium/531041.jpg,2020-09-21 19:36:53,Average product rating out of 5: 4.2. Product score is based on 371 ratings,371,,True
3dafa9a8-c883-489e-8891-a6fd59576a33,Woolworths Supermarket,Fruit & Veg,Gourmet Garden Lightly Dried Chives 4g,555398,$3.50,$8.75 / 10G,https://www.woolworths.com.au/shop/productdetails/555398/gourmet-garden-lightly-dried-chives,https://cdn0.woolworths.media/content/wowproductimages/medium/555398.jpg,2020-09-21 19:36:53,,0,,True
cc92c05f-7a52-44eb-803e-06d838213a6e,Woolworths Supermarket,Fruit & Veg,Woolworths Cook Cauliflower Broccoli & Carrot With Herb Butter 200g,583617,$4.50,$22.50 / 1KG,https://www.woolworths.com.au/shop/productdetails/583617/woolworths-cook-cauliflower-broccoli-carrot-with-herb-butter,https://cdn0.woolworths.media/content/wowproductimages/medium/583617.jpg,2020-09-21 19:36:53,Average product rating out of 5: 3.6. Product score is based on 147 ratings,147,,True
f89624ec-6533-44e0-a7d6-230ea81ac1ce,Woolworths Supermarket,Fruit & Veg,Woolworths Fresh Food Kids Mini Apples 5 pack,588064,$2.50,$0.50 / 1EA,https://www.woolworths.com.au/shop/productdetails/588064/woolworths-fresh-food-kids-mini-apples,https://cdn0.woolworths.media/content/wowproductimages/medium/588064.jpg,2020-09-21 19:36:53,Average product rating out of 5: 4.3. Product score is based on 521 ratings,521,,True
2660c94c-a1b2-410e-b2c2-d93cb336a51a,Woolworths Supermarket,Fruit & Veg,Woolworths Fresh Food Kids Mini Pears 5 pack,588302,$2.50,$0.50 / 1EA,https://www.woolworths.com.au/shop/productdetails/588302/woolworths-fresh-food-kids-mini-pears,https://cdn0.woolworths.media/content/wowproductimages/medium/588302.jpg,2020-09-21 19:36:53,Average product rating out of 5: 4.2. Product score is based on 465 ratings,465,,True
e861d9b6-687d-448e-88ac-6a112fa35061,Woolworths Supermarket,Fruit & Veg,Gourmet Garden Mint Lightly Dried 5g,593297,$3.50,$7.00 / 10G,https://www.woolworths.com.au/shop/productdetails/593297/gourmet-garden-mint-lightly-dried,https://cdn0.woolworths.media/content/wowproductimages/medium/593297.jpg,2020-09-21 19:36:53,,0,,True
45e0bdcf-0b10-450b-bea0-5caba255e15f,Woolworths Supermarket,Fruit & Veg,Gourmet Garden Oregano Lightly Dried 5g,593301,$3.50,$7.00 / 10G,https://www.woolworths.com.au/shop/productdetails/593301/gourmet-garden-oregano-lightly-dried,https://cdn0.woolworths.media/content/wowproductimages/medium/593301.jpg,2020-09-21 19:36:53,,0,,True
53526ccc-68a9-461d-b9b1-2fe1efd9f8cc,Woolworths Supermarket,Fruit & Veg,Avocado Fresh 5 pack,594774,$7.50,$1.50 / 1EA,https://www.woolworths.com.au/shop/productdetails/594774/avocado-fresh,https://cdn0.woolworths.media/content/wowproductimages/medium/594774.jpg,2020-09-21 19:36:53,,0,,True
a694bf7d-d06c-4d36-9fff-42049e408172,Woolworths Supermarket,Fruit & Veg,Zespri Kiwi Fruit Gold 500g punnet,621085,$5.90,$11.80 / 1KG,https://www.woolworths.com.au/shop/productdetails/621085/zespri-kiwi-fruit-gold,https://cdn0.woolworths.media/content/wowproductimages/medium/621085.jpg,2020-09-21 19:36:53,,0,,True
07ae1ab2-1599-43bc-9baa-40dc7b70297d,Woolworths Supermarket,Fruit & Veg,Woolworths Shredded Iceberg Lettuce 200g,638009,$2.00,$10.00 / 1KG,https://www.woolworths.com.au/shop/productdetails/638009/woolworths-shredded-iceberg-lettuce,https://cdn0.woolworths.media/content/wowproductimages/medium/638009.jpg,2020-09-21 19:36:53,,0,,True
bb3a5bc6-2d3b-4307-922c-42f03e86b384,Woolworths Supermarket,Fruit & Veg,Woolworths Fresh Food Kids Mini Mandarins 5 pack,649090,$2.90,$0.58 / 1EA,https://www.woolworths.com.au/shop/productdetails/649090/woolworths-fresh-food-kids-mini-mandarins,https://cdn0.woolworths.media/content/wowproductimages/medium/649090.jpg,2020-09-21 19:36:53,,0,,True
8f8cecb7-91cc-41d8-a38e-2407d61ef8e1,Woolworths Supermarket,Fruit & Veg,Macro Organic Coleslaw & Kale Slaw Kit 250g,651491,$4.90,$19.60 / 1KG,https://www.woolworths.com.au/shop/productdetails/651491/macro-organic-coleslaw-kale-slaw-kit,https://cdn0.woolworths.media/content/wowproductimages/medium/651491.jpg,2020-09-21 19:36:53,Average product rating out of 5: 4.1. Product score is based on 224 ratings,224,,True
098318e5-ac85-49e5-ad22-d203d3ca9931,Woolworths Supermarket,Fruit & Veg,Fresh Corella Pear 750g,668580,$3.90,$5.20 / 1KG,https://www.woolworths.com.au/shop/productdetails/668580/fresh-corella-pear,https://cdn0.woolworths.media/content/wowproductimages/medium/668580.jpg,2020-09-21 19:36:53,,0,,True
de3e31a8-fa09-4784-ac1d-1e616d48add0,Woolworths Supermarket,Fruit & Veg,Birch & Waite Milk Chocolate Dessert Sauce 130g,669459,$2.70,$20.77 / 1KG,https://www.woolworths.com.au/shop/productdetails/669459/birch-waite-milk-chocolate-dessert-sauce,https://cdn0.woolworths.media/content/wowproductimages/medium/669459.jpg,2020-09-21 19:36:53,,0,,True
9c7189b7-f753-4ada-b2ef-98ff7d5382a4,Woolworths Supermarket,Fruit & Veg,Macro Organic Sweet Potato 500g,692906,$6.00,$12.00 / 1KG,https://www.woolworths.com.au/shop/productdetails/692906/macro-organic-sweet-potato,https://cdn0.woolworths.media/content/wowproductimages/medium/692906.jpg,2020-09-21 19:36:53,,0,,True
0ace6a7c-bcf3-4ddc-afd7-2bd48498a715,Woolworths Supermarket,Fruit & Veg,Lemon Fresh 500g,693501,$3.90,$7.80 / 1KG,https://www.woolworths.com.au/shop/productdetails/693501/lemon-fresh,https://cdn0.woolworths.media/content/wowproductimages/medium/693501.jpg,2020-09-21 19:36:53,,0,,True
5eb83032-7e07-4e65-b8cc-a4363cc3f168,Woolworths Supermarket,Fruit & Veg,Woolworths American Style Coleslaw Kit 450g,702151,$4.00,$8.89 / 1KG,https://www.woolworths.com.au/shop/productdetails/702151/woolworths-american-style-coleslaw-kit,https://cdn0.woolworths.media/content/wowproductimages/medium/702151.jpg,2020-09-21 19:36:53,Average product rating out of 5: 4.0. Product score is based on 278 ratings,278,,True
6e8a577a-e2e8-4d3a-9a1d-8be7d5945a98,Woolworths Supermarket,Fruit & Veg,Woolworths Rainbow Coleslaw 300g,702156,$3.00,$10.00 / 1KG,https://www.woolworths.com.au/shop/productdetails/702156/woolworths-rainbow-coleslaw,https://cdn0.woolworths.media/content/wowproductimages/medium/702156.jpg,2020-09-21 19:36:53,,0,,True
e22cb180-6ffe-431c-b93f-e8fc46411a66,Woolworths Supermarket,Fruit & Veg,Woolworths Creamy & Crunchy Salad Kit 270g,703808,$5.50,$20.37 / 1KG,https://www.woolworths.com.au/shop/productdetails/703808/woolworths-creamy-crunchy-salad-kit,https://cdn0.woolworths.media/content/wowproductimages/medium/703808.jpg,2020-09-21 19:36:53,Average product rating out of 5: 4.2. Product score is based on 468 ratings,468,,True
0a74c2fb-181b-4630-8acb-e634d8232051,Woolworths Supermarket,Fruit & Veg,Woolworths Kaleslaw Kit 350g,705436,$5.00,$14.29 / 1KG,https://www.woolworths.com.au/shop/productdetails/705436/woolworths-kaleslaw-kit,https://cdn0.woolworths.media/content/wowproductimages/medium/705436.jpg,2020-09-21 19:36:53,Average product rating out of 5: 4.3. Product score is based on 264 ratings,264,,True
20130ba8-310e-4e6b-a3bf-1555b4b099f8,Woolworths Supermarket,Fruit & Veg,Woolworths Mixed Leaf - Baby Spinach & Rocket 120g,705439,$3.00,$25.00 / 1KG,https://www.woolworths.com.au/shop/productdetails/705439/woolworths-mixed-leaf-baby-spinach-rocket,https://cdn0.woolworths.media/content/wowproductimages/medium/705439.jpg,2020-09-21 19:36:53,,0,,True
9bbd2feb-4527-42f0-89a1-46b32fe540d9,Woolworths Supermarket,Fruit & Veg,Gourmet Garden Herb Lightly Dried Garlic 10g,706414,$3.50,$3.50 / 10G,https://www.woolworths.com.au/shop/productdetails/706414/gourmet-garden-herb-lightly-dried-garlic,https://cdn0.woolworths.media/content/wowproductimages/medium/706414.jpg,2020-09-21 19:36:53,,0,,True
3125d882-c425-4a01-987f-83efec0d01be,Woolworths Supermarket,Fruit & Veg,Gourmet Garden Garlic Cold Blended Paste Tube 120g,706450,$4.50,$0.38 / 10G,https://www.woolworths.com.au/shop/productdetails/706450/gourmet-garden-garlic-cold-blended-paste-tube,https://cdn0.woolworths.media/content/wowproductimages/medium/706450.jpg,2020-09-21 19:36:53,,0,,True
0f6e4dd1-f167-4f2b-8658-da82a0d7bc3e,Woolworths Supermarket,Fruit & Veg,Select Thai Basil Fresh Herbs 15g punnet,707363,$3.00,$2.00 / 10G,https://www.woolworths.com.au/shop/productdetails/707363/select-thai-basil-fresh-herbs,https://cdn0.woolworths.media/content/wowproductimages/medium/707363.jpg,2020-09-21 19:36:53,,0,2 for $5.00,True
ffd411c2-f33c-4835-8a83-8aefa77704d9,Woolworths Supermarket,Fruit & Veg,Woolworths Green Basil Fresh Herb 15g punnet,707364,$3.00,$2.00 / 10G,https://www.woolworths.com.au/shop/productdetails/707364/woolworths-green-basil-fresh-herb,https://cdn0.woolworths.media/content/wowproductimages/medium/707364.jpg,2020-09-21 19:36:53,,0,2 for $5.00,True
e1eadd4e-88b6-47f9-a89a-e6a016d7b8e2,Woolworths Supermarket,Fruit & Veg,Woolworths Dill Fresh Herb 15g,707365,$3.00,$2.00 / 10G,https://www.woolworths.com.au/shop/productdetails/707365/woolworths-dill-fresh-herb,https://cdn0.woolworths.media/content/wowproductimages/medium/707365.jpg,2020-09-21 19:36:53,,0,2 for $5.00,True
73953a63-fc60-481a-8b63-ab337d990f0c,Woolworths Supermarket,Fruit & Veg,Woolworths Lemon Thyme Fresh Herb Punnet 10g,707366,$3.00,$3.00 / 10G,https://www.woolworths.com.au/shop/productdetails/707366/woolworths-lemon-thyme-fresh-herb-punnet,https://cdn0.woolworths.media/content/wowproductimages/medium/707366.jpg,2020-09-21 19:36:53,,0,2 for $5.00,True
d2df88e9-5919-4a76-bbe8-3b7c24ae6886,Woolworths Supermarket,Fruit & Veg,Woolworths Thyme Fresh Herb 10g punnet,707367,$3.00,$3.00 / 10G,https://www.woolworths.com.au/shop/productdetails/707367/woolworths-thyme-fresh-herb,https://cdn0.woolworths.media/content/wowproductimages/medium/707367.jpg,2020-09-21 19:36:53,,0,2 for $5.00,True
ea747a58-84eb-4697-97de-fd2eb1fb1f79,Woolworths Supermarket,Fruit & Veg,Woolworths Sage Fresh Herb 10g punnet,707369,$3.00,$3.00 / 10G,https://www.woolworths.com.au/shop/productdetails/707369/woolworths-sage-fresh-herb,https://cdn0.woolworths.media/content/wowproductimages/medium/707369.jpg,2020-09-21 19:36:53,,0,2 for $5.00,True
e6b26833-26ad-4e9e-90dc-dc5cf49f9fca,Woolworths Supermarket,Fruit & Veg,Woolworths Oregano Fresh Herb 10g punnet,707371,$3.00,$3.00 / 10G,https://www.woolworths.com.au/shop/productdetails/707371/woolworths-oregano-fresh-herb,https://cdn0.woolworths.media/content/wowproductimages/medium/707371.jpg,2020-09-21 19:36:53,,0,2 for $5.00,True
e8c6c358-1b5f-4d64-8a91-45706ee3e104,Woolworths Supermarket,Fruit & Veg,Woolworths Kaffir Lime Leaf Fresh Herb 10g punnet,707373,$3.00,$3.00 / 10G,https://www.woolworths.com.au/shop/productdetails/707373/woolworths-kaffir-lime-leaf-fresh-herb,https://cdn0.woolworths.media/content/wowproductimages/medium/707373.jpg,2020-09-21 19:36:53,,0,2 for $5.00,True
6616fbbc-3cb6-4ee8-aece-15edcea9de83,Woolworths Supermarket,Fruit & Veg,Woolworths Chives Fresh Herb 10g punnet,707374,$3.00,$3.00 / 10G,https://www.woolworths.com.au/shop/productdetails/707374/woolworths-chives-fresh-herb,https://cdn0.woolworths.media/content/wowproductimages/medium/707374.jpg,2020-09-21 19:36:53,,0,2 for $5.00,True
3bfa3728-6840-4f9b-b7c3-57736bf512d4,Woolworths Supermarket,Fruit & Veg,Woolworths Garlic Head each,713429,$1.00,$1.00 / 1EA,https://www.woolworths.com.au/shop/productdetails/713429/woolworths-garlic-head,https://cdn0.woolworths.media/content/wowproductimages/medium/713429.jpg,2020-09-21 19:36:53,,0,,True
bc4f4b4e-853c-40ea-812b-d26dcd424271,Woolworths Supermarket,Fruit & Veg,Woolworths Leafy Mix 200g,714823,$3.00,$15.00 / 1KG,https://www.woolworths.com.au/shop/productdetails/714823/woolworths-leafy-mix,https://cdn0.woolworths.media/content/wowproductimages/medium/714823.jpg,2020-09-21 19:36:53,Average product rating out of 5: 4.6. Product score is based on 599 ratings,599,,True
b1ad9811-d6c9-4add-a298-90c63edc311c,Woolworths Supermarket,Fruit & Veg,Macro Certified Organic Baby Spinach 100g,717237,$4.00,$40.00 / 1KG,https://www.woolworths.com.au/shop/productdetails/717237/macro-certified-organic-baby-spinach,https://cdn0.woolworths.media/content/wowproductimages/medium/717237.jpg,2020-09-21 19:36:53,,0,,True
acb5bed7-8f4a-422c-b6b5-2655f5afb43d,Woolworths Supermarket,Fruit & Veg,Macro Certified Organic Salad Mix 100g,717238,$3.80,$38.00 / 1KG,https://www.woolworths.com.au/shop/productdetails/717238/macro-certified-organic-salad-mix,https://cdn0.woolworths.media/content/wowproductimages/medium/717238.jpg,2020-09-21 19:36:53,,0,,True
ad588601-67bc-4053-8771-243e6c8c82af,Woolworths Supermarket,Fruit & Veg,Select Lettuce Oakleaf Combo each,721337,$2.90,$2.90 / 1EA,https://www.woolworths.com.au/shop/productdetails/721337/select-lettuce-oakleaf-combo,https://cdn0.woolworths.media/content/wowproductimages/medium/721337.jpg,2020-09-21 19:36:53,,0,,True
eb948efe-e979-4687-b293-ceeff61200cd,Woolworths Supermarket,Fruit & Veg,Woolworths Pack Mixed Fruit 1kg punnet,727432,$4.50,$4.50 / 1KG,https://www.woolworths.com.au/shop/productdetails/727432/woolworths-pack-mixed-fruit,https://cdn0.woolworths.media/content/wowproductimages/medium/727432.jpg,2020-09-21 19:36:53,,0,,True
00980cfc-899b-4b94-a242-690317deb0b0,Woolworths Supermarket,Fruit & Veg,Select Continental Cucumbers each,137102,$2.00,,https://www.woolworths.com.au/shop/productdetails/137102/select-continental-cucumbers,https://cdn0.woolworths.media/content/wowproductimages/medium/137102.jpg,2020-09-21 19:36:53,,0,,True
9aaae16e-9af7-457a-9ae9-64df9abdcac9,Woolworths Supermarket,Fruit & Veg,Select Fresh Pink Lady Apples 1kg,310968,$5.50,$5.50 / 1KG,https://www.woolworths.com.au/shop/productdetails/310968/select-fresh-pink-lady-apples,https://cdn0.woolworths.media/content/wowproductimages/medium/310968.jpg,2020-09-21 19:36:53,,0,,True
43db8b86-e468-4583-9a3c-36b8d919938a,Woolworths Supermarket,Fruit & Veg,Cavendish Bananas EACH,133211,$0.63,$0.63 / 1KG,https://www.woolworths.com.au/shop/productdetails/133211/cavendish-bananas,https://cdn0.woolworths.media/content/wowproductimages/medium/133211.jpg,2020-09-21 19:36:53,,0,,True
91a2b296-1947-452e-81ff-20253db97a19,Woolworths Supermarket,Fruit & Veg,Fresh Strawberry 250g,144607,$1.70,$6.80 / 1KG,https://www.woolworths.com.au/shop/productdetails/144607/fresh-strawberry,https://cdn0.woolworths.media/content/wowproductimages/medium/144607.jpg,2020-09-21 19:36:53,,0,,True
ca75b084-88d4-41f3-9e8a-d71fbe0fe8dd,Woolworths Supermarket,Fruit & Veg,Pumpkin Kent Cut Each,143709,$2.45,$2.45 / 1KG,https://www.woolworths.com.au/shop/productdetails/143709/pumpkin-kent-cut,https://cdn0.woolworths.media/content/wowproductimages/medium/143709.jpg,2020-09-21 19:36:53,,0,,True
80114d9c-4e1a-4378-b6be-c84cb3e00fca,Woolworths Supermarket,Fruit & Veg,Woolworths Red Seedless Watermelon Quarter each,120384,$5.95,$5.95 / 1EA,https://www.woolworths.com.au/shop/productdetails/120384/woolworths-red-seedless-watermelon-quarter,https://cdn0.woolworths.media/content/wowproductimages/medium/120384.jpg,2020-09-21 19:36:53,,0,,True
6f34b793-eee0-4d83-8913-241c31f7939d,Woolworths Supermarket,Fruit & Veg,Hass Avocado each,120080,$2.60,$2.60 / 1EA,https://www.woolworths.com.au/shop/productdetails/120080/hass-avocado,https://cdn0.woolworths.media/content/wowproductimages/medium/120080.jpg,2020-09-21 19:36:53,,0,,True
7632e3dd-5874-45e3-ba4d-e956a1e1d566,Woolworths Supermarket,Fruit & Veg,Iceberg Lettuce each,154340,$2.50,$2.50 / 1EA,https://www.woolworths.com.au/shop/productdetails/154340/iceberg-lettuce,https://cdn0.woolworths.media/content/wowproductimages/medium/154340.jpg,2020-09-21 19:36:53,,0,,True
2d7cd8fc-b499-4576-8804-487d31809602,Woolworths Supermarket,Fruit & Veg,Woolworths Fresh Carrots 1kg,135369,$1.20,$1.20 / 1KG,https://www.woolworths.com.au/shop/productdetails/135369/woolworths-fresh-carrots,https://cdn0.woolworths.media/content/wowproductimages/medium/135369.jpg,2020-09-21 19:36:53,,0,,True
e9df37b4-d2b5-40ae-a1ac-1a37736e2115,Woolworths Supermarket,Fruit & Veg,Woolworths Broccolini Bunch each,187314,$2.90,$2.90 / 1EA,https://www.woolworths.com.au/shop/productdetails/187314/woolworths-broccolini-bunch,https://cdn0.woolworths.media/content/wowproductimages/medium/187314.jpg,2020-09-21 19:36:53,,0,,True
05eacfd2-ecae-4434-bf43-cc7d5fc08a87,Woolworths Supermarket,Fruit & Veg,Fresh Broccoli each,134681,$0.83,$0.83 / 1EA,https://www.woolworths.com.au/shop/productdetails/134681/fresh-broccoli,https://cdn0.woolworths.media/content/wowproductimages/medium/134681.jpg,2020-09-21 19:36:53,,0,,True
d47b059a-790f-4633-a115-e5290cdb20ee,Woolworths Supermarket,Fruit & Veg,Red Capsicum EACH,135306,$2.67,$2.67 / 1KG,https://www.woolworths.com.au/shop/productdetails/135306/red-capsicum,https://cdn0.woolworths.media/content/wowproductimages/medium/135306.jpg,2020-09-21 19:36:53,,0,,True
2aa61b26-62a9-4564-95c5-924111758519,Woolworths Supermarket,Fruit & Veg,Woolworths Brown Onion 1kg,144336,$2.50,$2.50 / 1KG,https://www.woolworths.com.au/shop/productdetails/144336/woolworths-brown-onion,https://cdn0.woolworths.media/content/wowproductimages/medium/144336.jpg,2020-09-21 19:36:53,,0,,True
25d57b94-d693-44da-a672-1dd3623dc583,Woolworths Supermarket,Fruit & Veg,Fresh Whole Cauliflower each,135552,$2.40,$2.40 / 1EA,https://www.woolworths.com.au/shop/productdetails/135552/fresh-whole-cauliflower,https://cdn0.woolworths.media/content/wowproductimages/medium/135552.jpg,2020-09-21 19:36:53,,0,,True
3e8dea67-5ab4-4436-85da-689d05d864a7,Woolworths Supermarket,Fruit & Veg,Fresh Blueberries 125g,169792,$3.00,$24.00 / 1KG,https://www.woolworths.com.au/shop/productdetails/169792/fresh-blueberries,https://cdn0.woolworths.media/content/wowproductimages/medium/169792.jpg,2020-09-21 19:36:53,,0,,True
bb2b2e60-2e22-4539-b72d-497ae7152db2,Woolworths Supermarket,Fruit & Veg,Green Zucchini Each,170225,$1.18,$1.18 / 1KG,https://www.woolworths.com.au/shop/productdetails/170225/green-zucchini,https://cdn0.woolworths.media/content/wowproductimages/medium/170225.jpg,2020-09-21 19:36:53,,0,,True
285fe479-4a11-45c6-9fd5-9936f608b407,Woolworths Supermarket,Fruit & Veg,Fresh Tomato each,134034,$0.76,$0.76 / 1EA,https://www.woolworths.com.au/shop/productdetails/134034/fresh-tomato,https://cdn0.woolworths.media/content/wowproductimages/medium/134034.jpg,2020-09-21 19:36:53,,0,,True
f0936817-2674-416d-b363-e6876b0375bf,Woolworths Supermarket,Fruit & Veg,Spring Onion Eschallot bunch,147603,$2.50,$2.50 / 1EA,https://www.woolworths.com.au/shop/productdetails/147603/spring-onion-eschallot,https://cdn0.woolworths.media/content/wowproductimages/medium/147603.jpg,2020-09-21 19:36:53,,0,,True
ff673519-9fa2-45be-baa0-a820e4b97a9d,Woolworths Supermarket,Fruit & Veg,Potato Sweet Gold Premium per kg,147071,$4.90,$4.90 / 1KG,https://www.woolworths.com.au/shop/productdetails/147071/potato-sweet-gold-premium,https://cdn0.woolworths.media/content/wowproductimages/medium/147071.jpg,2020-09-21 19:36:53,,0,,True
e7556083-45c4-4c0e-bc5f-7cdcdf7ec549,Woolworths Supermarket,Fruit & Veg,Capsicum Green EACH,135156,$1.73,$1.73 / 1KG,https://www.woolworths.com.au/shop/productdetails/135156/capsicum-green,https://cdn0.woolworths.media/content/wowproductimages/medium/135156.jpg,2020-09-21 19:36:53,,0,,True
fcdab0b1-3b3d-4abc-abd6-3e32f1208eb8,Woolworths Supermarket,Fruit & Veg,Mulgowie Green Beans Cleaned & Cut 340g,730118,$4.90,$14.41 / 1KG,https://www.woolworths.com.au/shop/productdetails/730118/mulgowie-green-beans-cleaned-cut,https://cdn0.woolworths.media/content/wowproductimages/medium/730118.jpg,2020-09-21 19:36:53,,0,,True
97f7484b-907a-4460-9ca8-6b6ba16be8f6,Woolworths Supermarket,Fruit & Veg,Mandarin Delite Seedless each,731091,$0.42,$0.42 / 1EA,https://www.woolworths.com.au/shop/productdetails/731091/mandarin-delite-seedless,https://cdn0.woolworths.media/content/wowproductimages/medium/731091.jpg,2020-09-21 19:36:53,,0,,True
c6f29e4e-c295-42be-848d-409ce0a5768a,Woolworths Supermarket,Fruit & Veg,Woolworths Carrot Mini 500g,742824,$1.50,$3.00 / 1KG,https://www.woolworths.com.au/shop/productdetails/742824/woolworths-carrot-mini,https://cdn0.woolworths.media/content/wowproductimages/medium/742824.jpg,2020-09-21 19:36:53,,0,,True
ea944562-13e3-4a83-9dbc-1771918af78b,Woolworths Supermarket,Fruit & Veg,Woolworths Asian Style Salad Kit Salad Kit 350g,743361,$5.00,$14.29 / 1KG,https://www.woolworths.com.au/shop/productdetails/743361/woolworths-asian-style-salad-kit-salad-kit,https://cdn0.woolworths.media/content/wowproductimages/medium/743361.jpg,2020-09-21 19:36:53,,0,,True
287f750d-1571-44b8-becd-ade58f01ac91,Woolworths Supermarket,Fruit & Veg,Select Truss Cocktail Tomato 250g,747009,$4.50,$18.00 / 1KG,https://www.woolworths.com.au/shop/productdetails/747009/select-truss-cocktail-tomato,https://cdn0.woolworths.media/content/wowproductimages/medium/747009.jpg,2020-09-21 19:36:53,,0,,True
401fcc32-4c7e-4491-907a-9916d94d313a,Woolworths Supermarket,Fruit & Veg,Woolworths Potato Mini Microwavable White 500g,757488,$2.00,$4.00 / 1KG,https://www.woolworths.com.au/shop/productdetails/757488/woolworths-potato-mini-microwavable-white,https://cdn0.woolworths.media/content/wowproductimages/medium/757488.jpg,2020-09-21 19:36:53,,0,,True
69de642a-d6ab-4ee0-bac0-af6684c6e29d,Woolworths Supermarket,Fruit & Veg,Select Gourmet Tomatoes 480g punnet,759911,$4.90,$10.21 / 1KG,https://www.woolworths.com.au/shop/productdetails/759911/select-gourmet-tomatoes,https://cdn0.woolworths.media/content/wowproductimages/medium/759911.jpg,2020-09-21 19:36:53,,0,,True
112da34d-2421-428e-b0c7-5a96ce19d6bc,Woolworths Supermarket,Fruit & Veg,Woolworths Garden Salad Bowl 150g,760466,$5.00,$33.33 / 1KG,https://www.woolworths.com.au/shop/productdetails/760466/woolworths-garden-salad-bowl,https://cdn0.woolworths.media/content/wowproductimages/medium/760466.jpg,2020-09-21 19:36:53,Average product rating out of 5: 3.7. Product score is based on 435 ratings,435,,True
383911fc-6212-4e58-ac09-2c168919ab09,Woolworths Supermarket,Fruit & Veg,Woolworths Caesar Salad Bowl 120g,760663,$5.00,$41.67 / 1KG,https://www.woolworths.com.au/shop/productdetails/760663/woolworths-caesar-salad-bowl,https://cdn0.woolworths.media/content/wowproductimages/medium/760663.jpg,2020-09-21 19:36:53,,0,,True
9481d7d0-d89b-4b98-a4dc-c07499b69a0f,Woolworths Supermarket,Fruit & Veg,Woolworths Greek Salad Bowl 150g,760674,$5.50,$36.67 / 1KG,https://www.woolworths.com.au/shop/productdetails/760674/woolworths-greek-salad-bowl,https://cdn0.woolworths.media/content/wowproductimages/medium/760674.jpg,2020-09-21 19:36:53,Average product rating out of 5: 3.5. Product score is based on 343 ratings,343,,True
a7ade286-f501-4fc7-90ee-f74c7cefca20,Woolworths Supermarket,Fruit & Veg,Woolworths Asian Salad With Crunchy Noodles Bowl 150g,760835,$5.00,$33.33 / 1KG,https://www.woolworths.com.au/shop/productdetails/760835/woolworths-asian-salad-with-crunchy-noodles-bowl,https://cdn0.woolworths.media/content/wowproductimages/medium/760835.jpg,2020-09-21 19:36:53,,0,,True
ac073070-f57d-40a9-b7e6-4c8e726f7e7e,Woolworths Supermarket,Fruit & Veg,Woolworths Kiwi Fruit Green 8 pack,760907,$5.00,$0.63 / 1EA,https://www.woolworths.com.au/shop/productdetails/760907/woolworths-kiwi-fruit-green,https://cdn0.woolworths.media/content/wowproductimages/medium/760907.jpg,2020-09-21 19:36:53,,0,,True
be04635c-3ed6-43b5-9b84-a54adfd73656,Woolworths Supermarket,Fruit & Veg,Envy Apple each,761414,$1.14,$1.14 / 1EA,https://www.woolworths.com.au/shop/productdetails/761414/envy-apple,https://cdn0.woolworths.media/content/wowproductimages/medium/761414.jpg,2020-09-21 19:36:53,,0,,True
2a637c5b-f2ad-4217-a05b-ceca4dae845d,Woolworths Supermarket,Fruit & Veg,Kent Pumpkin Cleaned & Trimmed 500G PUNNET,762469,$4.00,$8.00 / 1KG,https://www.woolworths.com.au/shop/productdetails/762469/kent-pumpkin-cleaned-trimmed,https://cdn0.woolworths.media/content/wowproductimages/medium/762469.jpg,2020-09-21 19:36:53,,0,,True
d8c4111c-190d-4533-97ab-852270ac045a,Woolworths Supermarket,Fruit & Veg,Pumpkin Butternut Cleaned & Trimmed 500G,762470,$4.00,$8.00 / 1KG,https://www.woolworths.com.au/shop/productdetails/762470/pumpkin-butternut-cleaned-trimmed,https://cdn0.woolworths.media/content/wowproductimages/medium/762470.jpg,2020-09-21 19:36:53,,0,,True
85fd653a-ad56-4765-b810-88bf927937fe,Woolworths Supermarket,Fruit & Veg,Macro Sebago Organic Potato 1kg punnet,769064,,,https://www.woolworths.com.au/shop/productdetails/769064/macro-sebago-organic-potato,https://cdn0.woolworths.media/content/wowproductimages/medium/769064.jpg,2020-09-21 19:36:53,,0,,False
a780807e-14cd-4eeb-8588-ca32bfb43897,Woolworths Supermarket,Fruit & Veg,The Odd Bunch Avocado Prepacked 1kg,775369,$9.00,$9.00 / 1KG,https://www.woolworths.com.au/shop/productdetails/775369/the-odd-bunch-avocado-prepacked,https://cdn0.woolworths.media/content/wowproductimages/medium/775369.jpg,2020-09-21 19:36:53,,0,,True
3931e6d1-734a-455a-a611-a112760ab4f8,Woolworths Supermarket,Fruit & Veg,Woolworths Whole Fresh Beetroot 250g pack,780371,$3.00,$12.00 / 1KG,https://www.woolworths.com.au/shop/productdetails/780371/woolworths-whole-fresh-beetroot,https://cdn0.woolworths.media/content/wowproductimages/medium/780371.jpg,2020-09-21 19:36:53,Average product rating out of 5: 4.0. Product score is based on 567 ratings,567,,True
3658a0e9-9037-41a5-b2ac-318e2dec5f00,Woolworths Supermarket,Fruit & Veg,Woolworths Whole Fresh Beetroot 500g punnet,780372,$5.00,$10.00 / 1KG,https://www.woolworths.com.au/shop/productdetails/780372/woolworths-whole-fresh-beetroot,https://cdn0.woolworths.media/content/wowproductimages/medium/780372.jpg,2020-09-21 19:36:53,,0,,True
06d0315c-6727-46a0-8f2f-4ff585c0e5fc,Woolworths Supermarket,Fruit & Veg,Gourmet Garden Coriander Lightly Dried 8g sachet,781395,$3.50,$4.38 / 10G,https://www.woolworths.com.au/shop/productdetails/781395/gourmet-garden-coriander-lightly-dried,https://cdn0.woolworths.media/content/wowproductimages/medium/781395.jpg,2020-09-21 19:36:53,,0,,True
6c8b02d5-13bc-4be1-bc08-abe6ce8ae3f4,Woolworths Supermarket,Fruit & Veg,Gourmet Garden Basil Lightly Dried 10g sachet,781401,$3.50,$3.50 / 10G,https://www.woolworths.com.au/shop/productdetails/781401/gourmet-garden-basil-lightly-dried,https://cdn0.woolworths.media/content/wowproductimages/medium/781401.jpg,2020-09-21 19:36:53,,0,,True
d168ac6a-97ad-47d7-b0d1-b12c23f0e64e,Woolworths Supermarket,Fruit & Veg,Gourmet Garden Parsley Lightly Dried 8g sachet,781403,$3.50,$4.38 / 10G,https://www.woolworths.com.au/shop/productdetails/781403/gourmet-garden-parsley-lightly-dried,https://cdn0.woolworths.media/content/wowproductimages/medium/781403.jpg,2020-09-21 19:36:53,,0,,True
cd4a315a-4251-4435-8cca-c38901d13936,Woolworths Supermarket,Fruit & Veg,Fresh Beurre Bosc Pear 750g punnet,784073,$2.90,$3.87 / 1KG,https://www.woolworths.com.au/shop/productdetails/784073/fresh-beurre-bosc-pear,https://cdn0.woolworths.media/content/wowproductimages/medium/784073.jpg,2020-09-21 19:36:53,,0,,True
538cb50c-0a9a-4c0b-a33d-c81228d69f6e,Woolworths Supermarket,Fruit & Veg,Mutti Mutti Whole Peeled Tomatoes 400g,795621,$1.60,$4.00 / 1KG,https://www.woolworths.com.au/shop/productdetails/795621/mutti-mutti-whole-peeled-tomatoes,https://cdn0.woolworths.media/content/wowproductimages/medium/795621.jpg,2020-09-21 19:36:53,,0,,True
33adacb2-15f4-4bf6-bee7-edd4524aeef6,Woolworths Supermarket,Fruit & Veg,Gourmet Garden Chilli Lightly Dried 10g sachet,798100,$3.50,$3.50 / 10G,https://www.woolworths.com.au/shop/productdetails/798100/gourmet-garden-chilli-lightly-dried,https://cdn0.woolworths.media/content/wowproductimages/medium/798100.jpg,2020-09-21 19:36:53,,0,,True
41c06ae7-96f3-456f-a8bc-9ea119ce83d5,Woolworths Supermarket,Fruit & Veg,The Odd Bunch Apples Prepacked 1kg,800763,$2.90,$2.90 / 1KG,https://www.woolworths.com.au/shop/productdetails/800763/the-odd-bunch-apples-prepacked,https://cdn0.woolworths.media/content/wowproductimages/medium/800763.jpg,2020-09-21 19:36:53,,0,Variety may vary,True
0fd68cdb-bfd4-44e3-b09c-703ecf6be7da,Woolworths Supermarket,Fruit & Veg,The Odd Bunch Pear Prepacked 1kg,800774,$2.80,$2.80 / 1KG,https://www.woolworths.com.au/shop/productdetails/800774/the-odd-bunch-pear-prepacked,https://cdn0.woolworths.media/content/wowproductimages/medium/800774.jpg,2020-09-21 19:36:53,,0,,True
a7b36fca-4044-4925-a199-b9154c15e68e,Woolworths Supermarket,Fruit & Veg,Macro Organic Veggie & Baby Leaf Salad Bowl Mix 100g,805729,$4.00,$40.00 / 1KG,https://www.woolworths.com.au/shop/productdetails/805729/macro-organic-veggie-baby-leaf-salad-bowl-mix,https://cdn0.woolworths.media/content/wowproductimages/medium/805729.jpg,2020-09-21 19:36:53,,0,,True
f9d3a9b5-66ca-41a1-819d-a511167a3168,Woolworths Supermarket,Fruit & Veg,Macro Organic Beetroot 250g,806260,$4.50,$18.00 / 1KG,https://www.woolworths.com.au/shop/productdetails/806260/macro-organic-beetroot,https://cdn0.woolworths.media/content/wowproductimages/medium/806260.jpg,2020-09-21 19:36:53,,0,,True
0d5f36e3-d6ef-4a38-b130-4060c9ca0bb8,Woolworths Supermarket,Fruit & Veg,Woolworths Organic Salad Coleslaw 200g,806333,$3.50,$17.50 / 1KG,https://www.woolworths.com.au/shop/productdetails/806333/woolworths-organic-salad-coleslaw,https://cdn0.woolworths.media/content/wowproductimages/medium/806333.jpg,2020-09-21 19:36:53,,0,,True
b40bba24-67b9-4d91-9362-20fc40c12751,Woolworths Supermarket,Fruit & Veg,Woolworths Organic Tomato Truss 500g,808412,$6.90,$13.80 / 1KG,https://www.woolworths.com.au/shop/productdetails/808412/woolworths-organic-tomato-truss,https://cdn0.woolworths.media/content/wowproductimages/medium/808412.jpg,2020-09-21 19:36:53,,0,,True
90668faf-ab7d-48d3-bec7-6c5bb2ca5e15,Woolworths Supermarket,Fruit & Veg,Macro Organic Broccoli 500g,810386,$4.00,$8.00 / 1KG,https://www.woolworths.com.au/shop/productdetails/810386/macro-organic-broccoli,https://cdn0.woolworths.media/content/wowproductimages/medium/810386.jpg,2020-09-21 19:36:53,,0,,True
ecd4be01-0289-4d0b-bf7d-52de84f0650d,Woolworths Supermarket,Fruit & Veg,Woolworths Garlic Clove 3 pack,810795,$2.90,$0.97 / 1EA,https://www.woolworths.com.au/shop/productdetails/810795/woolworths-garlic-clove,https://cdn0.woolworths.media/content/wowproductimages/medium/810795.jpg,2020-09-21 19:36:53,,0,,True
754cc66b-f3e3-40da-9ea1-09e8094dd216,Woolworths Supermarket,Fruit & Veg,Select Gem Lettuce 2 pack,823690,$4.00,,https://www.woolworths.com.au/shop/productdetails/823690/select-gem-lettuce,https://cdn0.woolworths.media/content/wowproductimages/medium/823690.jpg,2020-09-21 19:36:53,,0,,True
82b6a7e1-92cf-42c8-80f8-3e53d44dbff1,Woolworths Supermarket,Fruit & Veg,Select Little Gem Lettuce Combo 2 pack,823691,$4.00,,https://www.woolworths.com.au/shop/productdetails/823691/select-little-gem-lettuce-combo,https://cdn0.woolworths.media/content/wowproductimages/medium/823691.jpg,2020-09-21 19:36:53,,0,,True
7ec59fdd-fcff-465a-8b4d-a3b8c006746e,Woolworths Supermarket,Fruit & Veg,The Odd Bunch Carrot Prepacked 1kg,824508,$0.90,$0.90 / 1KG,https://www.woolworths.com.au/shop/productdetails/824508/the-odd-bunch-carrot-prepacked,https://cdn0.woolworths.media/content/wowproductimages/medium/824508.jpg,2020-09-21 19:36:53,,0,,True
44e6b4b7-a8f0-4954-b6bf-eba3b7e6e71f,Woolworths Supermarket,Fruit & Veg,The Odd Bunch Tomato Prepacked 1kg,825891,$5.90,$5.90 / 1KG,https://www.woolworths.com.au/shop/productdetails/825891/the-odd-bunch-tomato-prepacked,https://cdn0.woolworths.media/content/wowproductimages/medium/825891.jpg,2020-09-21 19:36:53,,0,,True
bfdb8e68-4641-4a08-bb89-85abedef9f31,Woolworths Supermarket,Fruit & Veg,Country Fresh Exotic Mushroom Stir Fry Mix 150g,827507,$6.00,$40.00 / 1KG,https://www.woolworths.com.au/shop/productdetails/827507/country-fresh-exotic-mushroom-stir-fry-mix,https://cdn0.woolworths.media/content/wowproductimages/medium/827507.jpg,2020-09-21 19:36:53,,0,,True
b5c611dd-2555-4a84-b76b-7201538439ac,Woolworths Supermarket,Fruit & Veg,Country Fresh Exotic Mushroom Risotto Mix 150g,827515,$6.00,$40.00 / 1KG,https://www.woolworths.com.au/shop/productdetails/827515/country-fresh-exotic-mushroom-risotto-mix,https://cdn0.woolworths.media/content/wowproductimages/medium/827515.jpg,2020-09-21 19:36:53,,0,,True
ddbe53c9-ca23-4a74-a289-6497446f15a0,Woolworths Supermarket,Fruit & Veg,Woolworths Leafy Mix 120g,827628,$2.00,$16.67 / 1KG,https://www.woolworths.com.au/shop/productdetails/827628/woolworths-leafy-mix,https://cdn0.woolworths.media/content/wowproductimages/medium/827628.jpg,2020-09-21 19:36:53,Average product rating out of 5: 4.4. Product score is based on 405 ratings,405,,True
ae18b76f-a40b-43b3-a6e6-ac565c52b202,Woolworths Supermarket,Fruit & Veg,Spud Lite Prepack Potato 1.5kg,829357,$5.00,$3.33 / 1KG,https://www.woolworths.com.au/shop/productdetails/829357/spud-lite-prepack-potato,https://cdn0.woolworths.media/content/wowproductimages/medium/829357.jpg,2020-09-21 19:36:53,,0,,True
e04f710f-43b5-4ca4-bc51-ec2fcad2ae81,Woolworths Supermarket,Fruit & Veg,Woolworths Org Mushroom Cup 180g,829707,$4.50,$25.00 / 1KG,https://www.woolworths.com.au/shop/productdetails/829707/woolworths-org-mushroom-cup,https://cdn0.woolworths.media/content/wowproductimages/medium/829707.jpg,2020-09-21 19:36:53,,0,,True
d8a9ce1f-f90c-4f90-bde5-163338b12cc8,Woolworths Supermarket,Fruit & Veg,The Odd Bunch Lemon Prepacked 500g,830353,$2.90,$5.80 / 1KG,https://www.woolworths.com.au/shop/productdetails/830353/the-odd-bunch-lemon-prepacked,https://cdn0.woolworths.media/content/wowproductimages/medium/830353.jpg,2020-09-21 19:36:53,,0,,True
40bc8056-8d47-4eba-b714-552c19d60272,Woolworths Supermarket,Fruit & Veg,Woolworths Lebanese Cucumber 500g pack,839573,$3.90,$7.80 / 1KG,https://www.woolworths.com.au/shop/productdetails/839573/woolworths-lebanese-cucumber,https://cdn0.woolworths.media/content/wowproductimages/medium/839573.jpg,2020-09-21 19:36:53,,0,,True
b19e17e0-bfed-49fb-925d-1e8fb56f36c3,Woolworths Supermarket,Fruit & Veg,Woolworths Sweet Potato Mini Gold Prepacked 300g,840769,$2.50,$8.33 / 1KG,https://www.woolworths.com.au/shop/productdetails/840769/woolworths-sweet-potato-mini-gold-prepacked,https://cdn0.woolworths.media/content/wowproductimages/medium/840769.jpg,2020-09-21 19:36:53,,0,,True
eb029ee0-ecc1-4ef9-ad39-1cac49f80e49,Woolworths Supermarket,Fruit & Veg,The Odd Bunch Mandarin Prepacked 1kg,845671,$3.40,$3.40 / 1KG,https://www.woolworths.com.au/shop/productdetails/845671/the-odd-bunch-mandarin-prepacked,https://cdn0.woolworths.media/content/wowproductimages/medium/845671.jpg,2020-09-21 19:36:53,,0,,True
619a908c-eabb-471d-9550-9b83f54fcc5b,Woolworths Supermarket,Fruit & Veg,Woolworths Butter Lettuce 170g,847873,$4.00,$23.53 / 1KG,https://www.woolworths.com.au/shop/productdetails/847873/woolworths-butter-lettuce,https://cdn0.woolworths.media/content/wowproductimages/medium/847873.jpg,2020-09-21 19:36:53,Average product rating out of 5: 4.3. Product score is based on 233 ratings,233,,True
527fce7b-2e85-461f-ba5a-a739de958114,Woolworths Supermarket,Fruit & Veg,Woolworths Cook Stir Fry Kit With Honey Soy 550g,852515,$6.00,$10.91 / 1KG,https://www.woolworths.com.au/shop/productdetails/852515/woolworths-cook-stir-fry-kit-with-honey-soy,https://cdn0.woolworths.media/content/wowproductimages/medium/852515.jpg,2020-09-21 19:36:53,Average product rating out of 5: 4.5. Product score is based on 67 ratings,67,,True
a50e8065-268b-4f21-9139-c95b5e1baad2,Woolworths Supermarket,Fruit & Veg,Woolworths Black Seedless Grapes Bunch each,855216,$9.41,$9.41 / 1EA,https://www.woolworths.com.au/shop/productdetails/855216/woolworths-black-seedless-grapes-bunch,https://cdn0.woolworths.media/content/wowproductimages/medium/855216.jpg,2020-09-21 19:36:53,,0,,True
3e59285f-080c-406f-acb6-254e418fc8e2,Woolworths Supermarket,Fruit & Veg,Woolworths Red Seedless Grapes Bunch each,855246,$8.91,$8.91 / 1EA,https://www.woolworths.com.au/shop/productdetails/855246/woolworths-red-seedless-grapes-bunch,https://cdn0.woolworths.media/content/wowproductimages/medium/855246.jpg,2020-09-21 19:36:53,,0,,True
88572f1c-06c4-4c60-84b7-66ffc8c8fc23,Woolworths Supermarket,Fruit & Veg,Woolworths Chilli Green Cayenne 50g punnet,875855,$3.00,$6.00 / 100G,https://www.woolworths.com.au/shop/productdetails/875855/woolworths-chilli-green-cayenne,https://cdn0.woolworths.media/content/wowproductimages/medium/875855.jpg,2020-09-21 19:36:53,,0,2 for $5.00,True
b509f682-b0f5-43f3-947d-06403840a9be,Woolworths Supermarket,Fruit & Veg,Woolworths Chilli Birdseye 20g punnet,876201,$3.00,$15.00 / 100G,https://www.woolworths.com.au/shop/productdetails/876201/woolworths-chilli-birdseye,https://cdn0.woolworths.media/content/wowproductimages/medium/876201.jpg,2020-09-21 19:36:53,,0,2 for $5.00,True
af64a7ef-97e2-4b98-a03b-2684b58ddbc1,Woolworths Supermarket,Fruit & Veg,Woolworths Chilli Jalapeno 80g,876280,$3.00,$3.75 / 100G,https://www.woolworths.com.au/shop/productdetails/876280/woolworths-chilli-jalapeno,https://cdn0.woolworths.media/content/wowproductimages/medium/876280.jpg,2020-09-21 19:36:53,,0,2 for $5.00,True
098e0091-2fc5-4096-8008-7466b5f37eff,Woolworths Supermarket,Fruit & Veg,Woolworths Chilli Red Cayenne 50g,876327,$3.00,$6.00 / 100G,https://www.woolworths.com.au/shop/productdetails/876327/woolworths-chilli-red-cayenne,https://cdn0.woolworths.media/content/wowproductimages/medium/876327.jpg,2020-09-21 19:36:53,,0,2 for $5.00,True
e3b26eaf-0cfc-42a2-8fda-f43d1ddb5aa2,Woolworths Supermarket,Fruit & Veg,Woolworths Chilli Habanero 35g,878644,$3.00,$8.57 / 100G,https://www.woolworths.com.au/shop/productdetails/878644/woolworths-chilli-habanero,https://cdn0.woolworths.media/content/wowproductimages/medium/878644.jpg,2020-09-21 19:36:53,,0,2 for $5.00,True
126dcf98-caf7-4418-a9f0-4f405f5c9450,Woolworths Supermarket,Fruit & Veg,Just Veg. Carrot Sticks 300g bag,921080,$3.00,$10.00 / 1KG,https://www.woolworths.com.au/shop/productdetails/921080/just-veg-carrot-sticks,https://cdn0.woolworths.media/content/wowproductimages/medium/921080.jpg,2020-09-21 19:36:53,,0,,True
b16339a0-dc6d-4e8b-a41b-535f4f3ca650,Woolworths Supermarket,Fruit & Veg,Just Veg. Carrot Shred 300g bag,921142,$3.00,$10.00 / 1KG,https://www.woolworths.com.au/shop/productdetails/921142/just-veg-carrot-shred,https://cdn0.woolworths.media/content/wowproductimages/medium/921142.jpg,2020-09-21 19:36:53,,0,,True
7c5196fd-3603-4cce-a742-0082c6e09e9e,Woolworths Supermarket,Fruit & Veg,Melon De Sapo each,924029,$5.90,$5.90 / 1EA,https://www.woolworths.com.au/shop/productdetails/924029/melon-de-sapo,https://cdn0.woolworths.media/content/wowproductimages/medium/924029.jpg,2020-09-21 19:36:53,,0,,True
824baed7-fb03-4967-ab3a-517bff68c528,Woolworths Supermarket,Fruit & Veg,Gourmet Garden Lightly Dried Ginger 12g,939449,$3.50,$2.92 / 10G,https://www.woolworths.com.au/shop/productdetails/939449/gourmet-garden-lightly-dried-ginger,https://cdn0.woolworths.media/content/wowproductimages/medium/939449.jpg,2020-09-21 19:36:53,,0,,True
9b051cc7-10fa-4f60-aa60-f771ed27b9c4,Woolworths Supermarket,Fruit & Veg,Gourmet Garden Herb Paste Chunky Garlic 80g,948488,$3.50,$0.44 / 10G,https://www.woolworths.com.au/shop/productdetails/948488/gourmet-garden-herb-paste-chunky-garlic,https://cdn0.woolworths.media/content/wowproductimages/medium/948488.jpg,2020-09-21 19:36:53,,0,,True
2cc8cd49-c1d3-482d-ad16-86a6c6662e64,Woolworths Supermarket,Fruit & Veg,Gourmet Garden Paste Garlic 80g,948491,$3.50,$0.44 / 10G,https://www.woolworths.com.au/shop/productdetails/948491/gourmet-garden-paste-garlic,https://cdn0.woolworths.media/content/wowproductimages/medium/948491.jpg,2020-09-21 19:36:53,,0,,True
896bd31b-efd2-44f4-b0e6-14ea177fadbe,Woolworths Supermarket,Fruit & Veg,Gourmet Garden Paste Basil 80g,948505,$3.50,$4.38 / 100G,https://www.woolworths.com.au/shop/productdetails/948505/gourmet-garden-paste-basil,https://cdn0.woolworths.media/content/wowproductimages/medium/948505.jpg,2020-09-21 19:36:53,,0,,True
2a42d14f-c15c-4c80-800c-879f05434908,Woolworths Supermarket,Fruit & Veg,Gourmet Garden Paste Chilli Mild 80g,948507,$3.50,$0.44 / 10G,https://www.woolworths.com.au/shop/productdetails/948507/gourmet-garden-paste-chilli-mild,https://cdn0.woolworths.media/content/wowproductimages/medium/948507.jpg,2020-09-21 19:36:53,,0,,True
22f28545-fe7c-433b-960a-a8063a5f83a9,Woolworths Supermarket,Fruit & Veg,Gourmet Garden Paste Coriander 80g,948509,$3.50,$0.44 / 10G,https://www.woolworths.com.au/shop/productdetails/948509/gourmet-garden-paste-coriander,https://cdn0.woolworths.media/content/wowproductimages/medium/948509.jpg,2020-09-21 19:36:53,,0,,True
26dd3f5b-3bc6-4827-8ffd-f9b0b4430a75,Woolworths Supermarket,Fruit & Veg,Gourmet Garden Paste Ginger 80g,948511,$3.50,$4.38 / 100G,https://www.woolworths.com.au/shop/productdetails/948511/gourmet-garden-paste-ginger,https://cdn0.woolworths.media/content/wowproductimages/medium/948511.jpg,2020-09-21 19:36:53,,0,,True
a0ff24ed-01dc-4bc5-bbb9-fdc452451e6b,Woolworths Supermarket,Fruit & Veg,Gourmet Garden Paste Italian 80g,948513,$3.50,$4.38 / 100G,https://www.woolworths.com.au/shop/productdetails/948513/gourmet-garden-paste-italian,https://cdn0.woolworths.media/content/wowproductimages/medium/948513.jpg,2020-09-21 19:36:53,,0,,True
40f00374-f0a8-4b37-95f9-f29d9de77d7e,Woolworths Supermarket,Fruit & Veg,Gourmet Garden Paste Parsley 80g,948515,$3.50,$4.38 / 100G,https://www.woolworths.com.au/shop/productdetails/948515/gourmet-garden-paste-parsley,https://cdn0.woolworths.media/content/wowproductimages/medium/948515.jpg,2020-09-21 19:36:53,,0,,True
bd6b00fd-3158-4c09-9d08-e68fb3bfd01a,Woolworths Supermarket,Fruit & Veg,Gourmet Garden Paste Lemongrass 80g,948525,$3.50,$4.38 / 100G,https://www.woolworths.com.au/shop/productdetails/948525/gourmet-garden-paste-lemongrass,https://cdn0.woolworths.media/content/wowproductimages/medium/948525.jpg,2020-09-21 19:36:53,,0,,True
3d7e04a4-cfc9-4ab8-91cc-4b757e124fe9,Woolworths Supermarket,Fruit & Veg,Macro Pumpkin Kent Cut Organic Each,001632,$2.45,$2.45 / 1KG,https://www.woolworths.com.au/shop/productdetails/1632/macro-pumpkin-kent-cut-organic,https://cdn0.woolworths.media/content/wowproductimages/medium/001632.jpg,2020-09-21 19:36:53,,0,,True
4fdd66a9-a77c-466d-ae70-f4271d2c0e0e,Woolworths Supermarket,Fruit & Veg,Woolworths Green Goodness Salad Bowl 240g,056534,$6.00,$25.00 / 1KG,https://www.woolworths.com.au/shop/productdetails/56534/woolworths-green-goodness-salad-bowl,https://cdn0.woolworths.media/content/wowproductimages/medium/056534.jpg,2020-09-21 19:36:53,,0,,True
c9c11226-ae9d-4a41-983f-c0c9e1937cde,Woolworths Supermarket,Fruit & Veg,Gourmet Garden Herb Tube Ginger 115g,059809,,,https://www.woolworths.com.au/shop/productdetails/59809/gourmet-garden-herb-tube-ginger,https://cdn0.woolworths.media/content/wowproductimages/medium/059809.jpg,2020-09-21 19:36:53,,0,,False
50d4ab45-1ff0-44e1-8aa7-05d4fd7aec68,Woolworths Supermarket,Fruit & Veg,Woolworths Bolognese Base Mix 350g,079927,,,https://www.woolworths.com.au/shop/productdetails/79927/woolworths-bolognese-base-mix,https://cdn0.woolworths.media/content/wowproductimages/medium/079927.jpg,2020-09-21 19:36:53,Average product rating out of 5: 5.0. Product score is based on 2 ratings,2,,False
8e7fe05a-3d2f-4400-a972-a25d19eedd8a,Woolworths Supermarket,Fruit & Veg,Woolworths Cook Mixed Green Vegetables & Edamame 225g,079931,$2.00,$8.89 / 1KG,https://www.woolworths.com.au/shop/productdetails/79931/woolworths-cook-mixed-green-vegetables-edamame,https://cdn0.woolworths.media/content/wowproductimages/medium/079931.jpg,2020-09-21 19:36:53,Average product rating out of 5: 3.6. Product score is based on 251 ratings,251,,True
960b5be6-cbdb-4e52-a41c-64487a299ec3,Woolworths Supermarket,Fruit & Veg,Chilli Jalapeno Hot each,126772,$1.90,$1.90 / 1EA,https://www.woolworths.com.au/shop/productdetails/126772/chilli-jalapeno-hot,https://cdn0.woolworths.media/content/wowproductimages/medium/126772.jpg,2020-09-21 19:36:53,,0,,True
ae82e638-d266-4ae0-b312-4f9b74e8c4db,Woolworths Supermarket,Fruit & Veg,Artichoke Globe Large each,132473,$2.90,,https://www.woolworths.com.au/shop/productdetails/132473/artichoke-globe-large,https://cdn0.woolworths.media/content/wowproductimages/medium/132473.jpg,2020-09-21 19:36:53,,0,,True
e220187e-cad6-4e95-87f5-0639a40835ec,Woolworths Supermarket,Fruit & Veg,Leek Fresh each,139645,$2.90,,https://www.woolworths.com.au/shop/productdetails/139645/leek-fresh,https://cdn0.woolworths.media/content/wowproductimages/medium/139645.jpg,2020-09-21 19:36:53,,0,,True
1e9e9623-5b79-43fa-afa7-44e53d04ced4,Woolworths Supermarket,Fruit & Veg,Snow Peas Fresh per kg,145843,$14.00,$14.00 / 1KG,https://www.woolworths.com.au/shop/productdetails/145843/snow-peas-fresh,https://cdn0.woolworths.media/content/wowproductimages/medium/145843.jpg,2020-09-21 19:36:53,,0,,True
97e9588d-045e-4dba-991d-2bbb4cd750a1,Woolworths Supermarket,Fruit & Veg,Spinach English Salad bunch,147863,$3.00,,https://www.woolworths.com.au/shop/productdetails/147863/spinach-english-salad,https://cdn0.woolworths.media/content/wowproductimages/medium/147863.jpg,2020-09-21 19:36:53,,0,,True
f954cb30-4d2c-4379-a8ea-227dab916cd4,Woolworths Supermarket,Fruit & Veg,Woolworths Four Seasons Coleslaw 400g,233567,$4.00,$10.00 / 1KG,https://www.woolworths.com.au/shop/productdetails/233567/woolworths-four-seasons-coleslaw,https://cdn0.woolworths.media/content/wowproductimages/medium/233567.jpg,2020-09-21 19:36:53,,0,,True
9849d7e1-c918-4e6a-ab36-d7b19fcfa6fa,Woolworths Supermarket,Fruit & Veg,Gourmet Garden Paste Dill 80g tube,379656,$3.50,$4.38 / 100G,https://www.woolworths.com.au/shop/productdetails/379656/gourmet-garden-paste-dill,https://cdn0.woolworths.media/content/wowproductimages/medium/379656.jpg,2020-09-21 19:36:53,,0,,True
f2903c6e-f8cb-4688-b827-56e362d8f36a,Woolworths Supermarket,Fruit & Veg,Woolworths Cook Roast Mixed Vegetables With Garlic & Rosemary 500g,583615,$5.00,$10.00 / 1KG,https://www.woolworths.com.au/shop/productdetails/583615/woolworths-cook-roast-mixed-vegetables-with-garlic-rosemary,https://cdn0.woolworths.media/content/wowproductimages/medium/583615.jpg,2020-09-21 19:36:53,Average product rating out of 5: 3.6. Product score is based on 295 ratings,295,,True
a63d50b1-3bc5-4283-942c-4a10c6ce4df5,Woolworths Supermarket,Fruit & Veg,Woolworths Sweet & Juicy Mandarins 750g prepack,591940,$3.90,$5.20 / 1KG,https://www.woolworths.com.au/shop/productdetails/591940/woolworths-sweet-juicy-mandarins,https://cdn0.woolworths.media/content/wowproductimages/medium/591940.jpg,2020-09-21 19:36:53,,0,,True
2151eb22-989d-46ba-9006-747cee87af9f,Woolworths Supermarket,Fruit & Veg,Woolworths Chicken & Caesar Bowl 180g,642106,$6.50,$43.33 / 1KG,https://www.woolworths.com.au/shop/productdetails/642106/woolworths-chicken-caesar-bowl,https://cdn0.woolworths.media/content/wowproductimages/medium/642106.jpg,2020-09-21 19:36:53,Average product rating out of 5: 4.0. Product score is based on 406 ratings,406,,True
4cddd7bc-c8ea-47b2-be05-d37575c057e0,Woolworths Supermarket,Fruit & Veg,Woolworths Tangy & Crunchy Coleslaw Kit 400g,703827,$5.00,$12.50 / 1KG,https://www.woolworths.com.au/shop/productdetails/703827/woolworths-tangy-crunchy-coleslaw-kit,https://cdn0.woolworths.media/content/wowproductimages/medium/703827.jpg,2020-09-21 19:36:53,Average product rating out of 5: 4.3. Product score is based on 834 ratings,834,,True
4e70a229-3043-4ff6-aed0-55bc5f0fcbe7,Woolworths Supermarket,Fruit & Veg,The Odd Bunch Capsicum Prepacked 1KG,825870,$5.90,$5.90 / 1KG,https://www.woolworths.com.au/shop/productdetails/825870/the-odd-bunch-capsicum-prepacked,https://cdn0.woolworths.media/content/wowproductimages/medium/825870.jpg,2020-09-21 19:36:53,,0,,True
1577eee5-4a9e-4153-bc14-fba15bd25857,Woolworths Supermarket,Fruit & Veg,The Odd Bunch Continental Cucumber each,829360,$1.70,,https://www.woolworths.com.au/shop/productdetails/829360/the-odd-bunch-continental-cucumber,https://cdn0.woolworths.media/content/wowproductimages/medium/829360.jpg,2020-09-21 19:36:53,,0,,True
895a3c98-5da2-4177-944f-485b9b9a8b68,Woolworths Supermarket,Fruit & Veg,Woolworths Good To Go Mixed Fruit Salad With Passionfruit 200g,073196,$4.50,$22.50 / 1KG,https://www.woolworths.com.au/shop/productdetails/73196/woolworths-good-to-go-mixed-fruit-salad-with-passionfruit,https://cdn0.woolworths.media/content/wowproductimages/medium/073196.jpg,2020-09-21 19:36:53,,0,,True
eaf871b8-dbaf-44db-a4e1-4daae931088f,Woolworths Supermarket,Fruit & Veg,Macro Organic Green Zucchini Punnet 500g,117383,$8.50,$17.00 / 1KG,https://www.woolworths.com.au/shop/productdetails/117383/macro-organic-green-zucchini-punnet,https://cdn0.woolworths.media/content/wowproductimages/medium/117383.jpg,2020-09-21 19:36:53,,0,,True
d4443878-fecb-4189-b810-8ac1ecb3754e,Woolworths Supermarket,Fruit & Veg,Cabbage Savoy whole each,135029,$5.90,,https://www.woolworths.com.au/shop/productdetails/135029/cabbage-savoy,https://cdn0.woolworths.media/content/wowproductimages/medium/135029.jpg,2020-09-21 19:36:53,,0,,True
454d0aa8-7ad2-47ff-a46d-01d6b37dbc3b,Woolworths Supermarket,Fruit & Veg,Cabbage Savoy half each,135030,$3.54,,https://www.woolworths.com.au/shop/productdetails/135030/cabbage-savoy,https://cdn0.woolworths.media/content/wowproductimages/medium/135030.jpg,2020-09-21 19:36:53,,0,,True
185d10e1-c2ee-483f-9d99-e8a69886fdf5,Woolworths Supermarket,Fruit & Veg,Pumpkin Butternut Whole EACH,147195,$2.60,$2.60 / 1KG,https://www.woolworths.com.au/shop/productdetails/147195/pumpkin-butternut-whole,https://cdn0.woolworths.media/content/wowproductimages/medium/147195.jpg,2020-09-21 19:36:53,,0,,True
55a2a5e2-6773-4d80-ad3e-a8aaca78ed4b,Woolworths Supermarket,Fruit & Veg,Woolworths Butternut Pumpkin Cut Each,147197,$1.10,$1.10 / 1KG,https://www.woolworths.com.au/shop/productdetails/147197/woolworths-butternut-pumpkin-cut,https://cdn0.woolworths.media/content/wowproductimages/medium/147197.jpg,2020-09-21 19:36:53,,0,,True
4d966aca-b815-4570-b28b-73a01677585b,Woolworths Supermarket,Fruit & Veg,Fresh Cabbage Organic Green Half each,149792,$5.00,,https://www.woolworths.com.au/shop/productdetails/149792/fresh-cabbage-organic-green-half,https://cdn0.woolworths.media/content/wowproductimages/medium/149792.jpg,2020-09-21 19:36:53,,0,,True
3a797816-1196-44fc-a6a6-1812b54a61bc,Woolworths Supermarket,Fruit & Veg,Woolworths Greek Salad 270g pack,159626,$5.50,$20.37 / 1KG,https://www.woolworths.com.au/shop/productdetails/159626/woolworths-greek-salad,https://cdn0.woolworths.media/content/wowproductimages/medium/159626.jpg,2020-09-21 19:36:53,Average product rating out of 5: 3.7. Product score is based on 298 ratings,298,,True
2f25e49b-6ee5-4d55-a850-fab84022cbd8,Woolworths Supermarket,Fruit & Veg,Macro Pink Lady Apple Organic 1kg punnet,160888,$5.50,$5.50 / 1KG,https://www.woolworths.com.au/shop/productdetails/160888/macro-pink-lady-apple-organic,https://cdn0.woolworths.media/content/wowproductimages/medium/160888.jpg,2020-09-21 19:36:53,,0,,True
f5a42df7-f81d-4eea-af07-7f52e83c7164,Woolworths Supermarket,Fruit & Veg,Macro Fresh Cauliflower Half Organic each,169763,$5.90,,https://www.woolworths.com.au/shop/productdetails/169763/macro-fresh-cauliflower-half-organic,https://cdn0.woolworths.media/content/wowproductimages/medium/169763.jpg,2020-09-21 19:36:53,,0,,True
fbb98ad4-56dc-462d-a335-3516be9e7be4,Woolworths Supermarket,Fruit & Veg,Woolworths Yellow Squash 250G PUNNET,173264,$5.00,$20.00 / 1KG,https://www.woolworths.com.au/shop/productdetails/173264/woolworths-yellow-squash,https://cdn0.woolworths.media/content/wowproductimages/medium/173264.jpg,2020-09-21 19:36:53,,0,,True
e5019db9-cb10-427b-a171-09001c7f8af9,Woolworths Supermarket,Fruit & Veg,Macro Organic Broccolini Organic each,310333,$4.50,,https://www.woolworths.com.au/shop/productdetails/310333/macro-organic-broccolini-organic,https://cdn0.woolworths.media/content/wowproductimages/medium/310333.jpg,2020-09-21 19:36:53,,0,,True
346a07eb-9884-4fac-8f3b-3ec6bdf7b53b,Woolworths Supermarket,Fruit & Veg,Macro Organic Herb Coriander Bunch each,427867,$4.50,,https://www.woolworths.com.au/shop/productdetails/427867/macro-organic-herb-coriander-bunch,https://cdn0.woolworths.media/content/wowproductimages/medium/427867.jpg,2020-09-21 19:36:53,,0,,True
db3e58a0-6239-4111-b120-4a15e3afc841,Woolworths Supermarket,Fruit & Veg,Macro Organic Snacking Tomato 200g punnet,625377,$4.50,$22.50 / 1KG,https://www.woolworths.com.au/shop/productdetails/625377/macro-organic-snacking-tomato,https://cdn0.woolworths.media/content/wowproductimages/medium/625377.jpg,2020-09-21 19:36:53,,0,,True
ffe5857c-9e67-4155-b7f5-371494717a64,Woolworths Supermarket,Fruit & Veg,Macro Organic Celery Sticks 250g,629215,$6.90,$27.60 / 1KG,https://www.woolworths.com.au/shop/productdetails/629215/macro-organic-celery-sticks,https://cdn0.woolworths.media/content/wowproductimages/medium/629215.jpg,2020-09-21 19:36:53,,0,,True
017b5de7-d387-4c8f-8a63-1d3877e18ce5,Woolworths Supermarket,Fruit & Veg,Woolworths Rosemary Fresh Herb 10g punnet,707370,$3.00,$3.00 / 10G,https://www.woolworths.com.au/shop/productdetails/707370/woolworths-rosemary-fresh-herb,https://cdn0.woolworths.media/content/wowproductimages/medium/707370.jpg,2020-09-21 19:36:53,,0,2 for $5.00,True
49947cd0-3b01-4b0d-ac48-2b4f87c93a31,Woolworths Supermarket,Fruit & Veg,Macro Dutch Cream Organic Potato 1kg punnet,769063,$5.80,$5.80 / 1KG,https://www.woolworths.com.au/shop/productdetails/769063/macro-dutch-cream-organic-potato,https://cdn0.woolworths.media/content/wowproductimages/medium/769063.jpg,2020-09-21 19:36:53,,0,,True
f7af192f-e879-4583-9c9c-b934ee7165e0,Woolworths Supermarket,Fruit & Veg,Macro Organic Kale each,772786,$5.90,,https://www.woolworths.com.au/shop/productdetails/772786/macro-organic-kale,https://cdn0.woolworths.media/content/wowproductimages/medium/772786.jpg,2020-09-21 19:36:53,,0,,True
fb666f3c-8e0e-47b7-9ee4-5d30b05da1eb,Woolworths Supermarket,Fruit & Veg,Macro Mini Organic Apple 1kg,773340,$5.00,$5.00 / 1KG,https://www.woolworths.com.au/shop/productdetails/773340/macro-mini-organic-apple,https://cdn0.woolworths.media/content/wowproductimages/medium/773340.jpg,2020-09-21 19:36:53,,0,,True
4fb86bed-1d2a-4b96-817f-01256dce33cb,Woolworths Supermarket,Fruit & Veg,Macro Apple Organic In Conversion 1kg,822201,$6.50,$6.50 / 1KG,https://www.woolworths.com.au/shop/productdetails/822201/macro-apple-organic-in-conversion,https://cdn0.woolworths.media/content/wowproductimages/medium/822201.jpg,2020-09-21 19:36:53,,0,,True
b99a93f8-cc88-43f3-b087-501d8708e38b,Woolworths Supermarket,Fruit & Veg,Perfection Mix A Mato Mini Tomatoes 320g,061078,$5.90,$18.44 / 1KG,https://www.woolworths.com.au/shop/productdetails/61078/perfection-mix-a-mato-mini-tomatoes,https://cdn0.woolworths.media/content/wowproductimages/medium/061078.jpg,2020-09-21 19:36:53,,0,,True
3e0e605f-2d20-43fe-b881-b4b4b2299e07,Woolworths Supermarket,Fruit & Veg,Woolworths Good To Go Seasonal Melon Mix 200g,073194,$3.50,$17.50 / 1KG,https://www.woolworths.com.au/shop/productdetails/73194/woolworths-good-to-go-seasonal-melon-mix,https://cdn0.woolworths.media/content/wowproductimages/medium/073194.jpg,2020-09-21 19:36:53,,0,,True
f7492a6a-e9eb-4825-a61b-d0947445bd7e,Woolworths Supermarket,Fruit & Veg,Macro Organic Beetroot Punnet 500g,116277,$3.50,$7.00 / 1KG,https://www.woolworths.com.au/shop/productdetails/116277/macro-organic-beetroot-punnet,https://cdn0.woolworths.media/content/wowproductimages/medium/116277.jpg,2020-09-21 19:36:53,,0,,True
fd9d538c-7a2a-4eed-904d-d7d005f8fcf9,Woolworths Supermarket,Fruit & Veg,Pumpkin Jarrahdale Whole EACH,127017,$7.70,$7.70 / 0,https://www.woolworths.com.au/shop/productdetails/127017/pumpkin-jarrahdale-whole,https://cdn0.woolworths.media/content/wowproductimages/medium/127017.jpg,2020-09-21 19:36:53,,0,,True
5f0dde45-24c3-48ac-b368-c74273829af7,Woolworths Supermarket,Fruit & Veg,Woolworths Brussel Sprouts Prepack 500g punnet,134784,$6.90,$13.80 / 1KG,https://www.woolworths.com.au/shop/productdetails/134784/woolworths-brussel-sprouts-prepack,https://cdn0.woolworths.media/content/wowproductimages/medium/134784.jpg,2020-09-21 19:36:53,,0,,True
1887bf77-662b-48d1-82f6-afb488df23c0,Woolworths Supermarket,Fruit & Veg,Kensington Pride Mango each,139428,$4.90,$4.90 / 1EA,https://www.woolworths.com.au/shop/productdetails/139428/kensington-pride-mango,https://cdn0.woolworths.media/content/wowproductimages/medium/139428.jpg,2020-09-21 19:36:53,,0,,True
862fb811-503b-4736-8e5d-af08aa607564,Woolworths Supermarket,Fruit & Veg,Macro Brown Onions Organic 1kg bag,145947,$7.50,,https://www.woolworths.com.au/shop/productdetails/145947/macro-brown-onions-organic,https://cdn0.woolworths.media/content/wowproductimages/medium/145947.jpg,2020-09-21 19:36:53,,0,,True
f12cd152-2e2e-43a3-8972-19400bb62faa,Woolworths Supermarket,Fruit & Veg,Pumpkin Jarrahdale Grey Cut Each,147199,$3.50,$3.50 / 0,https://www.woolworths.com.au/shop/productdetails/147199/pumpkin-jarrahdale-grey-cut,https://cdn0.woolworths.media/content/wowproductimages/medium/147199.jpg,2020-09-21 19:36:53,,0,,True
f7e040a9-cefa-4245-be43-178dbf672c8d,Woolworths Supermarket,Fruit & Veg,Potato Sweet Purple per kg,186285,$6.90,$6.90 / 1KG,https://www.woolworths.com.au/shop/productdetails/186285/potato-sweet-purple,https://cdn0.woolworths.media/content/wowproductimages/medium/186285.jpg,2020-09-21 19:36:53,,0,,True
cf02bf9f-cc64-4cab-935f-42f01964c794,Woolworths Supermarket,Fruit & Veg,Spanish Onion Red Organic 500g,211784,$6.50,$13.00 / 1KG,https://www.woolworths.com.au/shop/productdetails/211784/spanish-onion-red-organic,https://cdn0.woolworths.media/content/wowproductimages/medium/211784.jpg,2020-09-21 19:36:53,,0,,True
6c567223-5012-48a1-9276-73da7e2cd78c,Woolworths Supermarket,Fruit & Veg,Macro Organic Sweet Corn 400g,372556,$6.90,$17.25 / 1KG,https://www.woolworths.com.au/shop/productdetails/372556/macro-organic-sweet-corn,https://cdn0.woolworths.media/content/wowproductimages/medium/372556.jpg,2020-09-21 19:36:53,,0,,True
56755312-7739-4b64-8aab-f1199f57ddf5,Woolworths Supermarket,Fruit & Veg,Montague Sparkling Apple Juice 4x300ml cans,405925,$7.00,$5.83 / 1L,https://www.woolworths.com.au/shop/productdetails/405925/montague-sparkling-apple-juice,https://cdn0.woolworths.media/content/wowproductimages/medium/405925.jpg,2020-09-21 19:36:53,,0,,True
fd05797c-3b62-47c0-8070-abf404bee74b,Woolworths Supermarket,Fruit & Veg,Macro Organic Gourmet Salad Mix 100g,426911,$4.00,$40.00 / 1KG,https://www.woolworths.com.au/shop/productdetails/426911/macro-organic-gourmet-salad-mix,https://cdn0.woolworths.media/content/wowproductimages/medium/426911.jpg,2020-09-21 19:36:53,,0,,True
ce48c5c6-641b-4b49-a680-128239b4b94e,Woolworths Supermarket,Fruit & Veg,Envy Apple 1kg punnet,646356,$6.50,$6.50 / 1KG,https://www.woolworths.com.au/shop/productdetails/646356/envy-apple,https://cdn0.woolworths.media/content/wowproductimages/medium/646356.jpg,2020-09-21 19:36:53,,0,,True
7945c470-8cdf-4cfe-941d-74ea91f33b0d,Woolworths Supermarket,Fruit & Veg,Mandarin Tangold Seedless each,651492,$0.47,$0.47 / 1EA,https://www.woolworths.com.au/shop/productdetails/651492/mandarin-tangold-seedless,https://cdn0.woolworths.media/content/wowproductimages/medium/651492.jpg,2020-09-21 19:36:53,,0,,True
61e152a1-a467-493e-8f9b-b0a8e6d822e0,Woolworths Supermarket,Fruit & Veg,Fresh Josephine Pear 750g punnet,668581,$3.50,$4.67 / 1KG,https://www.woolworths.com.au/shop/productdetails/668581/fresh-josephine-pear,https://cdn0.woolworths.media/content/wowproductimages/medium/668581.jpg,2020-09-21 19:36:53,,0,,True
bda84d9d-8e89-4756-a6f5-acbad175c12e,Woolworths Supermarket,Fruit & Veg,Fioretto Cauli Blossom 200g,700148,$4.00,$20.00 / 1KG,https://www.woolworths.com.au/shop/productdetails/700148/fioretto-cauli-blossom,https://cdn0.woolworths.media/content/wowproductimages/medium/700148.jpg,2020-09-21 19:36:53,,0,,True
c8abcb17-2d7c-40aa-b93b-dcd8e3fd6d85,Woolworths Supermarket,Fruit & Veg,Woolworths Curry Leaf Fresh Herb 5g punnet,707361,$3.00,$6.00 / 10G,https://www.woolworths.com.au/shop/productdetails/707361/woolworths-curry-leaf-fresh-herb,https://cdn0.woolworths.media/content/wowproductimages/medium/707361.jpg,2020-09-21 19:36:53,,0,2 for $5.00,True
0f863076-1458-4419-88c4-fb900366e0ef,Woolworths Supermarket,Fruit & Veg,Woolworths Lemongrass Fresh Herb 30g punnet,707362,$3.00,$1.00 / 10G,https://www.woolworths.com.au/shop/productdetails/707362/woolworths-lemongrass-fresh-herb,https://cdn0.woolworths.media/content/wowproductimages/medium/707362.jpg,2020-09-21 19:36:53,,0,2 for $5.00,True
f5a48add-3d72-44fc-b795-a319b5720952,Woolworths Supermarket,Fruit & Veg,Select Roma Tomato 480g punnet,760007,$5.90,$12.29 / 1KG,https://www.woolworths.com.au/shop/productdetails/760007/select-roma-tomato,https://cdn0.woolworths.media/content/wowproductimages/medium/760007.jpg,2020-09-21 19:36:53,,0,,True
28ba655e-a4bc-4a9b-8ab7-c98bc5976dd0,Woolworths Supermarket,Fruit & Veg,Macro Organic Avocado each,792361,$5.90,$5.90 / 1EA,https://www.woolworths.com.au/shop/productdetails/792361/macro-organic-avocado,https://cdn0.woolworths.media/content/wowproductimages/medium/792361.jpg,2020-09-21 19:36:53,,0,,True
4a3be1f3-da67-47cf-ae92-5e6d17e13d9d,Woolworths Supermarket,Fruit & Veg,Woolworths Aussie Salad Kit 360g,847356,$5.00,$13.89 / 1KG,https://www.woolworths.com.au/shop/productdetails/847356/woolworths-aussie-salad-kit,https://cdn0.woolworths.media/content/wowproductimages/medium/847356.jpg,2020-09-21 19:36:53,Average product rating out of 5: 3.4. Product score is based on 476 ratings,476,,True
7003ad00-b6fc-4980-ab19-4d01f020a779,Woolworths Supermarket,Fruit & Veg,Rockit Fresh Apple 5 pack,880402,$4.90,,https://www.woolworths.com.au/shop/productdetails/880402/rockit-fresh-apple,https://cdn0.woolworths.media/content/wowproductimages/medium/880402.jpg,2020-09-21 19:36:53,,0,,True
36224988-0ff4-4578-a2c1-21fcd2601edf,Woolworths Supermarket,Fruit & Veg,Onion White each,144523,$1.00,$1.00 / 1EA,https://www.woolworths.com.au/shop/productdetails/144523/onion-white,https://cdn0.woolworths.media/content/wowproductimages/medium/144523.jpg,2020-09-21 19:36:53,,0,,True
5e41330c-93f4-4042-a8e8-b72116fcb26a,Woolworths Supermarket,Fruit & Veg,Woolworths Portobello Flat Mushrooms Punnet 375g,215609,$6.50,$17.33 / 1KG,https://www.woolworths.com.au/shop/productdetails/215609/woolworths-portobello-flat-mushrooms-punnet,https://cdn0.woolworths.media/content/wowproductimages/medium/215609.jpg,2020-09-21 19:36:53,,0,,True
bff1ef73-37d5-4443-a0cc-d7684dcbfd68,Woolworths Supermarket,Fruit & Veg,Banana Organic each,306510,$0.70,$0.70 / 1EA,https://www.woolworths.com.au/shop/productdetails/306510/banana-organic,https://cdn0.woolworths.media/content/wowproductimages/medium/306510.jpg,2020-09-21 19:36:53,,0,,True
8d73d48a-8ec4-46e4-b518-ec38a5ecbb8e,Woolworths Supermarket,Fruit & Veg,Apple Bravo Punnet 750g,022095,$5.90,$7.87 / 1KG,https://www.woolworths.com.au/shop/productdetails/22095/apple-bravo-punnet,https://cdn0.woolworths.media/content/wowproductimages/medium/022095.jpg,2020-09-21 19:36:53,,0,,True
66f76075-3494-4f49-b2ff-66b8dd9f1830,Woolworths Supermarket,Fruit & Veg,Woolworths Mushrooms Oyster 150g punnet,179994,$6.00,$40.00 / 1KG,https://www.woolworths.com.au/shop/productdetails/179994/woolworths-mushrooms-oyster,https://cdn0.woolworths.media/content/wowproductimages/medium/179994.jpg,2020-09-21 19:36:53,,0,,True
de6b6da4-7644-4d87-878e-29bd89c5746a,Woolworths Supermarket,Fruit & Veg,Banana Red Tipped each,180148,$0.90,$0.90 / 1EA,https://www.woolworths.com.au/shop/productdetails/180148/banana-red-tipped,https://cdn0.woolworths.media/content/wowproductimages/medium/180148.jpg,2020-09-21 19:36:53,,0,,True
6539f1d4-a718-427b-9fc2-281847745031,Woolworths Supermarket,Fruit & Veg,Macro Organic Solanato Tomatoes 200g,688869,$4.00,$20.00 / 1KG,https://www.woolworths.com.au/shop/productdetails/688869/macro-organic-solanato-tomatoes,https://cdn0.woolworths.media/content/wowproductimages/medium/688869.jpg,2020-09-21 19:36:53,Average product rating out of 5: 4.3. Product score is based on 167 ratings,167,,True
43f08150-b041-4bd6-97b5-ea85ff75a413,Woolworths Supermarket,Fruit & Veg,Driscoll's Blackberry Fresh 125g punnet,296813,$8.00,$64.00 / 1KG,https://www.woolworths.com.au/shop/productdetails/296813/driscoll-s-blackberry-fresh,https://cdn0.woolworths.media/content/wowproductimages/medium/296813.jpg,2020-09-21 19:36:53,,0,,True
4516a0ce-6728-4b25-ba31-b44f8f12f9f5,Woolworths Supermarket,Fruit & Veg,Select Living Green Basil bunch,708456,$3.00,$0.33 / 10G,https://www.woolworths.com.au/shop/productdetails/708456/select-living-green-basil,https://cdn0.woolworths.media/content/wowproductimages/medium/708456.jpg,2020-09-21 19:36:53,,0,2 for $5.00,True
f8ea7d41-fda0-4431-9dc1-f93ae04f5c8d,Woolworths Supermarket,Fruit & Veg,Zucchini Green Punnet 500G,839552,$5.50,$11.00 / 1KG,https://www.woolworths.com.au/shop/productdetails/839552/zucchini-green-punnet,https://cdn0.woolworths.media/content/wowproductimages/medium/839552.jpg,2020-09-21 19:36:53,,0,,True
0a02db10-def3-4a03-a1d3-c8433cf7cb08,Woolworths Supermarket,Fruit & Veg,Capsicum Yellow EACH,135324,$2.48,$2.48 / 0,https://www.woolworths.com.au/shop/productdetails/135324/capsicum-yellow,https://cdn0.woolworths.media/content/wowproductimages/medium/135324.jpg,2020-09-21 19:36:53,,0,,True
9e3c23a3-bdb2-4441-8e97-262e2ff2b4c5,Woolworths Supermarket,Fruit & Veg,Macro Pumpkin Butternut Cut Organic Each,001634,$2.95,$2.95 / 1KG,https://www.woolworths.com.au/shop/productdetails/1634/macro-pumpkin-butternut-cut-organic,https://cdn0.woolworths.media/content/wowproductimages/medium/001634.jpg,2020-09-21 19:36:53,,0,,True
a653039e-b948-435c-ae0c-87e5d17ed939,Woolworths Supermarket,Fruit & Veg,Driscoll's Fresh Blueberries 230g,774651,$5.50,$23.91 / 1KG,https://www.woolworths.com.au/shop/productdetails/774651/driscoll-s-fresh-blueberries,https://cdn0.woolworths.media/content/wowproductimages/medium/774651.jpg,2020-09-21 19:36:53,,0,,True
184ada02-c43b-41d3-b0f2-d5231c2d4419,Woolworths Supermarket,Fruit & Veg,Snackables Harvest Moon Carrot Snacks 250g,080631,$3.00,$12.00 / 1KG,https://www.woolworths.com.au/shop/productdetails/80631/snackables-harvest-moon-carrot-snacks,https://cdn0.woolworths.media/content/wowproductimages/medium/080631.jpg,2020-09-21 19:36:53,,0,,True
9e4eff12-7224-4d4b-bcc2-3b92184c7e71,Woolworths Supermarket,Fruit & Veg,Fresh Leek Organic each,122556,$3.50,,https://www.woolworths.com.au/shop/productdetails/122556/fresh-leek-organic,https://cdn0.woolworths.media/content/wowproductimages/medium/122556.jpg,2020-09-21 19:36:53,,0,,True
7c626ee2-859f-4243-8bbd-44a66dae1664,Woolworths Supermarket,Fruit & Veg,Driscoll's Blueberry Punnet 200g,662480,$6.50,$32.50 / 1KG,https://www.woolworths.com.au/shop/productdetails/662480/driscoll-s-blueberry-punnet,https://cdn0.woolworths.media/content/wowproductimages/medium/662480.jpg,2020-09-21 19:36:53,,0,,True
07198dfd-b0f4-478d-89d2-59dd94ddd071,Woolworths Supermarket,Fruit & Veg,Woolworths Green Seedless Grapes Bunch each,855186,$8.91,$8.91 / 1EA,https://www.woolworths.com.au/shop/productdetails/855186/woolworths-green-seedless-grapes-bunch,https://cdn0.woolworths.media/content/wowproductimages/medium/855186.jpg,2020-09-21 19:36:53,,0,,True
ea2329b5-ed50-472f-8fa8-6b7c4a8aae41,Woolworths Supermarket,Fruit & Veg,Picture-foods Exotic Bbq Mushroom Saute Mix 150g bag,952138,$6.00,$40.00 / 1KG,https://www.woolworths.com.au/shop/productdetails/952138/picture-foods-exotic-bbq-mushroom-saute-mix,https://cdn0.woolworths.media/content/wowproductimages/medium/952138.jpg,2020-09-21 19:36:53,,0,,True
84d8f5b3-1cf3-4a78-a2fe-3da2cbf8d4ee,Woolworths Supermarket,Fruit & Veg,Woolworths Soy Edamame Veg Rice With Ancient Grains 300g,079988,$4.00,$13.33 / 1KG,https://www.woolworths.com.au/shop/productdetails/79988/woolworths-soy-edamame-veg-rice-with-ancient-grains,https://cdn0.woolworths.media/content/wowproductimages/medium/079988.jpg,2020-09-21 19:36:53,Average product rating out of 5: 2.7. Product score is based on 141 ratings,141,,True
be51ee05-7121-4c82-a207-5cc14abcae8e,Woolworths Supermarket,Fruit & Veg,Potato Kipfler Brushed per kg,145457,$7.00,$7.00 / 1KG,https://www.woolworths.com.au/shop/productdetails/145457/potato-kipfler-brushed,https://cdn0.woolworths.media/content/wowproductimages/medium/145457.jpg,2020-09-21 19:36:53,,0,,True
c08f6d6d-d63a-480b-b21c-2ddfe5a6df5e,Woolworths Supermarket,Fruit & Veg,Woolworths Apple Fuji 1kg punnet,175709,$5.50,$5.50 / 1KG,https://www.woolworths.com.au/shop/productdetails/175709/woolworths-apple-fuji,https://cdn0.woolworths.media/content/wowproductimages/medium/175709.jpg,2020-09-21 19:36:53,,0,,True
a621c665-8683-425c-b2ba-6563a708bdc7,Woolworths Supermarket,Fruit & Veg,Woolworths Fresh Food Kids Mini Apple Packs 5pk 300g,673279,$5.00,$16.67 / 1KG,https://www.woolworths.com.au/shop/productdetails/673279/woolworths-fresh-food-kids-mini-apple-packs,https://cdn0.woolworths.media/content/wowproductimages/medium/673279.jpg,2020-09-21 19:36:53,Average product rating out of 5: 4.0. Product score is based on 190 ratings,190,,True
5af3bf8a-8a0a-4365-9766-ec1686ae1005,Woolworths Supermarket,Fruit & Veg,Perfection Kumato Tomato 300g,663649,,,https://www.woolworths.com.au/shop/productdetails/663649/perfection-kumato-tomato,https://cdn0.woolworths.media/content/wowproductimages/medium/663649.jpg,2020-09-21 19:36:53,,0,,False
466460e7-10f8-4b6a-83c1-761c93417083,Woolworths Supermarket,Fruit & Veg,Macro Navel Oranges Organic 3kg bag,175716,$8.90,$2.97 / 1KG,https://www.woolworths.com.au/shop/productdetails/175716/macro-navel-oranges-organic,https://cdn0.woolworths.media/content/wowproductimages/medium/175716.jpg,2020-09-21 19:36:53,,0,,True
7dec6375-e328-4706-8f29-63081e2025fd,Woolworths Supermarket,Fruit & Veg,Woolworths Bay Leaf Fresh Herb 10g,707375,$3.00,$3.00 / 10G,https://www.woolworths.com.au/shop/productdetails/707375/woolworths-bay-leaf-fresh-herb,https://cdn0.woolworths.media/content/wowproductimages/medium/707375.jpg,2020-09-21 19:36:53,,0,2 for $5.00,True
f4810462-0837-448e-a191-0cd53e4b2a35,Woolworths Supermarket,Fruit & Veg,The Odd Bunch Lime Prepacked 500g,830354,$7.50,$15.00 / 1KG,https://www.woolworths.com.au/shop/productdetails/830354/the-odd-bunch-lime-prepacked,https://cdn0.woolworths.media/content/wowproductimages/medium/830354.jpg,2020-09-21 19:36:53,,0,,True
b0c5caa8-39ff-4aba-9160-78e61de366fd,Woolworths Supermarket,Fruit & Veg,Woolworths Asparagus Organic 180g punnet,160903,,,https://www.woolworths.com.au/shop/productdetails/160903/woolworths-asparagus-organic,https://cdn0.woolworths.media/content/wowproductimages/medium/160903.jpg,2020-09-21 19:36:53,,0,,False
2b326bfe-caa4-422d-a512-b01c262a310f,Woolworths Supermarket,Fruit & Veg,Bananas Kids 5 pack,106218,$2.50,$2.50 / 1EA,https://www.woolworths.com.au/shop/productdetails/106218/bananas-kids,https://cdn0.woolworths.media/content/wowproductimages/medium/106218.jpg,2020-09-21 19:36:53,,0,,True
438a28b0-676d-468e-a158-943a56a912e0,Woolworths Supermarket,Fruit & Veg,Sunfresh Falafel & Lentil Tabouleh Salad 300g,663414,$7.00,$2.33 / 100G,https://www.woolworths.com.au/shop/productdetails/663414/sunfresh-falafel-lentil-tabouleh-salad,https://cdn0.woolworths.media/content/wowproductimages/medium/663414.jpg,2020-09-21 19:36:53,,0,,True
c9cbe661-35bc-456e-8ecc-00abd8f51941,Woolworths Supermarket,Fruit & Veg,Eggplant Lebanese EACH,137548,$3.22,$3.22 / 1KG,https://www.woolworths.com.au/shop/productdetails/137548/eggplant-lebanese,https://cdn0.woolworths.media/content/wowproductimages/medium/137548.jpg,2020-09-21 19:36:53,,0,,True
