id,supermarket,category,product_name,product_id,price,cup_price,product_url,img_url,viewed_date,ratings,rating_count,product_specials,available_in_stock
23331556-78ec-4f43-b128-0a5dc13d2aaf,Woolworths Supermarket,Health & Beauty,Colgate Plax Alcohol Free Freshmint Mouthwash 500ml,024730,$3.00,$0.60 / 100ML,https://www.woolworths.com.au/shop/productdetails/24730/colgate-plax-alcohol-free-freshmint-mouthwash,https://cdn0.woolworths.media/content/wowproductimages/medium/024730.jpg,2020-09-20 19:49:44,Average product rating out of 5: 4.7. Product score is based on 38 ratings,38,,True
2eb13855-e428-49cc-948a-1c501dab27ef,Woolworths Supermarket,Health & Beauty,Redwin Sorbolene Body Moisturiser With Vitamin E 500ml,000369,$5.36,$1.07 / 100ML,https://www.woolworths.com.au/shop/productdetails/369/redwin-sorbolene-body-moisturiser-with-vitamin-e,https://cdn0.woolworths.media/content/wowproductimages/medium/000369.jpg,2020-09-20 19:49:44,Average product rating out of 5: 4.8. Product score is based on 13 ratings,13,,True
0b63a067-7ef9-47c3-b3fb-6a2c970bcfa2,Woolworths Supermarket,Health & Beauty,Nyal Tablets Chesty Non Drowsy 200ml,000389,$6.80,$3.40 / 100ML,https://www.woolworths.com.au/shop/productdetails/389/nyal-tablets-chesty-non-drowsy,https://cdn0.woolworths.media/content/wowproductimages/medium/000389.jpg,2020-09-20 19:49:44,Average product rating out of 5: 5.0. Product score is based on 2 ratings,2,,True
3a293f71-e166-433d-80fb-6a44e0359373,Woolworths Supermarket,Health & Beauty,Cancer Council Spf 30+ Sunscreen Everyday 110ml,000429,$9.60,$8.73 / 100ML,https://www.woolworths.com.au/shop/productdetails/429/cancer-council-spf-30-sunscreen-everyday,https://cdn0.woolworths.media/content/wowproductimages/medium/000429.jpg,2020-09-20 19:49:44,Average product rating out of 5: 5.0. Product score is based on 1 ratings,1,,True
37503f0f-fe66-4c19-a2b4-04ade9d2ed01,Woolworths Supermarket,Health & Beauty,Dove Baby Shampoo Rich Moist 200ml,000680,$9.00,$4.50 / 100ML,https://www.woolworths.com.au/shop/productdetails/680/dove-baby-shampoo-rich-moist,https://cdn0.woolworths.media/content/wowproductimages/medium/000680.jpg,2020-09-20 19:49:44,,0,,True
2a9d3211-b22a-4ce0-8eb6-117555e13685,Woolworths Supermarket,Health & Beauty,Rexona Men Antiperspirant Aerosol Deodorant Original 250ml,001079,$5.00,$2.00 / 100ML,https://www.woolworths.com.au/shop/productdetails/1079/rexona-men-antiperspirant-aerosol-deodorant-original,https://cdn0.woolworths.media/content/wowproductimages/medium/001079.jpg,2020-09-20 19:49:44,Average product rating out of 5: 4.6. Product score is based on 56 ratings,56,Was $7.00 24/01/2018,True
f46f807e-6d75-4049-90a0-49bf5ce69801,Woolworths Supermarket,Health & Beauty,Rexona Men Antiperspirant Deodorant Spray Ice Cool 250ml,001087,$5.00,$2.00 / 100ML,https://www.woolworths.com.au/shop/productdetails/1087/rexona-men-antiperspirant-deodorant-spray-ice-cool,https://cdn0.woolworths.media/content/wowproductimages/medium/001087.jpg,2020-09-20 19:49:44,Average product rating out of 5: 4.7. Product score is based on 21 ratings,21,Was $7.00 24/01/2018,True
69b570c9-a3d7-4d58-a2bc-7c52b9ef402d,Woolworths Supermarket,Health & Beauty,Dove Women Antiperspirant Aerosol Deodorant Original 169ml,001096,$5.00,$2.96 / 100ML,https://www.woolworths.com.au/shop/productdetails/1096/dove-women-antiperspirant-aerosol-deodorant-original,https://cdn0.woolworths.media/content/wowproductimages/medium/001096.jpg,2020-09-20 19:49:44,Average product rating out of 5: 4.7. Product score is based on 9 ratings,9,,True
adaa2908-bbd9-4d2e-9f4d-23e1ee818e8f,Woolworths Supermarket,Health & Beauty,Norsca Deodorant Aerosol Forest Fresh 150g,001100,$6.00,$2.45 / 100ML,https://www.woolworths.com.au/shop/productdetails/1100/norsca-deodorant-aerosol-forest-fresh,https://cdn0.woolworths.media/content/wowproductimages/medium/001100.jpg,2020-09-20 19:49:44,Average product rating out of 5: 4.6. Product score is based on 23 ratings,23,,True
90f15db5-9337-4e0f-aee8-5abcddfa7fcb,Woolworths Supermarket,Health & Beauty,Listerine Fresh Burst Mouthwash 1l,001263,$9.39,$0.94 / 100ML,https://www.woolworths.com.au/shop/productdetails/1263/listerine-fresh-burst-mouthwash,https://cdn0.woolworths.media/content/wowproductimages/medium/001263.jpg,2020-09-20 19:49:44,Average product rating out of 5: 4.9. Product score is based on 25 ratings,25,Was $9.80 24/07/16,True
200546bf-ea70-4d5d-a1b8-107467a5ff2e,Woolworths Supermarket,Health & Beauty,Biore Deep Cleansing Pore Strips 6pk,001478,$7.20,$1.20 / 1EA,https://www.woolworths.com.au/shop/productdetails/1478/biore-deep-cleansing-pore-strips,https://cdn0.woolworths.media/content/wowproductimages/medium/001478.jpg,2020-09-20 19:49:44,Average product rating out of 5: 4.0. Product score is based on 6 ratings,6,,True
0a8a3a21-3675-499f-8e2a-31f375521b93,Woolworths Supermarket,Health & Beauty,Murine Eye Drops Tears For Eyes 15ml,001536,$8.50,$56.67 / 100ML,https://www.woolworths.com.au/shop/productdetails/1536/murine-eye-drops-tears-for-eyes,https://cdn0.woolworths.media/content/wowproductimages/medium/001536.jpg,2020-09-20 19:49:44,Average product rating out of 5: 4.8. Product score is based on 5 ratings,5,Was $9.10 31/07/2017,True
ba11dc24-65ab-4d4a-848f-187c44499641,Woolworths Supermarket,Health & Beauty,Dove Women Deodorant Original Clean Alcohol Free 45ml,001597,$3.90,$7.80 / 100ML,https://www.woolworths.com.au/shop/productdetails/1597/dove-women-deodorant-original-clean-alcohol-free,https://cdn0.woolworths.media/content/wowproductimages/medium/001597.jpg,2020-09-20 19:49:44,Average product rating out of 5: 4.7. Product score is based on 26 ratings,26,,True
1cb6011e-3239-49ba-a6b3-f505695b6ec8,Woolworths Supermarket,Health & Beauty,Mitchum Men's Roll On Sport Antiperspirant & Deodorant 50ml,001666,$3.80,$7.60 / 100ML,https://www.woolworths.com.au/shop/productdetails/1666/mitchum-men-s-roll-on-sport-antiperspirant-deodorant,https://cdn0.woolworths.media/content/wowproductimages/medium/001666.jpg,2020-09-20 19:49:44,Average product rating out of 5: 5.0. Product score is based on 24 ratings,24,,True
f4e39faa-c479-408a-bf90-4a2bfbf1ff5c,Woolworths Supermarket,Health & Beauty,Essentials Petroleum Jelly 200g,001995,$2.75,$1.38 / 100G,https://www.woolworths.com.au/shop/productdetails/1995/essentials-petroleum-jelly,https://cdn0.woolworths.media/content/wowproductimages/medium/001995.jpg,2020-09-20 19:49:44,Average product rating out of 5: 4.2. Product score is based on 10 ratings,10,,True
f62a3fb9-988d-477a-9496-b9389518ea07,Woolworths Supermarket,Health & Beauty,L'oreal Paris Preference 5 Palma Brown each,002328,$9.50,,https://www.woolworths.com.au/shop/productdetails/2328/l-oreal-paris-preference-5-palma-brown,https://cdn0.woolworths.media/content/wowproductimages/medium/002328.jpg,2020-09-20 19:49:44,Average product rating out of 5: 4.5. Product score is based on 4 ratings,4,,True
2f190ff1-c002-43c2-8c59-1fa6507659b5,Woolworths Supermarket,Health & Beauty,L'oreal Paris Preference 10.21 Alaska Pearl Blonde each,002447,$9.50,,https://www.woolworths.com.au/shop/productdetails/2447/l-oreal-paris-preference-10-21-alaska-pearl-blonde,https://cdn0.woolworths.media/content/wowproductimages/medium/002447.jpg,2020-09-20 19:49:44,Average product rating out of 5: 5.0. Product score is based on 4 ratings,4,,True
abbf7bcb-0ef0-4b0b-b38d-562919ea51bc,Woolworths Supermarket,Health & Beauty,L'oreal Paris Preference 9.1 Viking Light Ash Blonde each,002517,$9.50,,https://www.woolworths.com.au/shop/productdetails/2517/l-oreal-paris-preference-9-1-viking-light-ash-blonde,https://cdn0.woolworths.media/content/wowproductimages/medium/002517.jpg,2020-09-20 19:49:44,Average product rating out of 5: 4.3. Product score is based on 4 ratings,4,,True
da618d49-a0c8-4dee-8549-1cdbe6cf2ef3,Woolworths Supermarket,Health & Beauty,Cover Girl Perfect Blend Eye Pencil 110 Black Brown each,002846,$13.00,$152.94 / 10G,https://www.woolworths.com.au/shop/productdetails/2846/cover-girl-perfect-blend-eye-pencil-110-black-brown,https://cdn0.woolworths.media/content/wowproductimages/medium/002846.jpg,2020-09-20 19:49:44,,0,,True
d6a5986f-4841-4491-ada0-87cf2b543d35,Woolworths Supermarket,Health & Beauty,Cottons Tampons Regular 16 pack,003671,$4.80,$0.30 / 1EA,https://www.woolworths.com.au/shop/productdetails/3671/cottons-tampons-regular,https://cdn0.woolworths.media/content/wowproductimages/medium/003671.jpg,2020-09-20 19:49:44,,0,,True
7ebfd89b-c069-4e97-abff-a319cd4070f3,Woolworths Supermarket,Health & Beauty,Cottons Tampons Super 16 pack,003734,$4.80,$0.30 / 1EA,https://www.woolworths.com.au/shop/productdetails/3734/cottons-tampons-super,https://cdn0.woolworths.media/content/wowproductimages/medium/003734.jpg,2020-09-20 19:49:44,,0,,True
8a5cb284-9aed-4504-942b-7ac44fc743ed,Woolworths Supermarket,Health & Beauty,Olay Moisturising Lotion For Sensitive Skin 150ml,004722,$13.00,$8.67 / 100ML,https://www.woolworths.com.au/shop/productdetails/4722/olay-moisturising-lotion-for-sensitive-skin,https://cdn0.woolworths.media/content/wowproductimages/medium/004722.jpg,2020-09-20 19:49:44,Average product rating out of 5: 4.6. Product score is based on 7 ratings,7,Was $14.70 27/02/2017,True
8e932d0b-03e9-4f36-a65f-88b3c009afd4,Woolworths Supermarket,Health & Beauty,Olay Moisturising Cream Sensitive Skin 100g,004752,$13.00,$13.00 / 100G,https://www.woolworths.com.au/shop/productdetails/4752/olay-moisturising-cream-sensitive-skin,https://cdn0.woolworths.media/content/wowproductimages/medium/004752.jpg,2020-09-20 19:49:44,Average product rating out of 5: 5.0. Product score is based on 9 ratings,9,Was $15.30 27/02/2017,True
9334c2f0-1a92-4c34-bc3a-401426f2c35f,Woolworths Supermarket,Health & Beauty,Tiger Balm Red Extra Strength 18g,004781,$8.30,$46.11 / 100G,https://www.woolworths.com.au/shop/productdetails/4781/tiger-balm-red-extra-strength,https://cdn0.woolworths.media/content/wowproductimages/medium/004781.jpg,2020-09-20 19:49:44,Average product rating out of 5: 5.0. Product score is based on 4 ratings,4,,True
c8f17aa1-1f6e-4e50-b13d-672760bbe9ff,Woolworths Supermarket,Health & Beauty,Palmolive Naturals Liquid Hand Wash Soap Aloe Vera & Chamomile 250ml,004894,$2.79,$1.12 / 100ML,https://www.woolworths.com.au/shop/productdetails/4894/palmolive-naturals-liquid-hand-wash-soap-aloe-vera-chamomile,https://cdn0.woolworths.media/content/wowproductimages/medium/004894.jpg,2020-09-20 19:49:44,Average product rating out of 5: 4.6. Product score is based on 18 ratings,18,,True
5dd0e120-01d3-4126-a503-ca332dffae84,Woolworths Supermarket,Health & Beauty,Nivea Moisturising Day Face Cream Fluid Spf15 50ml,005128,$5.60,$11.20 / 100ML,https://www.woolworths.com.au/shop/productdetails/5128/nivea-moisturising-day-face-cream-fluid-spf15,https://cdn0.woolworths.media/content/wowproductimages/medium/005128.jpg,2020-09-20 19:49:44,Average product rating out of 5: 4.7. Product score is based on 9 ratings,9,,True
3bf98879-38aa-4d98-ae88-4feff2663368,Woolworths Supermarket,Health & Beauty,Gillette Shaving Gel Sensitive Skin 200ml,005545,$6.20,$3.16 / 100G,https://www.woolworths.com.au/shop/productdetails/5545/gillette-shaving-gel-sensitive-skin,https://cdn0.woolworths.media/content/wowproductimages/medium/005545.jpg,2020-09-20 19:49:44,Average product rating out of 5: 4.6. Product score is based on 18 ratings,18,,True
74f10ee6-5b65-42eb-9c8f-8906923f7521,Woolworths Supermarket,Health & Beauty,Libra Invisible Regular Pads With Wings 14 pack,005554,$5.35,$0.38 / 1EA,https://www.woolworths.com.au/shop/productdetails/5554/libra-invisible-regular-pads-with-wings,https://cdn0.woolworths.media/content/wowproductimages/medium/005554.jpg,2020-09-20 19:49:44,,0,,True
01ede9bf-7b60-49cf-b509-052eba993d02,Woolworths Supermarket,Health & Beauty,Libra Invisible Regular Pads 14 pack,005569,$5.35,$0.38 / 1EA,https://www.woolworths.com.au/shop/productdetails/5569/libra-invisible-regular-pads,https://cdn0.woolworths.media/content/wowproductimages/medium/005569.jpg,2020-09-20 19:49:44,,0,,True
fee87f7b-8bb2-47af-a6d1-d22bf3b543db,Woolworths Supermarket,Health & Beauty,Libra Invisible Super Pads With Wings 12 pack,005588,$5.35,$0.45 / 1EA,https://www.woolworths.com.au/shop/productdetails/5588/libra-invisible-super-pads-with-wings,https://cdn0.woolworths.media/content/wowproductimages/medium/005588.jpg,2020-09-20 19:49:44,,0,,True
80ed0a93-5ca9-4e9e-b16c-6094df1d9b65,Woolworths Supermarket,Health & Beauty,Schick Razor Blades Ultra Plus 5 pack,005897,$9.25,$1.85 / 1EA,https://www.woolworths.com.au/shop/productdetails/5897/schick-razor-blades-ultra-plus,https://cdn0.woolworths.media/content/wowproductimages/medium/005897.jpg,2020-09-20 19:49:44,Average product rating out of 5: 3.7. Product score is based on 3 ratings,3,,True
18d537d2-beb3-4b80-a512-cad5b268a0d7,Woolworths Supermarket,Health & Beauty,Elastoplast Dressing Non Stick Wound Pad 5pk,005934,$5.30,$1.06 / 1EA,https://www.woolworths.com.au/shop/productdetails/5934/elastoplast-dressing-non-stick-wound-pad,https://cdn0.woolworths.media/content/wowproductimages/medium/005934.jpg,2020-09-20 19:49:44,Average product rating out of 5: 5.0. Product score is based on 3 ratings,3,,True
d1c328a4-a6b9-4bd0-8d35-b6d285cea05e,Woolworths Supermarket,Health & Beauty,Blackmores Executive B Stress Formula Tablets 28 pack,006259,$11.50,$41.07 / 100EA,https://www.woolworths.com.au/shop/productdetails/6259/blackmores-executive-b-stress-formula-tablets,https://cdn0.woolworths.media/content/wowproductimages/medium/006259.jpg,2020-09-20 19:49:44,Average product rating out of 5: 5.0. Product score is based on 2 ratings,2,,True
c03376bf-563f-4963-b686-0f1490be4b8e,Woolworths Supermarket,Health & Beauty,Redwin Anti-perspirant Deodorant Aerosol Aluminium Free Sport 150ml,006300,$5.00,$3.33 / 100ML,https://www.woolworths.com.au/shop/productdetails/6300/redwin-anti-perspirant-deodorant-aerosol-aluminium-free-sport,https://cdn0.woolworths.media/content/wowproductimages/medium/006300.jpg,2020-09-20 19:49:44,Average product rating out of 5: 4.7. Product score is based on 16 ratings,16,,True
d1c4b286-09ce-4472-92e5-cfb50ecfed29,Woolworths Supermarket,Health & Beauty,Blackmores Mega B Complex Tablets 75 pack,006370,$24.00,$32.00 / 100EA,https://www.woolworths.com.au/shop/productdetails/6370/blackmores-mega-b-complex-tablets,https://cdn0.woolworths.media/content/wowproductimages/medium/006370.jpg,2020-09-20 19:49:44,Average product rating out of 5: 5.0. Product score is based on 6 ratings,6,,True
6b36ffcf-7747-49e7-acc9-172d71d85ea1,Woolworths Supermarket,Health & Beauty,Blackmores Bio C Tablets 1000mg 62 pack,006571,$17.60,$28.39 / 100EA,https://www.woolworths.com.au/shop/productdetails/6571/blackmores-bio-c-tablets-1000mg,https://cdn0.woolworths.media/content/wowproductimages/medium/006571.jpg,2020-09-20 19:49:44,Average product rating out of 5: 4.9. Product score is based on 10 ratings,10,,True
08440e64-1666-46fc-97ce-3bf691a95b81,Woolworths Supermarket,Health & Beauty,Organic Care Shampoo Normal Balanced 400ml,006768,$1.75,$0.44 / 100ML,https://www.woolworths.com.au/shop/productdetails/6768/organic-care-shampoo-normal-balanced,https://cdn0.woolworths.media/content/wowproductimages/medium/006768.jpg,2020-09-20 19:49:44,Average product rating out of 5: 4.3. Product score is based on 25 ratings,25,,True
26bdd4b0-31d1-43fa-b986-ea9fb7af330a,Woolworths Supermarket,Health & Beauty,Just For Men Hair Colour Light Brown 100g,007384,$11.50,$11.50 / 100G,https://www.woolworths.com.au/shop/productdetails/7384/just-for-men-hair-colour-light-brown,https://cdn0.woolworths.media/content/wowproductimages/medium/007384.jpg,2020-09-20 19:49:44,Average product rating out of 5: 4.0. Product score is based on 1 ratings,1,,True
1731f311-598f-4c0e-bd17-6487ee5e846e,Woolworths Supermarket,Health & Beauty,Just For Men Hair Colour Medium Brown 100g,007515,$11.50,$11.50 / 100G,https://www.woolworths.com.au/shop/productdetails/7515/just-for-men-hair-colour-medium-brown,https://cdn0.woolworths.media/content/wowproductimages/medium/007515.jpg,2020-09-20 19:49:44,,0,,True
1904c97d-b45c-4352-9098-c7d3ce1a1d58,Woolworths Supermarket,Health & Beauty,Just For Men Hair Colour Dark Brown 100g,007516,$11.50,$11.50 / 100G,https://www.woolworths.com.au/shop/productdetails/7516/just-for-men-hair-colour-dark-brown,https://cdn0.woolworths.media/content/wowproductimages/medium/007516.jpg,2020-09-20 19:49:44,Average product rating out of 5: 4.5. Product score is based on 2 ratings,2,,True
3d9cb341-dfc3-4725-ac82-08cb8c6a705d,Woolworths Supermarket,Health & Beauty,Just For Men Hair Colour Real Black 100g,007523,$11.50,$11.50 / 100G,https://www.woolworths.com.au/shop/productdetails/7523/just-for-men-hair-colour-real-black,https://cdn0.woolworths.media/content/wowproductimages/medium/007523.jpg,2020-09-20 19:49:44,Average product rating out of 5: 5.0. Product score is based on 1 ratings,1,,True
5c019604-74b7-40b2-a146-39859a3e39ed,Woolworths Supermarket,Health & Beauty,Isocol Antiseptic Rub 345ml,007695,$10.50,$3.04 / 100ML,https://www.woolworths.com.au/shop/productdetails/7695/isocol-antiseptic-rub,https://cdn0.woolworths.media/content/wowproductimages/medium/007695.jpg,2020-09-20 19:49:44,Average product rating out of 5: 5.0. Product score is based on 13 ratings,13,,True
4dfa57ba-7e36-403e-b9c4-2971f1d122d2,Woolworths Supermarket,Health & Beauty,Redwin Anti Dandruff Shampoo Tea Tree Treatment 250ml,007798,$4.85,$1.94 / 100ML,https://www.woolworths.com.au/shop/productdetails/7798/redwin-anti-dandruff-shampoo-tea-tree-treatment,https://cdn0.woolworths.media/content/wowproductimages/medium/007798.jpg,2020-09-20 19:49:44,Average product rating out of 5: 4.7. Product score is based on 17 ratings,17,,True
81580fff-043e-44d0-b3fa-d58f236af743,Woolworths Supermarket,Health & Beauty,Nature's Way Protein Powder Instant Natural 375g,007821,$21.00,$5.60 / 100G,https://www.woolworths.com.au/shop/productdetails/7821/nature-s-way-protein-powder-instant-natural,https://cdn0.woolworths.media/content/wowproductimages/medium/007821.jpg,2020-09-20 19:49:44,Average product rating out of 5: 5.0. Product score is based on 6 ratings,6,,True
39be651f-dd4f-426e-998c-d4288220e5b7,Woolworths Supermarket,Health & Beauty,Nu-lax Laxatives Natural Fruit 250g,007945,$6.75,$2.70 / 100G,https://www.woolworths.com.au/shop/productdetails/7945/nu-lax-laxatives-natural-fruit,https://cdn0.woolworths.media/content/wowproductimages/medium/007945.jpg,2020-09-20 19:49:44,,0,,True
f241d01d-ba6c-4099-87c1-a8879b761743,Woolworths Supermarket,Health & Beauty,Organic Care Conditioner Normal Balanced 400ml,008058,$1.75,$0.44 / 100ML,https://www.woolworths.com.au/shop/productdetails/8058/organic-care-conditioner-normal-balanced,https://cdn0.woolworths.media/content/wowproductimages/medium/008058.jpg,2020-09-20 19:49:44,Average product rating out of 5: 4.4. Product score is based on 16 ratings,16,,True
7685f007-de5d-4cb5-b2cc-de209bd68c0e,Woolworths Supermarket,Health & Beauty,Blackmores Lyp-sine Coldsore Relief Tablets 30 pack,008595,$10.20,$34.00 / 100EA,https://www.woolworths.com.au/shop/productdetails/8595/blackmores-lyp-sine-coldsore-relief-tablets,https://cdn0.woolworths.media/content/wowproductimages/medium/008595.jpg,2020-09-20 19:49:44,Average product rating out of 5: 4.0. Product score is based on 3 ratings,3,,True
cdd4ab36-ffb2-46da-bde3-aa9cab717923,Woolworths Supermarket,Health & Beauty,Schwarzkopf Extra Care Hair Spray Strong Hold 250g,008617,$5.95,$2.38 / 100G,https://www.woolworths.com.au/shop/productdetails/8617/schwarzkopf-extra-care-hair-spray-strong-hold,https://cdn0.woolworths.media/content/wowproductimages/medium/008617.jpg,2020-09-20 19:49:44,Average product rating out of 5: 4.5. Product score is based on 6 ratings,6,,True
20f31218-0246-45a7-937b-0cd64ca309eb,Woolworths Supermarket,Health & Beauty,Nivea Moisturising Peach Lip Balm 4.8g,008749,$4.00,$8.33 / 10G,https://www.woolworths.com.au/shop/productdetails/8749/nivea-moisturising-peach-lip-balm,https://cdn0.woolworths.media/content/wowproductimages/medium/008749.jpg,2020-09-20 19:49:44,Average product rating out of 5: 4.9. Product score is based on 9 ratings,9,,True
5e7d4fba-fd31-427e-90a1-b3855f9f57c8,Woolworths Supermarket,Health & Beauty,Laxettes Senna Laxative Tablets 50 pack,008756,$5.30,$0.11 / 1EA,https://www.woolworths.com.au/shop/productdetails/8756/laxettes-senna-laxative-tablets,https://cdn0.woolworths.media/content/wowproductimages/medium/008756.jpg,2020-09-20 19:49:44,Average product rating out of 5: 4.3. Product score is based on 4 ratings,4,,True
250c95dc-cc43-4048-954b-15439647c4d8,Woolworths Supermarket,Health & Beauty,U By Kotex Cotton Liners 26 pack,009208,$2.45,$0.09 / 1EA,https://www.woolworths.com.au/shop/productdetails/9208/u-by-kotex-cotton-liners,https://cdn0.woolworths.media/content/wowproductimages/medium/009208.jpg,2020-09-20 19:49:44,,0,,True
610b1ab1-e8f6-4500-b976-029ec86c1f98,Woolworths Supermarket,Health & Beauty,Love Luna Lady Leaks Midi Brief Black 18 To 20 each,009218,$20.00,$20.00 / 1EA,https://www.woolworths.com.au/shop/productdetails/9218/love-luna-lady-leaks-midi-brief-black-18-to-20,https://cdn0.woolworths.media/content/wowproductimages/medium/009218.jpg,2020-09-20 19:49:44,,0,,True
d6e0bded-edf1-4865-8053-7a79aa150e32,Woolworths Supermarket,Health & Beauty,Love Luna Lady Leaks Midi Brief Black 16 To 18 each,009219,$20.00,$20.00 / 1EA,https://www.woolworths.com.au/shop/productdetails/9219/love-luna-lady-leaks-midi-brief-black-16-to-18,https://cdn0.woolworths.media/content/wowproductimages/medium/009219.jpg,2020-09-20 19:49:44,,0,,True
9daee17a-347a-43c0-8b11-95f74eaf98ae,Woolworths Supermarket,Health & Beauty,Love Luna Lady Leaks Midi Brief Black 10 To 12 each,009287,$20.00,$20.00 / 1EA,https://www.woolworths.com.au/shop/productdetails/9287/love-luna-lady-leaks-midi-brief-black-10-to-12,https://cdn0.woolworths.media/content/wowproductimages/medium/009287.jpg,2020-09-20 19:49:44,,0,,True
715f96fe-9bcc-4c7e-bfc8-436ebb6040b7,Woolworths Supermarket,Health & Beauty,Love Luna Lady Leaks Midi Brief Black 14 To 16 each,009294,$20.00,$20.00 / 1EA,https://www.woolworths.com.au/shop/productdetails/9294/love-luna-lady-leaks-midi-brief-black-14-to-16,https://cdn0.woolworths.media/content/wowproductimages/medium/009294.jpg,2020-09-20 19:49:44,,0,,True
a2aa2430-2cfa-4c47-ba01-c35458de4e41,Woolworths Supermarket,Health & Beauty,Love Luna Lady Leaks Midi Brief Size 12-14 each,009298,$20.00,$20.00 / 1EA,https://www.woolworths.com.au/shop/productdetails/9298/love-luna-lady-leaks-midi-brief-size-12-14,https://cdn0.woolworths.media/content/wowproductimages/medium/009298.jpg,2020-09-20 19:49:44,,0,,True
c27a05d3-e258-4b1a-8b6b-7b7356dafcec,Woolworths Supermarket,Health & Beauty,Manicare Nail Polish Remover Pads Coconut 32 pack,009300,$5.30,$5.30 / 1EA,https://www.woolworths.com.au/shop/productdetails/9300/manicare-nail-polish-remover-pads-coconut,https://cdn0.woolworths.media/content/wowproductimages/medium/009300.jpg,2020-09-20 19:49:44,,0,,True
ae1c4ed4-9750-4140-bdc4-bbc328157649,Woolworths Supermarket,Health & Beauty,Manicare Crystal Nail File each,009302,$17.00,$17.00 / 1EA,https://www.woolworths.com.au/shop/productdetails/9302/manicare-crystal-nail-file,https://cdn0.woolworths.media/content/wowproductimages/medium/009302.jpg,2020-09-20 19:49:44,,0,,True
fd439a65-fd11-4517-bb59-b67c9192944d,Woolworths Supermarket,Health & Beauty,Cover Girl Perfect Blend Eye Pencil 100 Basic Black each,009344,$13.00,$152.94 / 10G,https://www.woolworths.com.au/shop/productdetails/9344/cover-girl-perfect-blend-eye-pencil-100-basic-black,https://cdn0.woolworths.media/content/wowproductimages/medium/009344.jpg,2020-09-20 19:49:44,Average product rating out of 5: 5.0. Product score is based on 1 ratings,1,,True
5b7f138e-edb1-41fb-b36e-c7cf15eb51ad,Woolworths Supermarket,Health & Beauty,L'oreal Paris Elvive Colour Protect Shampoo 700ml,009902,$10.00,$1.43 / 100ML,https://www.woolworths.com.au/shop/productdetails/9902/l-oreal-paris-elvive-colour-protect-shampoo,https://cdn0.woolworths.media/content/wowproductimages/medium/009902.jpg,2020-09-20 19:49:44,Average product rating out of 5: 4.4. Product score is based on 7 ratings,7,Was $15.00 04/09/2017,True
461fac87-fa81-4117-b20e-5e8b84aa4e24,Woolworths Supermarket,Health & Beauty,Tom Organic Overnight Pads 8 pack,010044,$4.55,$0.57 / 1EA,https://www.woolworths.com.au/shop/productdetails/10044/tom-organic-overnight-pads,https://cdn0.woolworths.media/content/wowproductimages/medium/010044.jpg,2020-09-20 19:49:44,,0,,True
ff8da0e0-de25-44db-9780-d53f1ab68a6c,Woolworths Supermarket,Health & Beauty,L'oreal Paris Elvive Colour Protect Conditioner 700ml,010101,$10.00,$1.43 / 100ML,https://www.woolworths.com.au/shop/productdetails/10101/l-oreal-paris-elvive-colour-protect-conditioner,https://cdn0.woolworths.media/content/wowproductimages/medium/010101.jpg,2020-09-20 19:49:44,,0,Was $15.00 04/09/2017,True
f1b02233-8f92-4dde-ad6b-2e3b81f29b78,Woolworths Supermarket,Health & Beauty,L'oreal Paris Elvive Total Repair Shampoo 700ml,010102,$10.00,$1.43 / 100ML,https://www.woolworths.com.au/shop/productdetails/10102/l-oreal-paris-elvive-total-repair-shampoo,https://cdn0.woolworths.media/content/wowproductimages/medium/010102.jpg,2020-09-20 19:49:44,Average product rating out of 5: 4.8. Product score is based on 8 ratings,8,Was $15.00 04/09/2017,True
f447a955-ed61-46c8-8424-89f071461f5f,Woolworths Supermarket,Health & Beauty,L'oreal Paris Elvive Total Repair Conditioner 700ml,010103,$10.00,$1.43 / 100ML,https://www.woolworths.com.au/shop/productdetails/10103/l-oreal-paris-elvive-total-repair-conditioner,https://cdn0.woolworths.media/content/wowproductimages/medium/010103.jpg,2020-09-20 19:49:44,,0,Was $15.00 04/09/2017,True
3212d61a-7576-4492-8a58-812ef249a405,Woolworths Supermarket,Health & Beauty,Brut Deodorant Aerosol Original 150g,010829,$6.30,$2.57 / 100ML,https://www.woolworths.com.au/shop/productdetails/10829/brut-deodorant-aerosol-original,https://cdn0.woolworths.media/content/wowproductimages/medium/010829.jpg,2020-09-20 19:49:44,Average product rating out of 5: 4.7. Product score is based on 26 ratings,26,,True
7968b40c-e910-4fb3-a5b6-33156a677ee5,Woolworths Supermarket,Health & Beauty,Brut Deodorant Aerosol Anti Perspirant Ultra Dry 150g,010830,$6.30,$2.57 / 100ML,https://www.woolworths.com.au/shop/productdetails/10830/brut-deodorant-aerosol-anti-perspirant-ultra-dry,https://cdn0.woolworths.media/content/wowproductimages/medium/010830.jpg,2020-09-20 19:49:44,Average product rating out of 5: 4.8. Product score is based on 15 ratings,15,,True
d36db168-b3db-4064-9689-b53d9671e4f6,Woolworths Supermarket,Health & Beauty,Quick-eze Antacids Peppermint Chewy 8 pack,010972,$2.30,$0.29 / 1EA,https://www.woolworths.com.au/shop/productdetails/10972/quick-eze-antacids-peppermint-chewy,https://cdn0.woolworths.media/content/wowproductimages/medium/010972.jpg,2020-09-20 19:49:44,Average product rating out of 5: 4.7. Product score is based on 11 ratings,11,,True
5e151f73-9690-4947-a256-7ff54829d9e4,Woolworths Supermarket,Health & Beauty,Tena Liners Ultra Long 22 pack,011451,$3.50,$0.16 / 1EA,https://www.woolworths.com.au/shop/productdetails/11451/tena-liners-ultra-long,https://cdn0.woolworths.media/content/wowproductimages/medium/011451.jpg,2020-09-20 19:49:44,,0,,True
1e988cb1-0972-41fe-bad0-56f7ac373ed4,Woolworths Supermarket,Health & Beauty,Tena Ultra Thin Pads Standard Length 12 pack,011693,$3.50,$0.29 / 1EA,https://www.woolworths.com.au/shop/productdetails/11693/tena-ultra-thin-pads-standard-length,https://cdn0.woolworths.media/content/wowproductimages/medium/011693.jpg,2020-09-20 19:49:44,,0,,True
b292fe80-cec8-4829-96cd-763336693b5f,Woolworths Supermarket,Health & Beauty,Tena Ultra Thin Pads Long Length 12 pack,011716,$3.50,$0.29 / 1EA,https://www.woolworths.com.au/shop/productdetails/11716/tena-ultra-thin-pads-long-length,https://cdn0.woolworths.media/content/wowproductimages/medium/011716.jpg,2020-09-20 19:49:44,,0,,True
d77490c0-3cbb-4dc5-bdd8-fbd2d86a8465,Woolworths Supermarket,Health & Beauty,Libra Tampons Girl Regular 16 pack,011792,$3.60,$0.23 / 1EA,https://www.woolworths.com.au/shop/productdetails/11792/libra-tampons-girl-regular,https://cdn0.woolworths.media/content/wowproductimages/medium/011792.jpg,2020-09-20 19:49:44,,0,,True
77a75d7f-c2dd-4c75-a5b5-7231a1480c1e,Woolworths Supermarket,Health & Beauty,Maybelline Color Sensational Lipstick Mauve 4.2g,012133,$12.00,$28.57 / 10G,https://www.woolworths.com.au/shop/productdetails/12133/maybelline-color-sensational-lipstick-mauve,https://cdn0.woolworths.media/content/wowproductimages/medium/012133.jpg,2020-09-20 19:49:44,Average product rating out of 5: 2.0. Product score is based on 1 ratings,1,,True
caddb67c-74f1-405d-ba17-d27d5d9039b8,Woolworths Supermarket,Health & Beauty,Maybelline Color Sensational Lipstick Pink 4.2g,012137,$12.00,$28.57 / 10G,https://www.woolworths.com.au/shop/productdetails/12137/maybelline-color-sensational-lipstick-pink,https://cdn0.woolworths.media/content/wowproductimages/medium/012137.jpg,2020-09-20 19:49:44,,0,,True
5fc19b99-52a0-4cd8-beb7-cfb0b0f50abf,Woolworths Supermarket,Health & Beauty,Maybelline Color Sensational Lipstick Red 4.2g,012151,$12.00,$28.57 / 10G,https://www.woolworths.com.au/shop/productdetails/12151/maybelline-color-sensational-lipstick-red,https://cdn0.woolworths.media/content/wowproductimages/medium/012151.jpg,2020-09-20 19:49:44,Average product rating out of 5: 5.0. Product score is based on 1 ratings,1,,True
ad9cd77b-3692-44ba-a5e8-1c6c730c4e50,Woolworths Supermarket,Health & Beauty,Redwin Sorbolene Body Moisturiser With Vitamin E 1l,012836,$6.30,$0.63 / 100ML,https://www.woolworths.com.au/shop/productdetails/12836/redwin-sorbolene-body-moisturiser-with-vitamin-e,https://cdn0.woolworths.media/content/wowproductimages/medium/012836.jpg,2020-09-20 19:49:44,Average product rating out of 5: 4.8. Product score is based on 28 ratings,28,,True
4bcf27be-d555-4520-ade8-61365b858f70,Woolworths Supermarket,Health & Beauty,Mcobeauty Rose Lip Balm 15g,012843,$7.00,$4.67 / 10G,https://www.woolworths.com.au/shop/productdetails/12843/mcobeauty-rose-lip-balm,https://cdn0.woolworths.media/content/wowproductimages/medium/012843.jpg,2020-09-20 19:49:44,Average product rating out of 5: 2.0. Product score is based on 1 ratings,1,,True
e5e9cf88-8a23-4dca-81af-ef3feb4e102e,Woolworths Supermarket,Health & Beauty,Neutrogena Deep Clean Cream Cleanser 200g,013063,$15.50,$7.75 / 100G,https://www.woolworths.com.au/shop/productdetails/13063/neutrogena-deep-clean-cream-cleanser,https://cdn0.woolworths.media/content/wowproductimages/medium/013063.jpg,2020-09-20 19:49:44,Average product rating out of 5: 3.5. Product score is based on 2 ratings,2,,True
0493becb-a7c3-4511-81bc-57280f356128,Woolworths Supermarket,Health & Beauty,Neutrogena Deep Clean Normal To Oily Skin Cleanser 200ml,013365,$15.50,$7.75 / 100ML,https://www.woolworths.com.au/shop/productdetails/13365/neutrogena-deep-clean-normal-to-oily-skin-cleanser,https://cdn0.woolworths.media/content/wowproductimages/medium/013365.jpg,2020-09-20 19:49:44,Average product rating out of 5: 4.7. Product score is based on 3 ratings,3,,True
bce2ac60-4ef1-414d-b7a4-2f33a2390536,Woolworths Supermarket,Health & Beauty,Neutrogena Oil-free Moisture Sensitive Skin Facial Moisturiser 118ml,013426,$10.15,$8.60 / 100ML,https://www.woolworths.com.au/shop/productdetails/13426/neutrogena-oil-free-moisture-sensitive-skin-facial-moisturiser,https://cdn0.woolworths.media/content/wowproductimages/medium/013426.jpg,2020-09-20 19:49:44,Average product rating out of 5: 4.8. Product score is based on 8 ratings,8,,True
6d31a132-e8b5-404d-92a1-3a21e35ab2cd,Woolworths Supermarket,Health & Beauty,The Diva Cup Model 1 each,013727,$45.00,$45.00 / 1EA,https://www.woolworths.com.au/shop/productdetails/13727/the-diva-cup-model-1,https://cdn0.woolworths.media/content/wowproductimages/medium/013727.jpg,2020-09-20 19:49:44,,0,,True
d638b37b-5940-4b43-81c3-f77d3fe90ccf,Woolworths Supermarket,Health & Beauty,The Diva Cup Model 2 each,013758,$45.00,$45.00 / 1EA,https://www.woolworths.com.au/shop/productdetails/13758/the-diva-cup-model-2,https://cdn0.woolworths.media/content/wowproductimages/medium/013758.jpg,2020-09-20 19:49:44,,0,,True
49de1b14-6b4b-425c-ba24-5738d6a469d6,Woolworths Supermarket,Health & Beauty,Mcobeauty Pre Glued False Lashes Luscious 1ea,013772,$10.50,$10.50 / 1EA,https://www.woolworths.com.au/shop/productdetails/13772/mcobeauty-pre-glued-false-lashes-luscious,https://cdn0.woolworths.media/content/wowproductimages/medium/013772.jpg,2020-09-20 19:49:44,Average product rating out of 5: 4.0. Product score is based on 2 ratings,2,,True
367b0a09-9839-4faa-8b8c-b7ff398d5516,Woolworths Supermarket,Health & Beauty,Nivea Extra Gentle Eye Makeup Remover + Provitamin B5 125ml,013865,$9.25,$7.40 / 100ML,https://www.woolworths.com.au/shop/productdetails/13865/nivea-extra-gentle-eye-makeup-remover-provitamin-b5,https://cdn0.woolworths.media/content/wowproductimages/medium/013865.jpg,2020-09-20 19:49:44,Average product rating out of 5: 4.5. Product score is based on 4 ratings,4,,True
54827a76-3d96-4312-b0db-3f79e763b5a9,Woolworths Supermarket,Health & Beauty,Tena Men Absorbent Protector Level 3 8 pack,013925,$8.00,$1.00 / 1EA,https://www.woolworths.com.au/shop/productdetails/13925/tena-men-absorbent-protector-level-3,https://cdn0.woolworths.media/content/wowproductimages/medium/013925.jpg,2020-09-20 19:49:44,,0,,True
b63667c5-e75b-49e2-bfc2-483c62c3dba3,Woolworths Supermarket,Health & Beauty,Schwarzkopf Extra Care Hair Spray Super Styling Lacquer 400g,014138,$9.00,$2.25 / 100G,https://www.woolworths.com.au/shop/productdetails/14138/schwarzkopf-extra-care-hair-spray-super-styling-lacquer,https://cdn0.woolworths.media/content/wowproductimages/medium/014138.jpg,2020-09-20 19:49:44,Average product rating out of 5: 4.9. Product score is based on 13 ratings,13,,True
8b9b78b0-6f2b-4889-ad23-90772edafc8a,Woolworths Supermarket,Health & Beauty,Maybelline City Mini Palette Eye Shadow Rooftop Bronze 4g,014147,$12.00,$30.00 / 10G,https://www.woolworths.com.au/shop/productdetails/14147/maybelline-city-mini-palette-eye-shadow-rooftop-bronze,https://cdn0.woolworths.media/content/wowproductimages/medium/014147.jpg,2020-09-20 19:49:44,Average product rating out of 5: 4.0. Product score is based on 3 ratings,3,,True
b3369973-5fc4-44a3-adbb-3adc4edba987,Woolworths Supermarket,Health & Beauty,Rimmel Exaggerate Lip Liner Red Diva 0.25g,014196,$13.00,$520.00 / 10G,https://www.woolworths.com.au/shop/productdetails/14196/rimmel-exaggerate-lip-liner-red-diva,https://cdn0.woolworths.media/content/wowproductimages/medium/014196.jpg,2020-09-20 19:49:44,Average product rating out of 5: 5.0. Product score is based on 1 ratings,1,,True
f8cef659-af34-402b-8444-e607736073f4,Woolworths Supermarket,Health & Beauty,Rimmel Exaggerate Auto Waterproof Eye Definer Noir each,014260,$13.00,,https://www.woolworths.com.au/shop/productdetails/14260/rimmel-exaggerate-auto-waterproof-eye-definer-noir,https://cdn0.woolworths.media/content/wowproductimages/medium/014260.jpg,2020-09-20 19:49:44,,0,,True
96d385fb-5c2a-4434-b0d9-d1bb56dec7e4,Woolworths Supermarket,Health & Beauty,Rimmel Exaggerate Auto Eyeliner Sable each,014263,$13.00,,https://www.woolworths.com.au/shop/productdetails/14263/rimmel-exaggerate-auto-eyeliner-sable,https://cdn0.woolworths.media/content/wowproductimages/medium/014263.jpg,2020-09-20 19:49:44,,0,,True
1f0b60f6-8bbc-4a43-831e-2330b06e32b1,Woolworths Supermarket,Health & Beauty,Libra Pads Extra Wings Regular 14 pack,014766,$4.20,$0.30 / 1EA,https://www.woolworths.com.au/shop/productdetails/14766/libra-pads-extra-wings-regular,https://cdn0.woolworths.media/content/wowproductimages/medium/014766.jpg,2020-09-20 19:49:44,,0,Was $4.80 06/11/2017,True
0eb4ab49-f831-4ced-9eab-7778c604cf13,Woolworths Supermarket,Health & Beauty,Libra Pads Wings Super 12 pack,014825,$4.20,$0.35 / 1EA,https://www.woolworths.com.au/shop/productdetails/14825/libra-pads-wings-super,https://cdn0.woolworths.media/content/wowproductimages/medium/014825.jpg,2020-09-20 19:49:44,,0,Was $4.80 06/11/2017,True
01914321-befc-466c-bc4a-f91dc2255105,Woolworths Supermarket,Health & Beauty,Swisspers Cotton Pads Make Up 80pk,015722,$3.75,$4.69 / 100EA,https://www.woolworths.com.au/shop/productdetails/15722/swisspers-cotton-pads-make-up,https://cdn0.woolworths.media/content/wowproductimages/medium/015722.jpg,2020-09-20 19:49:44,Average product rating out of 5: 4.7. Product score is based on 33 ratings,33,,True
ada47588-a87a-4909-a47d-957d90d1d6ae,Woolworths Supermarket,Health & Beauty,Rimmel Lasting Radiance Concealer 030 7ml,015833,$18.00,$25.71 / 10ML,https://www.woolworths.com.au/shop/productdetails/15833/rimmel-lasting-radiance-concealer-030,https://cdn0.woolworths.media/content/wowproductimages/medium/015833.jpg,2020-09-20 19:49:44,,0,,True
cf7b1c3b-7e33-46f4-9757-f60c25e461a3,Woolworths Supermarket,Health & Beauty,Rimmel Lasting Finish Radiance Foundation #200 30ml,015844,$23.00,$7.67 / 10ML,https://www.woolworths.com.au/shop/productdetails/15844/rimmel-lasting-finish-radiance-foundation-200,https://cdn0.woolworths.media/content/wowproductimages/medium/015844.jpg,2020-09-20 19:49:44,Average product rating out of 5: 5.0. Product score is based on 1 ratings,1,,True
c1e19f74-0ffa-4047-8e0f-fbf238c474d1,Woolworths Supermarket,Health & Beauty,Rimmel Lasting Radiance Foundation 303 30ml,015851,$23.00,$7.67 / 10ML,https://www.woolworths.com.au/shop/productdetails/15851/rimmel-lasting-radiance-foundation-303,https://cdn0.woolworths.media/content/wowproductimages/medium/015851.jpg,2020-09-20 19:49:44,,0,,True
e5bd90f8-ca98-4c66-b759-46b383eb6fdf,Woolworths Supermarket,Health & Beauty,Rimmel Wonder Luxe Mascara 11ml,015875,$21.00,$19.09 / 10ML,https://www.woolworths.com.au/shop/productdetails/15875/rimmel-wonder-luxe-mascara,https://cdn0.woolworths.media/content/wowproductimages/medium/015875.jpg,2020-09-20 19:49:44,,0,,True
a4100948-61d1-4572-9d07-3eaafed53bf5,Woolworths Supermarket,Health & Beauty,Rimmel Lasting Radiance Concealer 010 7ml,015882,$18.00,$25.71 / 10ML,https://www.woolworths.com.au/shop/productdetails/15882/rimmel-lasting-radiance-concealer-010,https://cdn0.woolworths.media/content/wowproductimages/medium/015882.jpg,2020-09-20 19:49:44,Average product rating out of 5: 5.0. Product score is based on 1 ratings,1,,True
3c5bfa5b-bc12-4748-8f66-6370f96013aa,Woolworths Supermarket,Health & Beauty,Body Science Whey Protein Chocolate 400g,016486,$23.00,$5.75 / 100G,https://www.woolworths.com.au/shop/productdetails/16486/body-science-whey-protein-chocolate,https://cdn0.woolworths.media/content/wowproductimages/medium/016486.jpg,2020-09-20 19:49:44,Average product rating out of 5: 3.0. Product score is based on 2 ratings,2,,True
6fb319ec-f2ed-47d3-9e6b-6553a40a8b26,Woolworths Supermarket,Health & Beauty,Body Science Whey Protein Vanilla 400g,016655,$23.00,$5.75 / 100G,https://www.woolworths.com.au/shop/productdetails/16655/body-science-whey-protein-vanilla,https://cdn0.woolworths.media/content/wowproductimages/medium/016655.jpg,2020-09-20 19:49:44,Average product rating out of 5: 1.0. Product score is based on 1 ratings,1,,True
25c806e1-5b89-42b5-9687-56690b064786,Woolworths Supermarket,Health & Beauty,Redwin Sorbolene Hand Cream With Vitamin E 100g,016787,$3.17,$3.17 / 100G,https://www.woolworths.com.au/shop/productdetails/16787/redwin-sorbolene-hand-cream-with-vitamin-e,https://cdn0.woolworths.media/content/wowproductimages/medium/016787.jpg,2020-09-20 19:49:44,Average product rating out of 5: 4.7. Product score is based on 7 ratings,7,,True
c27690ed-cdde-499c-b4bf-0d60cac18bb9,Woolworths Supermarket,Health & Beauty,Rimmel Lasting Radiance Foundation 103 30ml,016910,$23.00,$7.67 / 10ML,https://www.woolworths.com.au/shop/productdetails/16910/rimmel-lasting-radiance-foundation-103,https://cdn0.woolworths.media/content/wowproductimages/medium/016910.jpg,2020-09-20 19:49:44,Average product rating out of 5: 4.0. Product score is based on 2 ratings,2,,True
930e0d94-12f6-4eff-bcbd-1adafdc78a30,Woolworths Supermarket,Health & Beauty,Gillette Venus Satin Care Shaving Gel Sensitive Skin 195g,016933,$5.00,$2.56 / 100G,https://www.woolworths.com.au/shop/productdetails/16933/gillette-venus-satin-care-shaving-gel-sensitive-skin,https://cdn0.woolworths.media/content/wowproductimages/medium/016933.jpg,2020-09-20 19:49:44,Average product rating out of 5: 4.9. Product score is based on 13 ratings,13,,True
429abc90-0476-40a7-9e62-0de1dd93c97d,Woolworths Supermarket,Health & Beauty,Nyal Cough Syrups Bronchitis Mix 200ml,017800,$8.50,$4.25 / 100ML,https://www.woolworths.com.au/shop/productdetails/17800/nyal-cough-syrups-bronchitis-mix,https://cdn0.woolworths.media/content/wowproductimages/medium/017800.jpg,2020-09-20 19:49:44,Average product rating out of 5: 4.5. Product score is based on 6 ratings,6,,True
3c16db9b-1b49-464c-8501-58d927bc1a69,Woolworths Supermarket,Health & Beauty,Nature's Way Apple Cider Vinegar Diet Tablets 60 pack,017963,$30.00,$50.00 / 100EA,https://www.woolworths.com.au/shop/productdetails/17963/nature-s-way-apple-cider-vinegar-diet-tablets,https://cdn0.woolworths.media/content/wowproductimages/medium/017963.jpg,2020-09-20 19:49:44,Average product rating out of 5: 3.3. Product score is based on 4 ratings,4,,True
cfda1067-3496-49c8-9c89-597d83f42590,Woolworths Supermarket,Health & Beauty,Atkins Endulge Caramel Nougat 35g,018038,$3.00,$8.57 / 100G,https://www.woolworths.com.au/shop/productdetails/18038/atkins-endulge-caramel-nougat,https://cdn0.woolworths.media/content/wowproductimages/medium/018038.jpg,2020-09-20 19:49:44,Average product rating out of 5: 4.0. Product score is based on 6 ratings,6,,True
8de1c540-592b-45a7-88aa-c89dc6701815,Woolworths Supermarket,Health & Beauty,Mcobeauty Hydrating Oil Peachy Nude 4.8ml,018115,$7.00,$14.58 / 10ML,https://www.woolworths.com.au/shop/productdetails/18115/mcobeauty-hydrating-oil-peachy-nude,https://cdn0.woolworths.media/content/wowproductimages/medium/018115.jpg,2020-09-20 19:49:44,Average product rating out of 5: 5.0. Product score is based on 1 ratings,1,,True
59b21201-6d84-4b1c-9851-997e898d710a,Woolworths Supermarket,Health & Beauty,Mcobeauty Hydrating Oil Peachy Pink 4.8ml,018119,$7.00,$14.58 / 10ML,https://www.woolworths.com.au/shop/productdetails/18119/mcobeauty-hydrating-oil-peachy-pink,https://cdn0.woolworths.media/content/wowproductimages/medium/018119.jpg,2020-09-20 19:49:44,Average product rating out of 5: 4.0. Product score is based on 1 ratings,1,,True
8fa42848-2d3a-4d1c-a9e8-6a49c3520a22,Woolworths Supermarket,Health & Beauty,Sally Hansen Vitamin E Cuticle Oil 13.3ml,018193,$18.00,$13.53 / 10ML,https://www.woolworths.com.au/shop/productdetails/18193/sally-hansen-vitamin-e-cuticle-oil,https://cdn0.woolworths.media/content/wowproductimages/medium/018193.jpg,2020-09-20 19:49:44,,0,,True
f7df1419-9682-4e55-a231-e465c657069a,Woolworths Supermarket,Health & Beauty,Atkins Plus Protein Dark Chocolate 400ml,019071,$4.30,$1.08 / 100ML,https://www.woolworths.com.au/shop/productdetails/19071/atkins-plus-protein-dark-chocolate,https://cdn0.woolworths.media/content/wowproductimages/medium/019071.jpg,2020-09-20 19:49:44,Average product rating out of 5: 4.0. Product score is based on 8 ratings,8,,True
8821fdfd-0bfa-491d-8d83-cfaaf8167196,Woolworths Supermarket,Health & Beauty,Norsca Anti Perspirant Deodorant Aerosol Pump Forest 150ml,019651,$6.00,$4.00 / 100ML,https://www.woolworths.com.au/shop/productdetails/19651/norsca-anti-perspirant-deodorant-aerosol-pump-forest,https://cdn0.woolworths.media/content/wowproductimages/medium/019651.jpg,2020-09-20 19:49:44,Average product rating out of 5: 4.6. Product score is based on 9 ratings,9,,True
a4760f87-8e1c-4d91-8d22-3933eca4d0b9,Woolworths Supermarket,Health & Beauty,Metamucil Daily Fibre Supplement Smooth Orange 283g,019848,$14.85,$5.25 / 100G,https://www.woolworths.com.au/shop/productdetails/19848/metamucil-daily-fibre-supplement-smooth-orange,https://cdn0.woolworths.media/content/wowproductimages/medium/019848.jpg,2020-09-20 19:49:44,Average product rating out of 5: 4.7. Product score is based on 3 ratings,3,,True
5e28d789-8863-4ad9-a5be-02f2c2510018,Woolworths Supermarket,Health & Beauty,Metamucil Daily Fibre Supplement Orange Granular 48 Doses 528g,019916,$14.85,$2.81 / 100G,https://www.woolworths.com.au/shop/productdetails/19916/metamucil-daily-fibre-supplement-orange-granular-48-doses,https://cdn0.woolworths.media/content/wowproductimages/medium/019916.jpg,2020-09-20 19:49:44,Average product rating out of 5: 5.0. Product score is based on 2 ratings,2,,True
def0ea59-aa4b-468c-9345-786e12aa359e,Woolworths Supermarket,Health & Beauty,Listerine Mouthwash 1l,020523,$9.39,$0.94 / 100ML,https://www.woolworths.com.au/shop/productdetails/20523/listerine-mouthwash,https://cdn0.woolworths.media/content/wowproductimages/medium/020523.jpg,2020-09-20 19:49:44,Average product rating out of 5: 4.8. Product score is based on 16 ratings,16,Was $9.80 24/07/16,True
0df3bf4b-5f7d-4a21-b51c-a81d028ba641,Woolworths Supermarket,Health & Beauty,Blackmores Sleep Support Valerian Forte Tablets 30 pack,020732,$16.00,$53.33 / 100EA,https://www.woolworths.com.au/shop/productdetails/20732/blackmores-sleep-support-valerian-forte-tablets,https://cdn0.woolworths.media/content/wowproductimages/medium/020732.jpg,2020-09-20 19:49:44,Average product rating out of 5: 4.1. Product score is based on 8 ratings,8,,True
4dd30b2a-cba1-44c4-844e-56bf0f1c33ce,Woolworths Supermarket,Health & Beauty,Libra Goodnights Pads With Wings 20 pack,021104,$7.70,$7.70 / 1EA,https://www.woolworths.com.au/shop/productdetails/21104/libra-goodnights-pads-with-wings,https://cdn0.woolworths.media/content/wowproductimages/medium/021104.jpg,2020-09-20 19:49:44,,0,Was $8.00 25/02/2019,True
0a8654ee-baa7-42d4-bdc9-657dd8780642,Woolworths Supermarket,Health & Beauty,Deep Heat Extra Strength Cream 100g,021389,$5.80,$5.80 / 100G,https://www.woolworths.com.au/shop/productdetails/21389/deep-heat-extra-strength-cream,https://cdn0.woolworths.media/content/wowproductimages/medium/021389.jpg,2020-09-20 19:49:44,Average product rating out of 5: 4.6. Product score is based on 5 ratings,5,,True
5e80748e-4b97-4254-baca-9938e0b9f982,Woolworths Supermarket,Health & Beauty,Maybelline Master Prime Anti Redness 30ml,021452,$10.80,$3.60 / 10ML,https://www.woolworths.com.au/shop/productdetails/21452/maybelline-master-prime-anti-redness,https://cdn0.woolworths.media/content/wowproductimages/medium/021452.jpg,2020-09-20 19:49:44,Average product rating out of 5: 4.0. Product score is based on 2 ratings,2,,True
7c446991-de18-4004-818f-5e3f831fbeb3,Woolworths Supermarket,Health & Beauty,Rexona Women Antiperspirant Pump Deodorant Sport 150ml,021717,$7.30,$4.87 / 100ML,https://www.woolworths.com.au/shop/productdetails/21717/rexona-women-antiperspirant-pump-deodorant-sport,https://cdn0.woolworths.media/content/wowproductimages/medium/021717.jpg,2020-09-20 19:49:44,Average product rating out of 5: 3.5. Product score is based on 2 ratings,2,,True
8a3ae57a-98e4-47cc-9eea-854491b10f10,Woolworths Supermarket,Health & Beauty,Schwarzkopf Extra Care Hair Spray Strong Hold 100g,021892,$5.25,$5.25 / 100G,https://www.woolworths.com.au/shop/productdetails/21892/schwarzkopf-extra-care-hair-spray-strong-hold,https://cdn0.woolworths.media/content/wowproductimages/medium/021892.jpg,2020-09-20 19:49:44,Average product rating out of 5: 4.4. Product score is based on 5 ratings,5,,True
1e45d787-96a8-4a9e-8bf1-ec83505578fe,Woolworths Supermarket,Health & Beauty,Youfoodz Choc Peanut Protein Bites 80g,022026,$4.00,$5.00 / 100G,https://www.woolworths.com.au/shop/productdetails/22026/youfoodz-choc-peanut-protein-bites,https://cdn0.woolworths.media/content/wowproductimages/medium/022026.jpg,2020-09-20 19:49:44,Average product rating out of 5: 3.4. Product score is based on 5 ratings,5,,True
39c33601-7800-4720-98e0-37ae348ad740,Woolworths Supermarket,Health & Beauty,Libra Ultra Thins Pads Wings Regular 14 pack,022033,$4.20,$0.30 / 1EA,https://www.woolworths.com.au/shop/productdetails/22033/libra-ultra-thins-pads-wings-regular,https://cdn0.woolworths.media/content/wowproductimages/medium/022033.jpg,2020-09-20 19:49:44,,0,Was $4.80 06/11/2017,True
b6ab41b2-b080-4aa4-94b2-9069eacefe17,Woolworths Supermarket,Health & Beauty,Youfoodz Choc Chip Protein Cookie 60g,022339,$3.00,$5.00 / 100G,https://www.woolworths.com.au/shop/productdetails/22339/youfoodz-choc-chip-protein-cookie,https://cdn0.woolworths.media/content/wowproductimages/medium/022339.jpg,2020-09-20 19:49:44,Average product rating out of 5: 3.6. Product score is based on 14 ratings,14,,True
9929dc8d-dffd-46c6-8b2a-98568b3daca5,Woolworths Supermarket,Health & Beauty,Schwarzkopf Extra Care Hair Spray Super Styling Lacquer 250g,022753,$5.95,$2.38 / 100G,https://www.woolworths.com.au/shop/productdetails/22753/schwarzkopf-extra-care-hair-spray-super-styling-lacquer,https://cdn0.woolworths.media/content/wowproductimages/medium/022753.jpg,2020-09-20 19:49:44,Average product rating out of 5: 4.5. Product score is based on 4 ratings,4,,True
651981e7-0c41-4241-aa81-f3b280985a94,Woolworths Supermarket,Health & Beauty,Atkins Low Carb Endulge Milk Chocolate Mint Crisp 5 pack,022776,$13.50,$2.70 / 1EA,https://www.woolworths.com.au/shop/productdetails/22776/atkins-low-carb-endulge-milk-chocolate-mint-crisp,https://cdn0.woolworths.media/content/wowproductimages/medium/022776.jpg,2020-09-20 19:49:44,,0,,True
9c4f4879-c799-41ea-9780-2577068108bf,Woolworths Supermarket,Health & Beauty,Palmolive Men's Charcoal Soap 115g,023821,$1.50,$1.30 / 100G,https://www.woolworths.com.au/shop/productdetails/23821/palmolive-men-s-charcoal-soap,https://cdn0.woolworths.media/content/wowproductimages/medium/023821.jpg,2020-09-20 19:49:44,Average product rating out of 5: 4.4. Product score is based on 16 ratings,16,,True
304c3108-542e-48c6-8b60-296fb5feb072,Woolworths Supermarket,Health & Beauty,Palmolive Foaming Liquid Hand Wash Soap Magnolia & Argan Oil 400ml,023887,$3.50,$0.88 / 100ML,https://www.woolworths.com.au/shop/productdetails/23887/palmolive-foaming-liquid-hand-wash-soap-magnolia-argan-oil,https://cdn0.woolworths.media/content/wowproductimages/medium/023887.jpg,2020-09-20 19:49:44,Average product rating out of 5: 3.8. Product score is based on 8 ratings,8,,True
901bfc29-bad3-4ce2-a347-409a9d984b3c,Woolworths Supermarket,Health & Beauty,Listerine Fresh Burst Mouthwash 500ml,024761,$7.50,$1.50 / 100ML,https://www.woolworths.com.au/shop/productdetails/24761/listerine-fresh-burst-mouthwash,https://cdn0.woolworths.media/content/wowproductimages/medium/024761.jpg,2020-09-20 19:49:44,Average product rating out of 5: 4.4. Product score is based on 18 ratings,18,Was $7.99 14/11/16,True
257837a9-fd7a-49ad-a7c1-dc5d1991ce49,Woolworths Supermarket,Health & Beauty,Palmolive Naturals Body Wash Moroccan Argan Oil Shower Gel 500ml,024780,$5.00,$1.00 / 100ML,https://www.woolworths.com.au/shop/productdetails/24780/palmolive-naturals-body-wash-moroccan-argan-oil-shower-gel,https://cdn0.woolworths.media/content/wowproductimages/medium/024780.jpg,2020-09-20 19:49:44,Average product rating out of 5: 4.8. Product score is based on 12 ratings,12,,True
07b8a848-198b-433d-a31b-c263ddc1048b,Woolworths Supermarket,Health & Beauty,Keep It Cleaner Protein Ball Banana & Choc Chip 32g,025114,$1.65,$5.16 / 100G,https://www.woolworths.com.au/shop/productdetails/25114/keep-it-cleaner-protein-ball-banana-choc-chip,https://cdn0.woolworths.media/content/wowproductimages/medium/025114.jpg,2020-09-20 19:49:44,Average product rating out of 5: 4.2. Product score is based on 6 ratings,6,,True
140d6a1b-814a-45cc-92f1-160505205ba0,Woolworths Supermarket,Health & Beauty,Keep It Cleaner Protein Ball Ruby Red Velvet 32g,025122,$1.65,$5.16 / 100G,https://www.woolworths.com.au/shop/productdetails/25122/keep-it-cleaner-protein-ball-ruby-red-velvet,https://cdn0.woolworths.media/content/wowproductimages/medium/025122.jpg,2020-09-20 19:49:44,Average product rating out of 5: 3.9. Product score is based on 7 ratings,7,,True
8f2a3255-f2b6-4f4e-b2dc-fac2af5092d4,Woolworths Supermarket,Health & Beauty,Colgate Plax Alcohol Free Mouthwash Peppermint 500ml,025281,$3.00,$0.60 / 100ML,https://www.woolworths.com.au/shop/productdetails/25281/colgate-plax-alcohol-free-mouthwash-peppermint,https://cdn0.woolworths.media/content/wowproductimages/medium/025281.jpg,2020-09-20 19:49:44,Average product rating out of 5: 4.6. Product score is based on 28 ratings,28,,True
87a17e67-a41c-42ff-8142-7da0d710f371,Woolworths Supermarket,Health & Beauty,Rexona Women Antiperspirant Aerosol Deodorant Classic 250ml,025494,$5.00,$2.00 / 100ML,https://www.woolworths.com.au/shop/productdetails/25494/rexona-women-antiperspirant-aerosol-deodorant-classic,https://cdn0.woolworths.media/content/wowproductimages/medium/025494.jpg,2020-09-20 19:49:44,Average product rating out of 5: 4.4. Product score is based on 18 ratings,18,Was $7.00 24/01/2018,True
1df1ab4b-f31c-414e-8b93-a8485afbe3c4,Woolworths Supermarket,Health & Beauty,Schwarzkopf Taft Hair Spray Strong Hold 200g,025950,$3.95,$1.98 / 100G,https://www.woolworths.com.au/shop/productdetails/25950/schwarzkopf-taft-hair-spray-strong-hold,https://cdn0.woolworths.media/content/wowproductimages/medium/025950.jpg,2020-09-20 19:49:44,Average product rating out of 5: 4.8. Product score is based on 6 ratings,6,,True
296a9990-7c8a-4c32-a1de-5972ff99f72a,Woolworths Supermarket,Health & Beauty,Keep It Cleaner Protein Ball Cinnamon Doughnut 32g,025981,$1.65,$5.16 / 100G,https://www.woolworths.com.au/shop/productdetails/25981/keep-it-cleaner-protein-ball-cinnamon-doughnut,https://cdn0.woolworths.media/content/wowproductimages/medium/025981.jpg,2020-09-20 19:49:44,Average product rating out of 5: 3.3. Product score is based on 7 ratings,7,,True
17d82e8f-dc50-400c-ad74-5679f1dc8d29,Woolworths Supermarket,Health & Beauty,Keep It Cleaner Protein Powder Chocolate 375g,026073,$21.00,$5.60 / 100G,https://www.woolworths.com.au/shop/productdetails/26073/keep-it-cleaner-protein-powder-chocolate,https://cdn0.woolworths.media/content/wowproductimages/medium/026073.jpg,2020-09-20 19:49:44,Average product rating out of 5: 4.2. Product score is based on 14 ratings,14,,True
bc103fd9-d862-4927-beef-7b8f55f35507,Woolworths Supermarket,Health & Beauty,Keep It Cleaner Protein Powder Vanilla 375g,026087,$21.00,$5.60 / 100G,https://www.woolworths.com.au/shop/productdetails/26087/keep-it-cleaner-protein-powder-vanilla,https://cdn0.woolworths.media/content/wowproductimages/medium/026087.jpg,2020-09-20 19:49:44,Average product rating out of 5: 4.5. Product score is based on 11 ratings,11,,True
6f005ddc-164f-48b4-b6c9-1038496b9c44,Woolworths Supermarket,Health & Beauty,Nivea Soft Moisturiser Cream Lotion With Jojoba Oil & Vitamin E 200ml,026807,$10.00,$5.00 / 100ML,https://www.woolworths.com.au/shop/productdetails/26807/nivea-soft-moisturiser-cream-lotion-with-jojoba-oil-vitamin-e,https://cdn0.woolworths.media/content/wowproductimages/medium/026807.jpg,2020-09-20 19:49:44,Average product rating out of 5: 4.8. Product score is based on 26 ratings,26,,True
754f0d11-256a-4062-9b6c-a6fc12b16650,Woolworths Supermarket,Health & Beauty,Band-aid Extra Wide Plastic Strips 40 pack,026940,$5.00,$0.13 / 1EA,https://www.woolworths.com.au/shop/productdetails/26940/band-aid-extra-wide-plastic-strips,https://cdn0.woolworths.media/content/wowproductimages/medium/026940.jpg,2020-09-20 19:49:44,Average product rating out of 5: 4.3. Product score is based on 14 ratings,14,,True
dd801b23-f414-46dd-84f9-9bb1836b8c78,Woolworths Supermarket,Health & Beauty,Nivea Soft Moisturiser Cream Lotion With Jojoba Oil & Vitamin E 75ml,027053,$5.50,$7.33 / 100ML,https://www.woolworths.com.au/shop/productdetails/27053/nivea-soft-moisturiser-cream-lotion-with-jojoba-oil-vitamin-e,https://cdn0.woolworths.media/content/wowproductimages/medium/027053.jpg,2020-09-20 19:49:44,Average product rating out of 5: 4.9. Product score is based on 7 ratings,7,,True
83d4a160-44ed-459d-b0c8-d6834180fc4c,Woolworths Supermarket,Health & Beauty,Selsun Blue Replenishing Anti-dandruff Shampoo 200ml,027084,$5.50,$2.75 / 100ML,https://www.woolworths.com.au/shop/productdetails/27084/selsun-blue-replenishing-anti-dandruff-shampoo,https://cdn0.woolworths.media/content/wowproductimages/medium/027084.jpg,2020-09-20 19:49:44,Average product rating out of 5: 4.9. Product score is based on 13 ratings,13,,True
2650ddd4-d5b9-450b-97e5-99e38d692120,Woolworths Supermarket,Health & Beauty,Alka-seltzer Lemon-lime Effervescent Tablets 20 pack,027350,$8.00,$0.40 / 1EA,https://www.woolworths.com.au/shop/productdetails/27350/alka-seltzer-lemon-lime-effervescent-tablets,https://cdn0.woolworths.media/content/wowproductimages/medium/027350.jpg,2020-09-20 19:49:44,Average product rating out of 5: 4.5. Product score is based on 4 ratings,4,,True
74a62530-c782-48b3-9e75-9dcd280c75df,Woolworths Supermarket,Health & Beauty,Listerine Fresh Burst Mouthwash 250ml,027457,$4.00,$1.60 / 100ML,https://www.woolworths.com.au/shop/productdetails/27457/listerine-fresh-burst-mouthwash,https://cdn0.woolworths.media/content/wowproductimages/medium/027457.jpg,2020-09-20 19:49:44,Average product rating out of 5: 4.4. Product score is based on 8 ratings,8,,True
bcc8f221-f286-4ac7-abbd-2b659b2cd200,Woolworths Supermarket,Health & Beauty,Country Life Soap Bar Fresh Linen 5 pack,027553,$2.60,$0.58 / 100G,https://www.woolworths.com.au/shop/productdetails/27553/country-life-soap-bar-fresh-linen,https://cdn0.woolworths.media/content/wowproductimages/medium/027553.jpg,2020-09-20 19:49:44,Average product rating out of 5: 4.4. Product score is based on 51 ratings,51,,True
f0a6719e-9ee2-4223-af25-64e71f496c6a,Woolworths Supermarket,Health & Beauty,Classic Face Foundation Liquid Tottle Cream Beige 35ml,027997,$3.70,$1.06 / 10ML,https://www.woolworths.com.au/shop/productdetails/27997/classic-face-foundation-liquid-tottle-cream-beige,https://cdn0.woolworths.media/content/wowproductimages/medium/027997.jpg,2020-09-20 19:49:44,,0,,True
3d4819ac-fcf0-45f1-8821-9c4240fed126,Woolworths Supermarket,Health & Beauty,Palmolive Men Rapid Shave Sensitive Foam With Aloe Vera 250g,028067,$3.50,$1.40 / 100G,https://www.woolworths.com.au/shop/productdetails/28067/palmolive-men-rapid-shave-sensitive-foam-with-aloe-vera,https://cdn0.woolworths.media/content/wowproductimages/medium/028067.jpg,2020-09-20 19:49:44,Average product rating out of 5: 3.9. Product score is based on 11 ratings,11,,True
8391e56f-a1a5-4836-b3b1-aee93ed2764f,Woolworths Supermarket,Health & Beauty,Classic Face Foundation Liquid Tottle Ivory 35ml,028115,$3.70,$1.06 / 10ML,https://www.woolworths.com.au/shop/productdetails/28115/classic-face-foundation-liquid-tottle-ivory,https://cdn0.woolworths.media/content/wowproductimages/medium/028115.jpg,2020-09-20 19:49:44,,0,,True
c9e0a8b8-f9bc-4df3-a1ec-652d5816a286,Woolworths Supermarket,Health & Beauty,Classics Foundation Liquid Tottle Soft Beige 35ml,028118,$3.70,$1.06 / 10ML,https://www.woolworths.com.au/shop/productdetails/28118/classics-foundation-liquid-tottle-soft-beige,https://cdn0.woolworths.media/content/wowproductimages/medium/028118.jpg,2020-09-20 19:49:44,,0,,True
5967db12-a7f0-4075-bc50-11917de8fe9d,Woolworths Supermarket,Health & Beauty,Atkins Plus Protein Iced Coffee 400ml,029528,$4.30,$1.08 / 100ML,https://www.woolworths.com.au/shop/productdetails/29528/atkins-plus-protein-iced-coffee,https://cdn0.woolworths.media/content/wowproductimages/medium/029528.jpg,2020-09-20 19:49:44,Average product rating out of 5: 3.7. Product score is based on 6 ratings,6,,True
22cc6c8f-7f28-4c4e-b0eb-5043a2f0089d,Woolworths Supermarket,Health & Beauty,Vicks Chest Rub Vaporub 50g,030256,$8.00,$16.00 / 100G,https://www.woolworths.com.au/shop/productdetails/30256/vicks-chest-rub-vaporub,https://cdn0.woolworths.media/content/wowproductimages/medium/030256.jpg,2020-09-20 19:49:44,Average product rating out of 5: 4.8. Product score is based on 9 ratings,9,,True
6502d14e-630b-49dd-bcb2-9c1303b8b06a,Woolworths Supermarket,Health & Beauty,Vicks Nasal Decongestant Inhaler For Blocked Nose Relief 0.5ml,030260,$6.70,$6.70 / 1EA,https://www.woolworths.com.au/shop/productdetails/30260/vicks-nasal-decongestant-inhaler-for-blocked-nose-relief,https://cdn0.woolworths.media/content/wowproductimages/medium/030260.jpg,2020-09-20 19:49:44,Average product rating out of 5: 5.0. Product score is based on 7 ratings,7,,True
c60801bf-954f-4add-84f7-0674d980cfe6,Woolworths Supermarket,Health & Beauty,Elastoplast Fabric Plasters Extra Flexible 20pk,030276,$3.29,$0.16 / 1EA,https://www.woolworths.com.au/shop/productdetails/30276/elastoplast-fabric-plasters-extra-flexible,https://cdn0.woolworths.media/content/wowproductimages/medium/030276.jpg,2020-09-20 19:49:44,Average product rating out of 5: 5.0. Product score is based on 3 ratings,3,,True
4108f7ca-2d29-4504-920b-6e50e68973ee,Woolworths Supermarket,Health & Beauty,Band-aid Plastic Strips Assorted 50 pack,030293,$4.98,$0.10 / 1EA,https://www.woolworths.com.au/shop/productdetails/30293/band-aid-plastic-strips-assorted,https://cdn0.woolworths.media/content/wowproductimages/medium/030293.jpg,2020-09-20 19:49:44,Average product rating out of 5: 4.6. Product score is based on 11 ratings,11,,True
59652f5c-137e-4e35-90c0-4ed35bf0fad8,Woolworths Supermarket,Health & Beauty,Dettol Antibacterial Disinfectant Liquid Solution 500ml,030302,$9.90,$1.98 / 100ML,https://www.woolworths.com.au/shop/productdetails/30302/dettol-antibacterial-disinfectant-liquid-solution,https://cdn0.woolworths.media/content/wowproductimages/medium/030302.jpg,2020-09-20 19:49:44,Average product rating out of 5: 4.8. Product score is based on 8 ratings,8,,True
ed8d5723-f00d-4428-b6ec-4faa4853c174,Woolworths Supermarket,Health & Beauty,Carefree Original Tampons Regular 20 pack,030367,$3.50,$0.18 / 1EA,https://www.woolworths.com.au/shop/productdetails/30367/carefree-original-tampons-regular,https://cdn0.woolworths.media/content/wowproductimages/medium/030367.jpg,2020-09-20 19:49:44,,0,,True
3a350170-0614-4d6b-a62e-fb4d17545589,Woolworths Supermarket,Health & Beauty,Stingose Antiseptic Gel Tube 25g,030433,$8.70,$34.80 / 100G,https://www.woolworths.com.au/shop/productdetails/30433/stingose-antiseptic-gel-tube,https://cdn0.woolworths.media/content/wowproductimages/medium/030433.jpg,2020-09-20 19:49:44,Average product rating out of 5: 4.0. Product score is based on 2 ratings,2,,True
4e5404c4-7a30-48f6-862b-e37e1ca2533a,Woolworths Supermarket,Health & Beauty,Murine Eye Drops Relief 15ml,030449,$8.50,$56.67 / 100ML,https://www.woolworths.com.au/shop/productdetails/30449/murine-eye-drops-relief,https://cdn0.woolworths.media/content/wowproductimages/medium/030449.jpg,2020-09-20 19:49:44,Average product rating out of 5: 4.6. Product score is based on 7 ratings,7,Was $9.10 31/07/2017,True
867d2c9d-95c9-44f2-9c25-b790eb6e28fc,Woolworths Supermarket,Health & Beauty,Johnson's Baby Shampoo Original 200ml,030453,$6.00,$3.00 / 100ML,https://www.woolworths.com.au/shop/productdetails/30453/johnson-s-baby-shampoo-original,https://cdn0.woolworths.media/content/wowproductimages/medium/030453.jpg,2020-09-20 19:49:44,,0,,True
63a39a29-d032-439a-9887-7c8d68b24c3a,Woolworths Supermarket,Health & Beauty,Brut Aftershave Splash On 200ml,030495,$10.00,$5.00 / 100ML,https://www.woolworths.com.au/shop/productdetails/30495/brut-aftershave-splash-on,https://cdn0.woolworths.media/content/wowproductimages/medium/030495.jpg,2020-09-20 19:49:44,Average product rating out of 5: 4.2. Product score is based on 5 ratings,5,,True
b1c56516-fd27-4bc6-85db-4ee387d0137f,Woolworths Supermarket,Health & Beauty,Dettol Sapoderm Hygienic Soap For Acne Oily Skin 375g,030522,$4.45,$1.48 / 1EA,https://www.woolworths.com.au/shop/productdetails/30522/dettol-sapoderm-hygienic-soap-for-acne-oily-skin,https://cdn0.woolworths.media/content/wowproductimages/medium/030522.jpg,2020-09-20 19:49:44,Average product rating out of 5: 4.8. Product score is based on 18 ratings,18,,True
0cb1979d-0404-4506-a776-cf7b956da26a,Woolworths Supermarket,Health & Beauty,Gillette Wilkinson Sword Double Edge Shaving Blades Stainless 10 pack,030573,$14.00,$1.40 / 1EA,https://www.woolworths.com.au/shop/productdetails/30573/gillette-wilkinson-sword-double-edge-shaving-blades-stainless,https://cdn0.woolworths.media/content/wowproductimages/medium/030573.jpg,2020-09-20 19:49:44,Average product rating out of 5: 5.0. Product score is based on 2 ratings,2,,True
253c7e98-f2cb-4666-9c9d-dea3c351ff39,Woolworths Supermarket,Health & Beauty,Sanofi Shave Cream 75g,030583,$2.50,$3.33 / 100G,https://www.woolworths.com.au/shop/productdetails/30583/sanofi-shave-cream,https://cdn0.woolworths.media/content/wowproductimages/medium/030583.jpg,2020-09-20 19:49:44,Average product rating out of 5: 4.9. Product score is based on 9 ratings,9,,True
ded9b5c4-dd77-420b-b805-8b2cc3ba67b9,Woolworths Supermarket,Health & Beauty,Vaseline Hair Tonic 100ml,030598,$6.60,$6.60 / 100ML,https://www.woolworths.com.au/shop/productdetails/30598/vaseline-hair-tonic,https://cdn0.woolworths.media/content/wowproductimages/medium/030598.jpg,2020-09-20 19:49:44,Average product rating out of 5: 4.8. Product score is based on 5 ratings,5,,True
9e96f7f9-baeb-4e42-9bdc-cb802d6d60e0,Woolworths Supermarket,Health & Beauty,Libra Goodnights Pads 10 pack,030721,$4.20,$0.42 / 1EA,https://www.woolworths.com.au/shop/productdetails/30721/libra-goodnights-pads,https://cdn0.woolworths.media/content/wowproductimages/medium/030721.jpg,2020-09-20 19:49:44,,0,Was $4.80 06/11/2017,True
2680501b-c75f-49d5-b02e-0b306b651eda,Woolworths Supermarket,Health & Beauty,Colgate Cavity Protection Cool Mint Fluoride Toothpaste 175g,030778,$2.99,$1.71 / 100G,https://www.woolworths.com.au/shop/productdetails/30778/colgate-cavity-protection-cool-mint-fluoride-toothpaste,https://cdn0.woolworths.media/content/wowproductimages/medium/030778.jpg,2020-09-20 19:49:44,Average product rating out of 5: 4.6. Product score is based on 25 ratings,25,,True
2ffd1e37-0323-464f-b5ee-6abb5fd1d3f6,Woolworths Supermarket,Health & Beauty,Salvital Salts Saline 375g,030847,$5.50,$1.47 / 100G,https://www.woolworths.com.au/shop/productdetails/30847/salvital-salts-saline,https://cdn0.woolworths.media/content/wowproductimages/medium/030847.jpg,2020-09-20 19:49:44,Average product rating out of 5: 4.1. Product score is based on 12 ratings,12,,True
7eabe8e3-2cd1-4755-ab29-77d4f2a63073,Woolworths Supermarket,Health & Beauty,Savlon Antiseptic Cream Natural Healing 75g,030996,$7.30,$9.73 / 100G,https://www.woolworths.com.au/shop/productdetails/30996/savlon-antiseptic-cream-natural-healing,https://cdn0.woolworths.media/content/wowproductimages/medium/030996.jpg,2020-09-20 19:49:44,Average product rating out of 5: 4.7. Product score is based on 25 ratings,25,,True
3e53d5c9-c9e5-4d43-a608-82cd339ef8c8,Woolworths Supermarket,Health & Beauty,Dove Beauty Bar Soap Original 2x100g,030997,$3.80,$1.90 / 100G,https://www.woolworths.com.au/shop/productdetails/30997/dove-beauty-bar-soap-original,https://cdn0.woolworths.media/content/wowproductimages/medium/030997.jpg,2020-09-20 19:49:44,Average product rating out of 5: 4.5. Product score is based on 20 ratings,20,,True
d36704c0-aab9-457d-a057-a32013847016,Woolworths Supermarket,Health & Beauty,Thursday Plantation Aloe Antiseptic Gel Aid 100g,031095,$9.40,$9.40 / 100G,https://www.woolworths.com.au/shop/productdetails/31095/thursday-plantation-aloe-antiseptic-gel-aid,https://cdn0.woolworths.media/content/wowproductimages/medium/031095.jpg,2020-09-20 19:49:44,Average product rating out of 5: 4.8. Product score is based on 5 ratings,5,,True
a64250a0-b899-43f9-84d8-56751c6ee2c9,Woolworths Supermarket,Health & Beauty,Schwarzkopf Extra Care Mousse Strong Hold 150g,031193,$5.10,$3.40 / 100G,https://www.woolworths.com.au/shop/productdetails/31193/schwarzkopf-extra-care-mousse-strong-hold,https://cdn0.woolworths.media/content/wowproductimages/medium/031193.jpg,2020-09-20 19:49:44,Average product rating out of 5: 4.6. Product score is based on 7 ratings,7,,True
72de1f0b-1c17-409c-9e34-3971bb83a147,Woolworths Supermarket,Health & Beauty,Olay Moisturising Lotion Daily Moisturising 75ml,031254,$8.99,$11.99 / 100ML,https://www.woolworths.com.au/shop/productdetails/31254/olay-moisturising-lotion-daily-moisturising,https://cdn0.woolworths.media/content/wowproductimages/medium/031254.jpg,2020-09-20 19:49:44,Average product rating out of 5: 5.0. Product score is based on 4 ratings,4,,True
2e3df3e8-9e94-4876-839e-9bfec7ad9019,Woolworths Supermarket,Health & Beauty,Olay Moisturising Lotion 150ml,031266,$13.00,$8.67 / 100ML,https://www.woolworths.com.au/shop/productdetails/31266/olay-moisturising-lotion,https://cdn0.woolworths.media/content/wowproductimages/medium/031266.jpg,2020-09-20 19:49:44,Average product rating out of 5: 4.8. Product score is based on 8 ratings,8,Was $14.70 27/02/2017,True
65beb3ae-5f28-4ce1-9315-920ed7868c93,Woolworths Supermarket,Health & Beauty,Clairol Nice N Easy 8a Natural Medium Ash Blonde each,031292,$9.00,,https://www.woolworths.com.au/shop/productdetails/31292/clairol-nice-n-easy-8a-natural-medium-ash-blonde,https://cdn0.woolworths.media/content/wowproductimages/medium/031292.jpg,2020-09-20 19:49:44,Average product rating out of 5: 5.0. Product score is based on 1 ratings,1,Was $13.00 06/08/2018,True
0a7021c4-f409-4312-8ee0-9d0d4985abc9,Woolworths Supermarket,Health & Beauty,Clairol Nice N Easy 6a Natural Light Ash Brown each,031294,$9.00,,https://www.woolworths.com.au/shop/productdetails/31294/clairol-nice-n-easy-6a-natural-light-ash-brown,https://cdn0.woolworths.media/content/wowproductimages/medium/031294.jpg,2020-09-20 19:49:44,Average product rating out of 5: 4.6. Product score is based on 5 ratings,5,Was $13.00 06/08/2018,True
d4ef4616-813e-411e-8d79-3a6feb08aa11,Woolworths Supermarket,Health & Beauty,Clairol Nice N Easy 4 Natural Dark Brown each,031295,$9.00,,https://www.woolworths.com.au/shop/productdetails/31295/clairol-nice-n-easy-4-natural-dark-brown,https://cdn0.woolworths.media/content/wowproductimages/medium/031295.jpg,2020-09-20 19:49:44,Average product rating out of 5: 4.3. Product score is based on 10 ratings,10,Was $13.00 06/08/2018,True
1e29fc8c-4456-411c-a05a-59eeb21ed87f,Woolworths Supermarket,Health & Beauty,Clairol Nice N Easy 5 Natural Medium Brown each,031296,$9.00,,https://www.woolworths.com.au/shop/productdetails/31296/clairol-nice-n-easy-5-natural-medium-brown,https://cdn0.woolworths.media/content/wowproductimages/medium/031296.jpg,2020-09-20 19:49:44,Average product rating out of 5: 4.7. Product score is based on 3 ratings,3,Was $13.00 06/08/2018,True
5c29e089-3bb9-465e-839f-dd0fa7ecaeae,Woolworths Supermarket,Health & Beauty,Clairol Nice N Easy 9a Natural Light Ash Blonde each,031298,$9.00,,https://www.woolworths.com.au/shop/productdetails/31298/clairol-nice-n-easy-9a-natural-light-ash-blonde,https://cdn0.woolworths.media/content/wowproductimages/medium/031298.jpg,2020-09-20 19:49:44,Average product rating out of 5: 4.6. Product score is based on 11 ratings,11,Was $13.00 06/08/2018,True
f4494f79-8731-44f5-8f9d-8a001be42c6c,Woolworths Supermarket,Health & Beauty,Clairol Nice N Easy 6 Natural Light Brown each,031301,$9.00,,https://www.woolworths.com.au/shop/productdetails/31301/clairol-nice-n-easy-6-natural-light-brown,https://cdn0.woolworths.media/content/wowproductimages/medium/031301.jpg,2020-09-20 19:49:44,Average product rating out of 5: 4.5. Product score is based on 4 ratings,4,Was $13.00 06/08/2018,True
d2817dcb-1627-46df-90bb-b44b25e42764,Woolworths Supermarket,Health & Beauty,Clairol Nice N Easy 6r Natural Light Auburn each,031314,$9.00,,https://www.woolworths.com.au/shop/productdetails/31314/clairol-nice-n-easy-6r-natural-light-auburn,https://cdn0.woolworths.media/content/wowproductimages/medium/031314.jpg,2020-09-20 19:49:44,Average product rating out of 5: 4.0. Product score is based on 4 ratings,4,Was $13.00 06/08/2018,True
fff45998-3966-4911-8281-24812b4ee610,Woolworths Supermarket,Health & Beauty,Clairol Nice N Easy 2 Natural Black each,031324,$9.00,,https://www.woolworths.com.au/shop/productdetails/31324/clairol-nice-n-easy-2-natural-black,https://cdn0.woolworths.media/content/wowproductimages/medium/031324.jpg,2020-09-20 19:49:44,Average product rating out of 5: 4.8. Product score is based on 6 ratings,6,Was $13.00 06/08/2018,True
ff0d0323-35e6-4b69-8df2-0a08c884b6ca,Woolworths Supermarket,Health & Beauty,Band-aid Plastic Strips 100 pack,031435,$7.00,$0.07 / 1EA,https://www.woolworths.com.au/shop/productdetails/31435/band-aid-plastic-strips,https://cdn0.woolworths.media/content/wowproductimages/medium/031435.jpg,2020-09-20 19:49:44,Average product rating out of 5: 4.3. Product score is based on 6 ratings,6,Was $7.99 14/11/2016,True
185049c6-9ec5-4000-9e9b-68e8839931ec,Woolworths Supermarket,Health & Beauty,Old Spice Deodorant Roll On Stick Original 92g,031604,$5.50,$5.98 / 100G,https://www.woolworths.com.au/shop/productdetails/31604/old-spice-deodorant-roll-on-stick-original,https://cdn0.woolworths.media/content/wowproductimages/medium/031604.jpg,2020-09-20 19:49:44,Average product rating out of 5: 4.4. Product score is based on 9 ratings,9,,True
0fabc205-e684-4b24-b8f5-9f803327a825,Woolworths Supermarket,Health & Beauty,Disprin Extra Strength Pain Relief Tablets 16pk,032006,$4.50,$0.28 / 1EA,https://www.woolworths.com.au/shop/productdetails/32006/disprin-extra-strength-pain-relief-tablets,https://cdn0.woolworths.media/content/wowproductimages/medium/032006.jpg,2020-09-20 19:49:44,Average product rating out of 5: 5.0. Product score is based on 4 ratings,4,,True
91dad725-fc73-4ff4-8dce-6a4e5e477e43,Woolworths Supermarket,Health & Beauty,Quest Protein Bar Chocolate Sprinkled Doughnut Bar 60g,032238,$4.00,$6.67 / 100G,https://www.woolworths.com.au/shop/productdetails/32238/quest-protein-bar-chocolate-sprinkled-doughnut-bar,https://cdn0.woolworths.media/content/wowproductimages/medium/032238.jpg,2020-09-20 19:49:44,Average product rating out of 5: 3.3. Product score is based on 9 ratings,9,,True
90c285a8-4a9f-49be-981f-25553fcaa4f9,Woolworths Supermarket,Health & Beauty,Cedel Hair Spray Firm Hold 250g,032357,$5.40,$2.16 / 100G,https://www.woolworths.com.au/shop/productdetails/32357/cedel-hair-spray-firm-hold,https://cdn0.woolworths.media/content/wowproductimages/medium/032357.jpg,2020-09-20 19:49:44,Average product rating out of 5: 4.0. Product score is based on 5 ratings,5,,True
87e74629-9e78-4702-b65e-c65187e4e097,Woolworths Supermarket,Health & Beauty,Cedel Toothpaste Spearmint 110g,032742,$2.49,$2.26 / 100G,https://www.woolworths.com.au/shop/productdetails/32742/cedel-toothpaste-spearmint,https://cdn0.woolworths.media/content/wowproductimages/medium/032742.jpg,2020-09-20 19:49:44,Average product rating out of 5: 4.9. Product score is based on 26 ratings,26,,True
f156752f-22e5-4a89-9318-a6ab76d5330c,Woolworths Supermarket,Health & Beauty,Sanofi Calamine Lotion 200ml,032770,$4.80,$2.40 / 100ML,https://www.woolworths.com.au/shop/productdetails/32770/sanofi-calamine-lotion,https://cdn0.woolworths.media/content/wowproductimages/medium/032770.jpg,2020-09-20 19:49:44,Average product rating out of 5: 4.0. Product score is based on 4 ratings,4,,True
1fa67a8c-2e8c-4acd-8e55-27d5a7feaff1,Woolworths Supermarket,Health & Beauty,Cussons Imperial Leather After Shave Original 100ml,032817,$7.00,$7.00 / 100ML,https://www.woolworths.com.au/shop/productdetails/32817/cussons-imperial-leather-after-shave-original,https://cdn0.woolworths.media/content/wowproductimages/medium/032817.jpg,2020-09-20 19:49:44,Average product rating out of 5: 5.0. Product score is based on 5 ratings,5,,True
d1a5f9fe-3232-4e44-b047-f9ca0f347443,Woolworths Supermarket,Health & Beauty,Cedel Hair Spray Extra Firm 250g,032952,$5.40,$2.16 / 100G,https://www.woolworths.com.au/shop/productdetails/32952/cedel-hair-spray-extra-firm,https://cdn0.woolworths.media/content/wowproductimages/medium/032952.jpg,2020-09-20 19:49:44,Average product rating out of 5: 4.8. Product score is based on 5 ratings,5,,True
26e77a09-88fa-4571-95ed-976a9cdf57da,Woolworths Supermarket,Health & Beauty,Libra Tampons Super 16 pack,033174,$3.60,$0.23 / 1EA,https://www.woolworths.com.au/shop/productdetails/33174/libra-tampons-super,https://cdn0.woolworths.media/content/wowproductimages/medium/033174.jpg,2020-09-20 19:49:44,,0,,True
1a158b1f-2f8a-42a8-89f1-ad1baee33cdb,Woolworths Supermarket,Health & Beauty,Libra Tampons Regular 16 pack,033186,$3.60,$0.23 / 1EA,https://www.woolworths.com.au/shop/productdetails/33186/libra-tampons-regular,https://cdn0.woolworths.media/content/wowproductimages/medium/033186.jpg,2020-09-20 19:49:44,,0,,True
ae600d2c-aca5-4eae-b1ff-18b24ffe29e9,Woolworths Supermarket,Health & Beauty,Libra Tampons Super 32 pack,033350,$5.45,$0.17 / 1EA,https://www.woolworths.com.au/shop/productdetails/33350/libra-tampons-super,https://cdn0.woolworths.media/content/wowproductimages/medium/033350.jpg,2020-09-20 19:49:44,,0,,True
b1b69ccd-2cc5-47c7-ae83-85472476f0ad,Woolworths Supermarket,Health & Beauty,Essano Collagen Boost Facial Oil 20ml,034475,$20.00,$100.00 / 100ML,https://www.woolworths.com.au/shop/productdetails/34475/essano-collagen-boost-facial-oil,https://cdn0.woolworths.media/content/wowproductimages/medium/034475.jpg,2020-09-20 19:49:44,Average product rating out of 5: 4.3. Product score is based on 3 ratings,3,,True
29118c87-a165-4a61-8aad-2f3a04e97e62,Woolworths Supermarket,Health & Beauty,Essano Collagen Boost Dar Cr?me 140ml,034483,$25.00,$17.86 / 100ML,https://www.woolworths.com.au/shop/productdetails/34483/essano-collagen-boost-dar-cr-me,https://cdn0.woolworths.media/content/wowproductimages/medium/034483.jpg,2020-09-20 19:49:44,Average product rating out of 5: 4.0. Product score is based on 1 ratings,1,,True
a0f972d7-8efe-4190-95a1-d608d4aceb91,Woolworths Supermarket,Health & Beauty,Band-aid Clear Strips 40 pack,034527,$5.00,$0.13 / 1EA,https://www.woolworths.com.au/shop/productdetails/34527/band-aid-clear-strips,https://cdn0.woolworths.media/content/wowproductimages/medium/034527.jpg,2020-09-20 19:49:44,Average product rating out of 5: 5.0. Product score is based on 2 ratings,2,,True
030cac46-d5a2-4f56-88f1-d601d706f649,Woolworths Supermarket,Health & Beauty,Colgate Zig Zag Deep Interdental Clean Toothbrush Medium Adult each,034719,$3.00,$3.00 / 1EA,https://www.woolworths.com.au/shop/productdetails/34719/colgate-zig-zag-deep-interdental-clean-toothbrush-medium-adult,https://cdn0.woolworths.media/content/wowproductimages/medium/034719.jpg,2020-09-20 19:49:44,Average product rating out of 5: 4.0. Product score is based on 6 ratings,6,,True
94f7b37b-21ac-493b-8028-807e29ec906d,Woolworths Supermarket,Health & Beauty,Help@hand Chest Rub 100g,035412,$2.30,$2.30 / 100G,https://www.woolworths.com.au/shop/productdetails/35412/help-hand-chest-rub,https://cdn0.woolworths.media/content/wowproductimages/medium/035412.jpg,2020-09-20 19:49:44,Average product rating out of 5: 4.6. Product score is based on 10 ratings,10,,True
a191577a-f684-45b0-ba3c-52a87d9e7cab,Woolworths Supermarket,Health & Beauty,Schwarzkopf Extra Care Hair Spray Strong Style 400g,035458,$9.00,$2.25 / 100G,https://www.woolworths.com.au/shop/productdetails/35458/schwarzkopf-extra-care-hair-spray-strong-style,https://cdn0.woolworths.media/content/wowproductimages/medium/035458.jpg,2020-09-20 19:49:44,Average product rating out of 5: 4.4. Product score is based on 7 ratings,7,,True
376dcd51-a2a5-4fbc-a00b-2e3f91a5489b,Woolworths Supermarket,Health & Beauty,Chapstick Lip Care Conditioning Lip Balm Spf15 4.2g,035629,$4.50,$107.14 / 100G,https://www.woolworths.com.au/shop/productdetails/35629/chapstick-lip-care-conditioning-lip-balm-spf15,https://cdn0.woolworths.media/content/wowproductimages/medium/035629.jpg,2020-09-20 19:49:44,Average product rating out of 5: 4.8. Product score is based on 5 ratings,5,,True
abb5628e-8bd5-43ec-8167-e74cb68b595b,Woolworths Supermarket,Health & Beauty,Essano Collagen Boost Eye Cr?me 10g,036055,$20.00,$200.00 / 100G,https://www.woolworths.com.au/shop/productdetails/36055/essano-collagen-boost-eye-cr-me,https://cdn0.woolworths.media/content/wowproductimages/medium/036055.jpg,2020-09-20 19:49:44,,0,,True
8bb45e3a-3322-4f6f-ac88-6389e915dabd,Woolworths Supermarket,Health & Beauty,Schwarzkopf Extra Care Strong Styling Hair Spray 200ml,036197,$7.00,$3.50 / 100ML,https://www.woolworths.com.au/shop/productdetails/36197/schwarzkopf-extra-care-strong-styling-hair-spray,https://cdn0.woolworths.media/content/wowproductimages/medium/036197.jpg,2020-09-20 19:49:44,Average product rating out of 5: 4.6. Product score is based on 5 ratings,5,,True
530cac62-c4a3-4009-b68e-ad75abdfe2c1,Woolworths Supermarket,Health & Beauty,Olay Moisturising Cream 100g,036395,$13.00,$13.00 / 100G,https://www.woolworths.com.au/shop/productdetails/36395/olay-moisturising-cream,https://cdn0.woolworths.media/content/wowproductimages/medium/036395.jpg,2020-09-20 19:49:44,Average product rating out of 5: 4.7. Product score is based on 3 ratings,3,Was $15.30 27/02/2017,True
72c3a4a2-7bf0-44b3-bdd9-a0c1b3c0a8aa,Woolworths Supermarket,Health & Beauty,Systema Gum Care Super Soft Toothbrush each,036412,$5.00,$5.00 / 1EA,https://www.woolworths.com.au/shop/productdetails/36412/systema-gum-care-super-soft-toothbrush,https://cdn0.woolworths.media/content/wowproductimages/medium/036412.jpg,2020-09-20 19:49:44,Average product rating out of 5: 5.0. Product score is based on 2 ratings,2,,True
ea97b308-e182-4588-bd98-878e1f4badc5,Woolworths Supermarket,Health & Beauty,Cashmere Bouquet Talcum Powder With A Fresh Scent Of Lavender 250g,037018,$3.20,$1.28 / 100G,https://www.woolworths.com.au/shop/productdetails/37018/cashmere-bouquet-talcum-powder-with-a-fresh-scent-of-lavender,https://cdn0.woolworths.media/content/wowproductimages/medium/037018.jpg,2020-09-20 19:49:44,Average product rating out of 5: 4.7. Product score is based on 19 ratings,19,,True
df2f55ce-243d-466b-8c37-c50c9bbd8e8f,Woolworths Supermarket,Health & Beauty,Vaseline Petroleum Jelly Original 100g,037241,$4.00,$4.00 / 100G,https://www.woolworths.com.au/shop/productdetails/37241/vaseline-petroleum-jelly-original,https://cdn0.woolworths.media/content/wowproductimages/medium/037241.jpg,2020-09-20 19:49:44,Average product rating out of 5: 4.9. Product score is based on 10 ratings,10,,True
bcfd5202-5f78-440a-9892-a619dbc5417c,Woolworths Supermarket,Health & Beauty,Libra Tampons Regular 32 pack,037427,$5.45,$0.17 / 1EA,https://www.woolworths.com.au/shop/productdetails/37427/libra-tampons-regular,https://cdn0.woolworths.media/content/wowproductimages/medium/037427.jpg,2020-09-20 19:49:44,,0,,True
8b90a7b4-2868-4254-85d5-4e7e96d16e0b,Woolworths Supermarket,Health & Beauty,Homebrand Hair Gel Super Hold 250g,037624,$2.00,$0.80 / 100G,https://www.woolworths.com.au/shop/productdetails/37624/homebrand-hair-gel-super-hold,https://cdn0.woolworths.media/content/wowproductimages/medium/037624.jpg,2020-09-20 19:49:44,Average product rating out of 5: 4.0. Product score is based on 6 ratings,6,,True
9c93f0d2-f38b-4546-8dfe-fe7a9b512f36,Woolworths Supermarket,Health & Beauty,Norsca Deodorant Roll On Forest Fresh 50ml,037747,$4.00,$8.00 / 100ML,https://www.woolworths.com.au/shop/productdetails/37747/norsca-deodorant-roll-on-forest-fresh,https://cdn0.woolworths.media/content/wowproductimages/medium/037747.jpg,2020-09-20 19:49:44,Average product rating out of 5: 4.6. Product score is based on 19 ratings,19,,True
b6f450c0-567a-462f-94dc-6c8856983c78,Woolworths Supermarket,Health & Beauty,Schwarzkopf Taft Hair Lacquer Spray Maximum Hold 200g,038101,$3.95,$1.98 / 100G,https://www.woolworths.com.au/shop/productdetails/38101/schwarzkopf-taft-hair-lacquer-spray-maximum-hold,https://cdn0.woolworths.media/content/wowproductimages/medium/038101.jpg,2020-09-20 19:49:44,Average product rating out of 5: 4.8. Product score is based on 5 ratings,5,,True
e8eb31da-74fe-4771-b1ae-8261f35bd4f7,Woolworths Supermarket,Health & Beauty,Schwarzkopf Taft Hair Gel Maximum Hold 250g,038117,$4.00,$1.60 / 100G,https://www.woolworths.com.au/shop/productdetails/38117/schwarzkopf-taft-hair-gel-maximum-hold,https://cdn0.woolworths.media/content/wowproductimages/medium/038117.jpg,2020-09-20 19:49:44,Average product rating out of 5: 4.4. Product score is based on 5 ratings,5,Was $4.50 07/01/2019,True
f7bde7cb-369a-4e37-979f-fd8a38680606,Woolworths Supermarket,Health & Beauty,Schwarzkopf Taft Mousse Maximum Hold 200g,038119,$4.40,$2.20 / 100G,https://www.woolworths.com.au/shop/productdetails/38119/schwarzkopf-taft-mousse-maximum-hold,https://cdn0.woolworths.media/content/wowproductimages/medium/038119.jpg,2020-09-20 19:49:44,Average product rating out of 5: 4.8. Product score is based on 8 ratings,8,,True
93cd88d3-3cf3-4c92-a7a1-10ad20ca5a70,Woolworths Supermarket,Health & Beauty,Femfresh Intimate Hygiene Feminine Deodorant 75g,038194,,,https://www.woolworths.com.au/shop/productdetails/38194/femfresh-intimate-hygiene-feminine-deodorant,https://cdn0.woolworths.media/content/wowproductimages/medium/038194.jpg,2020-09-20 19:49:44,,0,,False
45c0f9c3-d80c-44d3-8f69-224f4c7f3990,Woolworths Supermarket,Health & Beauty,Chapstick Lip Care Strawberry Lip Balm Spf 15 4.2g,038698,$4.50,$107.14 / 100G,https://www.woolworths.com.au/shop/productdetails/38698/chapstick-lip-care-strawberry-lip-balm-spf-15,https://cdn0.woolworths.media/content/wowproductimages/medium/038698.jpg,2020-09-20 19:49:44,Average product rating out of 5: 4.8. Product score is based on 8 ratings,8,,True
e0573b63-1685-474d-be47-643acf77dce6,Woolworths Supermarket,Health & Beauty,Schick Womens Xtreme 3 Hawaiian Tropic 8 pack,039428,$9.00,$1.13 / 1EA,https://www.woolworths.com.au/shop/productdetails/39428/schick-womens-xtreme-3-hawaiian-tropic,https://cdn0.woolworths.media/content/wowproductimages/medium/039428.jpg,2020-09-20 19:49:44,Average product rating out of 5: 4.2. Product score is based on 6 ratings,6,,True
5efb889b-aa5a-444e-b8ef-43395ccc816c,Woolworths Supermarket,Health & Beauty,Stingose Antiseptic Spray 25ml,039685,$9.00,$36.00 / 100ML,https://www.woolworths.com.au/shop/productdetails/39685/stingose-antiseptic-spray,https://cdn0.woolworths.media/content/wowproductimages/medium/039685.jpg,2020-09-20 19:49:44,Average product rating out of 5: 4.7. Product score is based on 3 ratings,3,,True
29860a18-35c3-498c-b4b5-3ee4cfbc652a,Woolworths Supermarket,Health & Beauty,Dencorub Gels Extra Strength Heat 100g,039817,$4.80,$4.80 / 100G,https://www.woolworths.com.au/shop/productdetails/39817/dencorub-gels-extra-strength-heat,https://cdn0.woolworths.media/content/wowproductimages/medium/039817.jpg,2020-09-20 19:49:44,Average product rating out of 5: 4.3. Product score is based on 3 ratings,3,,True
97749689-ad05-4e62-aa69-b5fface43854,Woolworths Supermarket,Health & Beauty,Dettol Parents Approved Rose Shower Gel 950ml,039918,$9.50,$1.00 / 100ML,https://www.woolworths.com.au/shop/productdetails/39918/dettol-parents-approved-rose-shower-gel,https://cdn0.woolworths.media/content/wowproductimages/medium/039918.jpg,2020-09-20 19:49:44,,0,,True
88f418ec-3746-4b8e-acd2-24aa40742714,Woolworths Supermarket,Health & Beauty,Dettol Parents Approved Citrus Shower Gel 950ml,039919,$9.50,$1.00 / 100ML,https://www.woolworths.com.au/shop/productdetails/39919/dettol-parents-approved-citrus-shower-gel,https://cdn0.woolworths.media/content/wowproductimages/medium/039919.jpg,2020-09-20 19:49:44,,0,,True
8ddb9f07-aedd-48e8-8cc5-6ca193141f2e,Woolworths Supermarket,Health & Beauty,Libra Girl Ultra Thins Pads Wings Regular 12 pack,040338,$4.20,$0.35 / 1EA,https://www.woolworths.com.au/shop/productdetails/40338/libra-girl-ultra-thins-pads-wings-regular,https://cdn0.woolworths.media/content/wowproductimages/medium/040338.jpg,2020-09-20 19:49:44,,0,Was $4.80 06/11/2017,True
fc56cb44-8f43-4970-90cf-99b9885c5621,Woolworths Supermarket,Health & Beauty,De-gas Antacids Gas Capsules 24 pack,040581,$7.30,$0.30 / 1EA,https://www.woolworths.com.au/shop/productdetails/40581/de-gas-antacids-gas-capsules,https://cdn0.woolworths.media/content/wowproductimages/medium/040581.jpg,2020-09-20 19:49:44,Average product rating out of 5: 2.8. Product score is based on 6 ratings,6,,True
768e8568-f970-4cec-baaa-4dae0852c52a,Woolworths Supermarket,Health & Beauty,Priya Soap Body Balance Oat Milk 100g,040746,$2.00,$2.00 / 100G,https://www.woolworths.com.au/shop/productdetails/40746/priya-soap-body-balance-oat-milk,https://cdn0.woolworths.media/content/wowproductimages/medium/040746.jpg,2020-09-20 19:49:44,Average product rating out of 5: 4.6. Product score is based on 5 ratings,5,,True
1e6235d9-5960-46dc-9ef7-0dd589643107,Woolworths Supermarket,Health & Beauty,Brut Deodorant Roll On Stick Original 75g,041655,$5.50,$7.33 / 100G,https://www.woolworths.com.au/shop/productdetails/41655/brut-deodorant-roll-on-stick-original,https://cdn0.woolworths.media/content/wowproductimages/medium/041655.jpg,2020-09-20 19:49:44,Average product rating out of 5: 4.1. Product score is based on 9 ratings,9,,True
e9d5fa19-c704-4b27-921f-3faa77cd5118,Woolworths Supermarket,Health & Beauty,Nivea Cellular Anti-wrinkle Night Cream Face Moisturiser 50ml,042459,$28.00,$56.00 / 100ML,https://www.woolworths.com.au/shop/productdetails/42459/nivea-cellular-anti-wrinkle-night-cream-face-moisturiser,https://cdn0.woolworths.media/content/wowproductimages/medium/042459.jpg,2020-09-20 19:49:44,Average product rating out of 5: 3.8. Product score is based on 6 ratings,6,,True
e3d45e2a-06f0-40bb-904b-90949323cdfb,Woolworths Supermarket,Health & Beauty,Nivea Cellular Anti-age Day Cream Face Moisturiser Spf15 50ml,042534,$28.00,$56.00 / 100ML,https://www.woolworths.com.au/shop/productdetails/42534/nivea-cellular-anti-age-day-cream-face-moisturiser-spf15,https://cdn0.woolworths.media/content/wowproductimages/medium/042534.jpg,2020-09-20 19:49:44,Average product rating out of 5: 4.3. Product score is based on 4 ratings,4,,True
61f479a5-fe7d-492b-a0ad-5a4589fdb520,Woolworths Supermarket,Health & Beauty,Gillette Series Shaving Gel Moisturising 200ml,042926,$6.20,$3.18 / 100G,https://www.woolworths.com.au/shop/productdetails/42926/gillette-series-shaving-gel-moisturising,https://cdn0.woolworths.media/content/wowproductimages/medium/042926.jpg,2020-09-20 19:49:44,Average product rating out of 5: 4.6. Product score is based on 13 ratings,13,,True
5319e945-e536-4e55-9897-1223a3242b05,Woolworths Supermarket,Health & Beauty,Oral-b Essential Waxed Dental Floss Mint 50m,042966,$4.00,$0.08 / 1M,https://www.woolworths.com.au/shop/productdetails/42966/oral-b-essential-waxed-dental-floss-mint,https://cdn0.woolworths.media/content/wowproductimages/medium/042966.jpg,2020-09-20 19:49:44,Average product rating out of 5: 4.2. Product score is based on 9 ratings,9,,True
d66e58f9-ea66-4bf0-90d5-0b4b5a6e1b4f,Woolworths Supermarket,Health & Beauty,Brut Aftershave Boxed 100ml,043274,$10.50,$10.50 / 100ML,https://www.woolworths.com.au/shop/productdetails/43274/brut-aftershave-boxed,https://cdn0.woolworths.media/content/wowproductimages/medium/043274.jpg,2020-09-20 19:49:44,,0,,True
7f8877f8-3228-4e6d-8f94-5da878d901b3,Woolworths Supermarket,Health & Beauty,Stop Itch Plus Antiseptic First Aid Itch Cream 50g,043591,$5.00,$10.00 / 100G,https://www.woolworths.com.au/shop/productdetails/43591/stop-itch-plus-antiseptic-first-aid-itch-cream,https://cdn0.woolworths.media/content/wowproductimages/medium/043591.jpg,2020-09-20 19:49:44,Average product rating out of 5: 4.9. Product score is based on 10 ratings,10,,True
cda166ab-a7ea-4c45-b600-dcd3bafb358a,Woolworths Supermarket,Health & Beauty,Palmolive Men Body Wash Natural Charcoal Shower Gel 450ml,043731,$7.50,$1.67 / 100ML,https://www.woolworths.com.au/shop/productdetails/43731/palmolive-men-body-wash-natural-charcoal-shower-gel,https://cdn0.woolworths.media/content/wowproductimages/medium/043731.jpg,2020-09-20 19:49:44,,0,,True
328f6ffc-b5a0-473a-ac60-bd9b5c05dc16,Woolworths Supermarket,Health & Beauty,Palmolive Men's Anti Dandruff Shampoo 350ml,043745,$5.00,$1.43 / 100ML,https://www.woolworths.com.au/shop/productdetails/43745/palmolive-men-s-anti-dandruff-shampoo,https://cdn0.woolworths.media/content/wowproductimages/medium/043745.jpg,2020-09-20 19:49:44,,0,,True
62365a9d-77c7-4103-ad25-a0f090643160,Woolworths Supermarket,Health & Beauty,Palmolive Clarifying Micellar Hair Shampoo Rose Oil 370ml,043746,$8.00,$2.16 / 100ML,https://www.woolworths.com.au/shop/productdetails/43746/palmolive-clarifying-micellar-hair-shampoo-rose-oil,https://cdn0.woolworths.media/content/wowproductimages/medium/043746.jpg,2020-09-20 19:49:44,,0,,True
ec8b6268-ea6c-4bd7-bd3d-3c395d444969,Woolworths Supermarket,Health & Beauty,Palmolive Clarifying Micellar Conditioner Rose Oil 370ml,043748,$8.00,$2.16 / 100ML,https://www.woolworths.com.au/shop/productdetails/43748/palmolive-clarifying-micellar-conditioner-rose-oil,https://cdn0.woolworths.media/content/wowproductimages/medium/043748.jpg,2020-09-20 19:49:44,Average product rating out of 5: 4.5. Product score is based on 2 ratings,2,,True
af046774-8320-4161-a477-e4c98ba4d871,Woolworths Supermarket,Health & Beauty,Nad's Natural Sugar Wax Kit 370g,043759,$15.00,$4.05 / 100G,https://www.woolworths.com.au/shop/productdetails/43759/nad-s-natural-sugar-wax-kit,https://cdn0.woolworths.media/content/wowproductimages/medium/043759.jpg,2020-09-20 19:49:44,,0,,True
8de5b3d6-0465-4e91-99e5-a20f341ec094,Woolworths Supermarket,Health & Beauty,Glow Lab Coconut & Sandalwood Body Wash 900ml,043760,$10.00,$1.11 / 100ML,https://www.woolworths.com.au/shop/productdetails/43760/glow-lab-coconut-sandalwood-body-wash,https://cdn0.woolworths.media/content/wowproductimages/medium/043760.jpg,2020-09-20 19:49:44,Average product rating out of 5: 4.5. Product score is based on 26 ratings,26,,True
aa552054-b9c7-49a5-b297-7fb0707f3ada,Woolworths Supermarket,Health & Beauty,Deep Heat Original Heat Rub 100g,043854,$7.00,$7.00 / 100G,https://www.woolworths.com.au/shop/productdetails/43854/deep-heat-original-heat-rub,https://cdn0.woolworths.media/content/wowproductimages/medium/043854.jpg,2020-09-20 19:49:44,Average product rating out of 5: 4.6. Product score is based on 5 ratings,5,,True
4d543eab-20f9-4dd2-8bca-f1174d6d285a,Woolworths Supermarket,Health & Beauty,Glow Lab Citrus & Bergamot Body Wash 400ml,043945,$6.00,$1.50 / 100ML,https://www.woolworths.com.au/shop/productdetails/43945/glow-lab-citrus-bergamot-body-wash,https://cdn0.woolworths.media/content/wowproductimages/medium/043945.jpg,2020-09-20 19:49:44,Average product rating out of 5: 4.3. Product score is based on 3 ratings,3,,True
6e916b8a-0f36-47b2-be9d-a6b9f43e3eff,Woolworths Supermarket,Health & Beauty,Colgate Cavity Protection Great Regular Flavour Toothpaste 175g,044168,$2.99,$1.71 / 100G,https://www.woolworths.com.au/shop/productdetails/44168/colgate-cavity-protection-great-regular-flavour-toothpaste,https://cdn0.woolworths.media/content/wowproductimages/medium/044168.jpg,2020-09-20 19:49:44,Average product rating out of 5: 4.5. Product score is based on 45 ratings,45,,True
c6c57ed9-c1e2-4261-a38f-c214861f1f6e,Woolworths Supermarket,Health & Beauty,Eno Salts Fruit Lemon 200g,044307,$10.00,$5.00 / 100G,https://www.woolworths.com.au/shop/productdetails/44307/eno-salts-fruit-lemon,https://cdn0.woolworths.media/content/wowproductimages/medium/044307.jpg,2020-09-20 19:49:44,Average product rating out of 5: 4.8. Product score is based on 16 ratings,16,,True
c3909de9-fb4d-465a-b359-fadb9c9d19d7,Woolworths Supermarket,Health & Beauty,Stayfree Ultra Thin All Nights With Wings 10 pack,044861,$4.50,$0.45 / 1EA,https://www.woolworths.com.au/shop/productdetails/44861/stayfree-ultra-thin-all-nights-with-wings,https://cdn0.woolworths.media/content/wowproductimages/medium/044861.jpg,2020-09-20 19:49:44,,0,,True
338de8fd-4d86-4db8-bc9f-cd333085b1ab,Woolworths Supermarket,Health & Beauty,Libra Panty Liners Breathable 50 pack,045979,$3.60,$0.07 / 1EA,https://www.woolworths.com.au/shop/productdetails/45979/libra-panty-liners-breathable,https://cdn0.woolworths.media/content/wowproductimages/medium/045979.jpg,2020-09-20 19:49:44,,0,,True
661fe38c-425c-4f26-a55f-0771be9ba7ef,Woolworths Supermarket,Health & Beauty,Palmolive Body Wash Shea & Almond Oil Moisturising Shower Gel 400ml,046166,$4.50,$1.13 / 100ML,https://www.woolworths.com.au/shop/productdetails/46166/palmolive-body-wash-shea-almond-oil-moisturising-shower-gel,https://cdn0.woolworths.media/content/wowproductimages/medium/046166.jpg,2020-09-20 19:49:44,Average product rating out of 5: 5.0. Product score is based on 2 ratings,2,,True
371030b3-9d8d-4736-9c0c-3fd5b328c32c,Woolworths Supermarket,Health & Beauty,Palmolive Foaming Liquid Hand Wash Soap Pump Vanilla & Berry 250ml,046169,$3.50,$1.40 / 100ML,https://www.woolworths.com.au/shop/productdetails/46169/palmolive-foaming-liquid-hand-wash-soap-pump-vanilla-berry,https://cdn0.woolworths.media/content/wowproductimages/medium/046169.jpg,2020-09-20 19:49:44,Average product rating out of 5: 4.6. Product score is based on 25 ratings,25,,True
e85a8fdc-21b3-4501-9741-dfba1bcbe3dc,Woolworths Supermarket,Health & Beauty,Palmolive Foaming Liquid Hand Wash Soap Vanilla & Berry Refill 500ml,046171,$5.50,$1.10 / 100ML,https://www.woolworths.com.au/shop/productdetails/46171/palmolive-foaming-liquid-hand-wash-soap-vanilla-berry-refill,https://cdn0.woolworths.media/content/wowproductimages/medium/046171.jpg,2020-09-20 19:49:44,Average product rating out of 5: 4.5. Product score is based on 26 ratings,26,,True
4727d8d5-86a1-461b-84a6-28aa3652a06f,Woolworths Supermarket,Health & Beauty,Palmolive Kids 3 In 1 Bodywash Shampoo & Conditioner Strawberry 700ml,046238,$6.50,$0.93 / 100ML,https://www.woolworths.com.au/shop/productdetails/46238/palmolive-kids-3-in-1-bodywash-shampoo-conditioner-strawberry,https://cdn0.woolworths.media/content/wowproductimages/medium/046238.jpg,2020-09-20 19:49:44,,0,Was $7.00 23/04/2018,True
b527e73d-06e8-45d1-9c70-8d045e7b3c37,Woolworths Supermarket,Health & Beauty,Head & Shoulders Smooth & Silky Anti-dandruff Shampoo 620ml,046271,$12.00,$1.94 / 100ML,https://www.woolworths.com.au/shop/productdetails/46271/head-shoulders-smooth-silky-anti-dandruff-shampoo,https://cdn0.woolworths.media/content/wowproductimages/medium/046271.jpg,2020-09-20 19:49:44,Average product rating out of 5: 4.6. Product score is based on 8 ratings,8,Was $16.00 16/02/2018,True
91384688-deae-4000-80c4-a29651d3307b,Woolworths Supermarket,Health & Beauty,Head & Shoulders Smooth & Silky Anti-dandruff Conditioner 620ml,046274,$12.00,$1.94 / 100ML,https://www.woolworths.com.au/shop/productdetails/46274/head-shoulders-smooth-silky-anti-dandruff-conditioner,https://cdn0.woolworths.media/content/wowproductimages/medium/046274.jpg,2020-09-20 19:49:44,Average product rating out of 5: 4.8. Product score is based on 4 ratings,4,Was $16.00 16/02/2018,True
2b554f94-8058-4a33-bc4f-37da336fd093,Woolworths Supermarket,Health & Beauty,Head & Shoulders Clean & Balanced Anti-dandruff Shampoo 620ml,046334,$12.00,$1.94 / 100ML,https://www.woolworths.com.au/shop/productdetails/46334/head-shoulders-clean-balanced-anti-dandruff-shampoo,https://cdn0.woolworths.media/content/wowproductimages/medium/046334.jpg,2020-09-20 19:49:44,Average product rating out of 5: 4.3. Product score is based on 8 ratings,8,Was $16.00 16/02/2018,True
4b114951-619a-4e1a-90de-a7ed52c063a2,Woolworths Supermarket,Health & Beauty,Head & Shoulders Itchy Scalp Care Eucalyptus Anti-dandruff Shampoo 620ml,046393,$12.00,$1.94 / 100ML,https://www.woolworths.com.au/shop/productdetails/46393/head-shoulders-itchy-scalp-care-eucalyptus-anti-dandruff-shampoo,https://cdn0.woolworths.media/content/wowproductimages/medium/046393.jpg,2020-09-20 19:49:44,,0,Was $16.00 16/02/2018,True
a56920fe-cd92-433c-8bee-042bfd73cc15,Woolworths Supermarket,Health & Beauty,Head & Shoulders Anti-dandruff Shampoo Dry Scalp Care Almond Oil 620ml,046401,$12.00,$1.94 / 100ML,https://www.woolworths.com.au/shop/productdetails/46401/head-shoulders-anti-dandruff-shampoo-dry-scalp-care-almond-oil,https://cdn0.woolworths.media/content/wowproductimages/medium/046401.jpg,2020-09-20 19:49:44,Average product rating out of 5: 5.0. Product score is based on 4 ratings,4,Was $16.00 16/02/2018,True
454db603-a064-4aa7-a240-9abdd610a038,Woolworths Supermarket,Health & Beauty,Head & Shoulders Apple Fresh Anti-dandruff Shampoo 620ml,046405,$12.00,$1.94 / 100ML,https://www.woolworths.com.au/shop/productdetails/46405/head-shoulders-apple-fresh-anti-dandruff-shampoo,https://cdn0.woolworths.media/content/wowproductimages/medium/046405.jpg,2020-09-20 19:49:44,Average product rating out of 5: 5.0. Product score is based on 4 ratings,4,Was $16.00 16/02/2018,True
1733c825-6329-4ae5-9b91-a8a7f0afe418,Woolworths Supermarket,Health & Beauty,Homebrand Mousse Styling 250g,046525,$1.79,$0.72 / 100G,https://www.woolworths.com.au/shop/productdetails/46525/homebrand-mousse-styling,https://cdn0.woolworths.media/content/wowproductimages/medium/046525.jpg,2020-09-20 19:49:44,Average product rating out of 5: 4.3. Product score is based on 6 ratings,6,,True
7e6f0638-7197-4146-8b06-9b1c8f6c2929,Woolworths Supermarket,Health & Beauty,Gillette Venus Smooth Sensitive Women's Razor + 2 Blade Refills each,046555,$9.80,$9.80 / 1EA,https://www.woolworths.com.au/shop/productdetails/46555/gillette-venus-smooth-sensitive-women-s-razor-2-blade-refills,https://cdn0.woolworths.media/content/wowproductimages/medium/046555.jpg,2020-09-20 19:49:44,Average product rating out of 5: 5.0. Product score is based on 2 ratings,2,,True
f872b62a-2b2b-455a-90b3-ff40466800fd,Woolworths Supermarket,Health & Beauty,Gillette Venus Smooth Sensitive Razor Blades 4 pack,046565,$16.00,$4.00 / 1EA,https://www.woolworths.com.au/shop/productdetails/46565/gillette-venus-smooth-sensitive-razor-blades,https://cdn0.woolworths.media/content/wowproductimages/medium/046565.jpg,2020-09-20 19:49:44,Average product rating out of 5: 4.5. Product score is based on 2 ratings,2,,True
0a9b70a2-12bf-427c-8a05-efe009e14a37,Woolworths Supermarket,Health & Beauty,L'oreal Paris Excellence Age Perfect 9.13 Light Cream Blonde each,046588,$10.00,,https://www.woolworths.com.au/shop/productdetails/46588/l-oreal-paris-excellence-age-perfect-9-13-light-cream-blonde,https://cdn0.woolworths.media/content/wowproductimages/medium/046588.jpg,2020-09-20 19:49:44,,0,,True
400b8401-fa84-4922-9a0b-8d36fb1591b5,Woolworths Supermarket,Health & Beauty,Nair Sensitive Wax Strips 40 pack,046592,$15.00,$0.38 / 1EA,https://www.woolworths.com.au/shop/productdetails/46592/nair-sensitive-wax-strips,https://cdn0.woolworths.media/content/wowproductimages/medium/046592.jpg,2020-09-20 19:49:44,Average product rating out of 5: 4.8. Product score is based on 8 ratings,8,,True
34e84357-9c26-4f1b-a06c-386a0e81796b,Woolworths Supermarket,Health & Beauty,L'oreal Paris Excellence Age Perfect Pearl Blonde 8.32 each,046595,$10.00,,https://www.woolworths.com.au/shop/productdetails/46595/l-oreal-paris-excellence-age-perfect-pearl-blonde-8-32,https://cdn0.woolworths.media/content/wowproductimages/medium/046595.jpg,2020-09-20 19:49:44,,0,,True
d46161bf-2b0c-4a07-ae3d-c1a127f1e9e9,Woolworths Supermarket,Health & Beauty,L'oreal Paris Excellence Age Perfect Radiant Pure Beige Blonde 8.31 each,046598,$10.00,,https://www.woolworths.com.au/shop/productdetails/46598/l-oreal-paris-excellence-age-perfect-radiant-pure-beige-blonde-8-31,https://cdn0.woolworths.media/content/wowproductimages/medium/046598.jpg,2020-09-20 19:49:44,,0,,True
35c27a54-33b2-4235-8096-d182e0234dbb,Woolworths Supermarket,Health & Beauty,Frozen Elsa Hair Ties 4 pack,046670,$5.00,,https://www.woolworths.com.au/shop/productdetails/46670/frozen-elsa-hair-ties,https://cdn0.woolworths.media/content/wowproductimages/medium/046670.jpg,2020-09-20 19:49:44,Average product rating out of 5: 4.0. Product score is based on 3 ratings,3,,True
32a32f3c-408b-4352-afcf-2b32f2084647,Woolworths Supermarket,Health & Beauty,Frozen Hair Tie & Clips each,046801,$5.00,,https://www.woolworths.com.au/shop/productdetails/46801/frozen-hair-tie-clips,https://cdn0.woolworths.media/content/wowproductimages/medium/046801.jpg,2020-09-20 19:49:44,Average product rating out of 5: 3.9. Product score is based on 7 ratings,7,,True
705bce3b-3709-4805-a94e-00d0653d4b74,Woolworths Supermarket,Health & Beauty,Frozen Heart Hair Clips 2 pack,046803,$5.00,,https://www.woolworths.com.au/shop/productdetails/46803/frozen-heart-hair-clips,https://cdn0.woolworths.media/content/wowproductimages/medium/046803.jpg,2020-09-20 19:49:44,Average product rating out of 5: 4.3. Product score is based on 3 ratings,3,,True
02d4d0f4-85ac-4148-a087-ecd5e9ce54d5,Woolworths Supermarket,Health & Beauty,Frozen Hair Brush each,046817,$10.00,,https://www.woolworths.com.au/shop/productdetails/46817/frozen-hair-brush,https://cdn0.woolworths.media/content/wowproductimages/medium/046817.jpg,2020-09-20 19:49:44,Average product rating out of 5: 2.5. Product score is based on 2 ratings,2,,True
fb1f85db-9e08-4fe8-a7a3-3873b91d141a,Woolworths Supermarket,Health & Beauty,Toni & Guy Bamboo Detangling Comb each,046819,$10.00,,https://www.woolworths.com.au/shop/productdetails/46819/toni-guy-bamboo-detangling-comb,https://cdn0.woolworths.media/content/wowproductimages/medium/046819.jpg,2020-09-20 19:49:44,Average product rating out of 5: 3.3. Product score is based on 11 ratings,11,,True
0838b569-d4b4-49e3-a2eb-e0ef3eb29d22,Woolworths Supermarket,Health & Beauty,Bausch And Lomb Renu Contact Lens Solution Multi Purpose 355ml,047057,$15.00,$4.23 / 100ML,https://www.woolworths.com.au/shop/productdetails/47057/bausch-and-lomb-renu-contact-lens-solution-multi-purpose,https://cdn0.woolworths.media/content/wowproductimages/medium/047057.jpg,2020-09-20 19:49:44,Average product rating out of 5: 5.0. Product score is based on 1 ratings,1,,True
10f8c76e-2b51-4010-92ac-3f24e160d08d,Woolworths Supermarket,Health & Beauty,Mitchum Women's Roll On Powder Fresh Antiperspirant & Deodorant 50ml,047334,$3.80,$7.60 / 100ML,https://www.woolworths.com.au/shop/productdetails/47334/mitchum-women-s-roll-on-powder-fresh-antiperspirant-deodorant,https://cdn0.woolworths.media/content/wowproductimages/medium/047334.jpg,2020-09-20 19:49:44,Average product rating out of 5: 4.8. Product score is based on 27 ratings,27,,True
3656dbd3-95a6-4bee-83ef-ea2dceea55f0,Woolworths Supermarket,Health & Beauty,Toni & Guy Acrylic Hair Clips Assorted 2 pack,047623,$8.00,,https://www.woolworths.com.au/shop/productdetails/47623/toni-guy-acrylic-hair-clips-assorted,https://cdn0.woolworths.media/content/wowproductimages/medium/047623.jpg,2020-09-20 19:49:44,Average product rating out of 5: 3.3. Product score is based on 4 ratings,4,,True
717faca7-2425-48a9-b033-57a8092d3685,Woolworths Supermarket,Health & Beauty,Toni & Guy Bamboo Radial Brush each,047624,$24.00,,https://www.woolworths.com.au/shop/productdetails/47624/toni-guy-bamboo-radial-brush,https://cdn0.woolworths.media/content/wowproductimages/medium/047624.jpg,2020-09-20 19:49:44,Average product rating out of 5: 3.6. Product score is based on 5 ratings,5,,True
f7b6d978-5543-46b4-8f7c-8cf00df01260,Woolworths Supermarket,Health & Beauty,Toni & Guy Bamboo Paddle Brush each,048353,$20.00,,https://www.woolworths.com.au/shop/productdetails/48353/toni-guy-bamboo-paddle-brush,https://cdn0.woolworths.media/content/wowproductimages/medium/048353.jpg,2020-09-20 19:49:44,Average product rating out of 5: 4.4. Product score is based on 13 ratings,13,,True
a7ee3f18-7258-4645-9fe3-36b2668a2194,Woolworths Supermarket,Health & Beauty,Toni & Guy Bamboo Styling Brush each,048354,$20.00,,https://www.woolworths.com.au/shop/productdetails/48354/toni-guy-bamboo-styling-brush,https://cdn0.woolworths.media/content/wowproductimages/medium/048354.jpg,2020-09-20 19:49:44,Average product rating out of 5: 2.0. Product score is based on 6 ratings,6,,True
7cbadaea-09a0-470b-b605-21080a776e61,Woolworths Supermarket,Health & Beauty,Mum Anti Perspirant Deodorant Dry Cool Pink All Day 50ml,048664,$3.00,$6.00 / 100ML,https://www.woolworths.com.au/shop/productdetails/48664/mum-anti-perspirant-deodorant-dry-cool-pink-all-day,https://cdn0.woolworths.media/content/wowproductimages/medium/048664.jpg,2020-09-20 19:49:44,Average product rating out of 5: 4.7. Product score is based on 31 ratings,31,Was $3.23 25/09/2016,True
8de513d8-2e5d-449e-8e27-d862f2a561da,Woolworths Supermarket,Health & Beauty,Mum Dry Anti Perspirant Deodorant Dry Active All Day 50ml,048667,$3.00,$6.00 / 100ML,https://www.woolworths.com.au/shop/productdetails/48667/mum-dry-anti-perspirant-deodorant-dry-active-all-day,https://cdn0.woolworths.media/content/wowproductimages/medium/048667.jpg,2020-09-20 19:49:44,Average product rating out of 5: 4.5. Product score is based on 27 ratings,27,Was $3.23 25/09/2016,True
8c2606e8-68a2-4169-9344-e446e87b872e,Woolworths Supermarket,Health & Beauty,Blackmores Bio Magnesium 50 pack,049220,$19.50,$39.00 / 100EA,https://www.woolworths.com.au/shop/productdetails/49220/blackmores-bio-magnesium,https://cdn0.woolworths.media/content/wowproductimages/medium/049220.jpg,2020-09-20 19:49:44,Average product rating out of 5: 4.7. Product score is based on 6 ratings,6,,True
1a723df1-73ca-49fb-a300-0aae3adb0a6d,Woolworths Supermarket,Health & Beauty,Nivea Lemongrass & Oil Shower Gel & Body Wash 500ml,051538,$8.00,$1.60 / 100ML,https://www.woolworths.com.au/shop/productdetails/51538/nivea-lemongrass-oil-shower-gel-body-wash,https://cdn0.woolworths.media/content/wowproductimages/medium/051538.jpg,2020-09-20 19:49:44,Average product rating out of 5: 5.0. Product score is based on 8 ratings,8,,True
00dfc27d-be7c-4a34-91ea-37d867e17816,Woolworths Supermarket,Health & Beauty,Lynx Bodywash Xbox 400ml,051543,$4.00,$1.00 / 100ML,https://www.woolworths.com.au/shop/productdetails/51543/lynx-bodywash-xbox,https://cdn0.woolworths.media/content/wowproductimages/medium/051543.jpg,2020-09-20 19:49:44,,0,,True
bf1179e2-b586-4d1f-bfa0-5ef9ad21c6ce,Woolworths Supermarket,Health & Beauty,Dove Antiperspirant Roll On Coconut & Jasmine Flower 50ml,051585,$3.90,$7.80 / 100ML,https://www.woolworths.com.au/shop/productdetails/51585/dove-antiperspirant-roll-on-coconut-jasmine-flower,https://cdn0.woolworths.media/content/wowproductimages/medium/051585.jpg,2020-09-20 19:49:44,,0,,True
7e411554-4748-415d-9e89-0ce02caaf13b,Woolworths Supermarket,Health & Beauty,Impulse Body Spray Wanderlust 75ml,051587,$4.00,$5.33 / 100ML,https://www.woolworths.com.au/shop/productdetails/51587/impulse-body-spray-wanderlust,https://cdn0.woolworths.media/content/wowproductimages/medium/051587.jpg,2020-09-20 19:49:44,,0,Was $5 23/06/16,True
14b38d81-92f4-4431-bed4-48b73b6f4649,Woolworths Supermarket,Health & Beauty,Nivea Aloe Vera Moisture Fresh Shower Gel & Body Wash 1l,051646,$13.70,$1.37 / 100ML,https://www.woolworths.com.au/shop/productdetails/51646/nivea-aloe-vera-moisture-fresh-shower-gel-body-wash,https://cdn0.woolworths.media/content/wowproductimages/medium/051646.jpg,2020-09-20 19:49:44,Average product rating out of 5: 4.4. Product score is based on 7 ratings,7,,True
4ab6bc5f-68d3-4427-a94c-ff33ee325363,Woolworths Supermarket,Health & Beauty,Olay Anti Wrinkle Provital Night Cream For Mature Skin 50g,051649,$17.50,$35.00 / 100G,https://www.woolworths.com.au/shop/productdetails/51649/olay-anti-wrinkle-provital-night-cream-for-mature-skin,https://cdn0.woolworths.media/content/wowproductimages/medium/051649.jpg,2020-09-20 19:49:44,Average product rating out of 5: 4.4. Product score is based on 5 ratings,5,,True
ec052bf0-a3e5-4457-b463-0bf4fffe849f,Woolworths Supermarket,Health & Beauty,Neutrogena Facial Cleanser Extra Gentle 200ml,051658,$14.50,$7.25 / 100ML,https://www.woolworths.com.au/shop/productdetails/51658/neutrogena-facial-cleanser-extra-gentle,https://cdn0.woolworths.media/content/wowproductimages/medium/051658.jpg,2020-09-20 19:49:44,Average product rating out of 5: 4.5. Product score is based on 2 ratings,2,,True
a8a88567-70c9-4dd5-a6e2-cfc44ab6bb82,Woolworths Supermarket,Health & Beauty,Bar None Scrunchie Black each,052246,$5.00,,https://www.woolworths.com.au/shop/productdetails/52246/bar-none-scrunchie-black,https://cdn0.woolworths.media/content/wowproductimages/medium/052246.jpg,2020-09-20 19:49:44,Average product rating out of 5: 5.0. Product score is based on 1 ratings,1,,True
5277df7c-5c59-4bbc-bb04-61e406e06fe9,Woolworths Supermarket,Health & Beauty,Bar None Hair Ties 5 pack,052248,$5.00,,https://www.woolworths.com.au/shop/productdetails/52248/bar-none-hair-ties,https://cdn0.woolworths.media/content/wowproductimages/medium/052248.jpg,2020-09-20 19:49:44,Average product rating out of 5: 4.2. Product score is based on 5 ratings,5,,True
962fc475-c2e2-4d1e-aaa9-89d818ec72cd,Woolworths Supermarket,Health & Beauty,Dove Anti-perspirant Coconut & Jasmine Flower 250ml,052492,$7.00,$2.80 / 100ML,https://www.woolworths.com.au/shop/productdetails/52492/dove-anti-perspirant-coconut-jasmine-flower,https://cdn0.woolworths.media/content/wowproductimages/medium/052492.jpg,2020-09-20 19:49:44,,0,,True
2710e3ff-3268-4205-993c-092e09c2b760,Woolworths Supermarket,Health & Beauty,Nivea Hawaiian Flower & Oil Shower Gel & Body Wash 500ml,052532,$8.00,$1.60 / 100ML,https://www.woolworths.com.au/shop/productdetails/52532/nivea-hawaiian-flower-oil-shower-gel-body-wash,https://cdn0.woolworths.media/content/wowproductimages/medium/052532.jpg,2020-09-20 19:49:44,Average product rating out of 5: 4.6. Product score is based on 13 ratings,13,,True
da9c45fc-eae1-43e8-a265-2b9575405826,Woolworths Supermarket,Health & Beauty,L'oreal Paris Elvive Dream Lengths Restoring Shampoo 325ml,052864,$4.00,$1.23 / 100ML,https://www.woolworths.com.au/shop/productdetails/52864/l-oreal-paris-elvive-dream-lengths-restoring-shampoo,https://cdn0.woolworths.media/content/wowproductimages/medium/052864.jpg,2020-09-20 19:49:44,,0,,True
83850271-4761-4a45-8015-93fe030ae682,Woolworths Supermarket,Health & Beauty,L'oreal Paris Elvive Dream Lengths Detangling Conditioner 325ml,052865,$4.00,$1.23 / 100ML,https://www.woolworths.com.au/shop/productdetails/52865/l-oreal-paris-elvive-dream-lengths-detangling-conditioner,https://cdn0.woolworths.media/content/wowproductimages/medium/052865.jpg,2020-09-20 19:49:44,,0,,True
a9f64b58-b145-4ed3-9c61-cfe3c5c5e5fc,Woolworths Supermarket,Health & Beauty,L'oreal Elvive Dream Lengths Cream 200ml,052867,$6.00,$3.00 / 100ML,https://www.woolworths.com.au/shop/productdetails/52867/l-oreal-elvive-dream-lengths-cream,https://cdn0.woolworths.media/content/wowproductimages/medium/052867.jpg,2020-09-20 19:49:44,,0,,True
7cc2d298-226b-4cb6-8be0-f2385494270e,Woolworths Supermarket,Health & Beauty,Garnier Fructis Hair Food Hydrating Aloe Vera 390ml,052871,$8.40,$2.15 / 100ML,https://www.woolworths.com.au/shop/productdetails/52871/garnier-fructis-hair-food-hydrating-aloe-vera,https://cdn0.woolworths.media/content/wowproductimages/medium/052871.jpg,2020-09-20 19:49:44,Average product rating out of 5: 4.2. Product score is based on 11 ratings,11,,True
2eab0794-ef29-4ca2-901e-c7c7c476d902,Woolworths Supermarket,Health & Beauty,Oh So Comfy Soft Fit Headband each,052873,,,https://www.woolworths.com.au/shop/productdetails/52873/oh-so-comfy-soft-fit-headband,https://cdn0.woolworths.media/content/wowproductimages/medium/052873.jpg,2020-09-20 19:49:44,Average product rating out of 5: 3.5. Product score is based on 2 ratings,2,,False
f38e883b-ed12-435c-a13b-016a242c4784,Woolworths Supermarket,Health & Beauty,The Detangler Coconut Scented Detangler each,052874,$12.00,,https://www.woolworths.com.au/shop/productdetails/52874/the-detangler-coconut-scented-detangler,https://cdn0.woolworths.media/content/wowproductimages/medium/052874.jpg,2020-09-20 19:49:44,Average product rating out of 5: 5.0. Product score is based on 1 ratings,1,,True
52feb097-1db3-41d3-a8b2-b9064fc2e091,Woolworths Supermarket,Health & Beauty,Argan Oil Large Cushion Pad Brush each,052878,$16.00,,https://www.woolworths.com.au/shop/productdetails/52878/argan-oil-large-cushion-pad-brush,https://cdn0.woolworths.media/content/wowproductimages/medium/052878.jpg,2020-09-20 19:49:44,,0,,True
068dc360-028f-4bb4-b4b6-f27f34f1ecf5,Woolworths Supermarket,Health & Beauty,Oh So Comfy Soft Knitted Elastics 10 pack,053052,$5.00,,https://www.woolworths.com.au/shop/productdetails/53052/oh-so-comfy-soft-knitted-elastics,https://cdn0.woolworths.media/content/wowproductimages/medium/053052.jpg,2020-09-20 19:49:44,Average product rating out of 5: 4.0. Product score is based on 1 ratings,1,,True
b7eb0bba-4d7c-4734-8dd8-911988a9a832,Woolworths Supermarket,Health & Beauty,Oh So Comfy Super Soft Scrunchies 2 pack,053059,$6.00,,https://www.woolworths.com.au/shop/productdetails/53059/oh-so-comfy-super-soft-scrunchies,https://cdn0.woolworths.media/content/wowproductimages/medium/053059.jpg,2020-09-20 19:49:44,Average product rating out of 5: 5.0. Product score is based on 1 ratings,1,,True
310e6342-d1f4-46a0-923b-1e61f34aa84e,Woolworths Supermarket,Health & Beauty,Argan Oil Vented Round Brush each,053115,$14.00,,https://www.woolworths.com.au/shop/productdetails/53115/argan-oil-vented-round-brush,https://cdn0.woolworths.media/content/wowproductimages/medium/053115.jpg,2020-09-20 19:49:44,,0,,True
0dbc796b-443a-4e77-9e5a-73190358386a,Woolworths Supermarket,Health & Beauty,Oh So Comfy Thin Stretchy Headbands 3 pack,053118,$5.00,,https://www.woolworths.com.au/shop/productdetails/53118/oh-so-comfy-thin-stretchy-headbands,https://cdn0.woolworths.media/content/wowproductimages/medium/053118.jpg,2020-09-20 19:49:44,Average product rating out of 5: 4.0. Product score is based on 2 ratings,2,,True
507f9aa5-9bdf-4f77-bc02-2e86ab986f3a,Woolworths Supermarket,Health & Beauty,Gillette Pure Shaving Gel For Men 170g,053148,$8.50,$5.00 / 100G,https://www.woolworths.com.au/shop/productdetails/53148/gillette-pure-shaving-gel-for-men,https://cdn0.woolworths.media/content/wowproductimages/medium/053148.jpg,2020-09-20 19:49:44,Average product rating out of 5: 4.5. Product score is based on 2 ratings,2,,True
d8a96b53-a287-4101-95fe-c096facad0f8,Woolworths Supermarket,Health & Beauty,Gillette Skinguard Razor each,053183,$15.00,$15.00 / 1EA,https://www.woolworths.com.au/shop/productdetails/53183/gillette-skinguard-razor,https://cdn0.woolworths.media/content/wowproductimages/medium/053183.jpg,2020-09-20 19:49:44,,0,,True
006d18be-4794-4039-88ca-53620890fd66,Woolworths Supermarket,Health & Beauty,Gillette Skinguard Razor Cartridges 8 pack,053185,$49.00,$6.13 / 1EA,https://www.woolworths.com.au/shop/productdetails/53185/gillette-skinguard-razor-cartridges,https://cdn0.woolworths.media/content/wowproductimages/medium/053185.jpg,2020-09-20 19:49:44,,0,,True
57deff32-58fd-42d4-bfe1-12d7470cca99,Woolworths Supermarket,Health & Beauty,Gillette Pure Shaving Cream For Men 170g,053186,$8.50,$4.80 / 100ML,https://www.woolworths.com.au/shop/productdetails/53186/gillette-pure-shaving-cream-for-men,https://cdn0.woolworths.media/content/wowproductimages/medium/053186.jpg,2020-09-20 19:49:44,,0,,True
bd190b0c-a5f6-46a4-96c5-378f2a270c6b,Woolworths Supermarket,Health & Beauty,Gillette Sensor3 Sensitive 4 pack,053188,$6.50,$1.63 / 1EA,https://www.woolworths.com.au/shop/productdetails/53188/gillette-sensor3-sensitive,https://cdn0.woolworths.media/content/wowproductimages/medium/053188.jpg,2020-09-20 19:49:44,,0,,True
f9333649-9b85-4c4b-be01-f4d1b1846d8a,Woolworths Supermarket,Health & Beauty,Pantene Pro-v Intense Rescus Shots Ampoules 15mlx 3 pack,053189,$9.00,$20.00 / 100ML,https://www.woolworths.com.au/shop/productdetails/53189/pantene-pro-v-intense-rescus-shots-ampoules,https://cdn0.woolworths.media/content/wowproductimages/medium/053189.jpg,2020-09-20 19:49:44,,0,,True
231b6e16-5b4c-4799-bf44-7d8419b9392e,Woolworths Supermarket,Health & Beauty,Pantene Conditioning Mist Treatment 252ml,053190,$8.50,,https://www.woolworths.com.au/shop/productdetails/53190/pantene-conditioning-mist-treatment,https://cdn0.woolworths.media/content/wowproductimages/medium/053190.jpg,2020-09-20 19:49:44,,0,,True
22fe42f8-480a-4462-a0fb-4e7bbb30fce7,Woolworths Supermarket,Health & Beauty,Jeer For Men Deodorant Body Spray 150ml,053195,$5.00,$3.33 / 100ML,https://www.woolworths.com.au/shop/productdetails/53195/jeer-for-men-deodorant-body-spray,https://cdn0.woolworths.media/content/wowproductimages/medium/053195.jpg,2020-09-20 19:49:44,Average product rating out of 5: 4.3. Product score is based on 8 ratings,8,,True
386df82a-e060-4de3-b39c-ef1404c002e5,Woolworths Supermarket,Health & Beauty,Olay Regenerist Whips Face Cream Moisturiser Uv Spf 30 50g,053227,$34.30,$68.60 / 100G,https://www.woolworths.com.au/shop/productdetails/53227/olay-regenerist-whips-face-cream-moisturiser-uv-spf-30,https://cdn0.woolworths.media/content/wowproductimages/medium/053227.jpg,2020-09-20 19:49:44,Average product rating out of 5: 5.0. Product score is based on 5 ratings,5,,True
3584350e-7dcb-4d41-8b62-a30084b22cac,Woolworths Supermarket,Health & Beauty,Nivea Men Deep Anti-blackhead Face Wash Scrub With Black Carbon 75ml,053230,$6.30,$8.40 / 100ML,https://www.woolworths.com.au/shop/productdetails/53230/nivea-men-deep-anti-blackhead-face-wash-scrub-with-black-carbon,https://cdn0.woolworths.media/content/wowproductimages/medium/053230.jpg,2020-09-20 19:49:44,Average product rating out of 5: 4.3. Product score is based on 3 ratings,3,,True
b3e922d2-690f-40d6-90a1-c68f83f7b4c7,Woolworths Supermarket,Health & Beauty,Oscar Orsen Dual Sided Emery Boards 10 pack,053259,$2.00,$0.20 / 1EA,https://www.woolworths.com.au/shop/productdetails/53259/oscar-orsen-dual-sided-emery-boards,https://cdn0.woolworths.media/content/wowproductimages/medium/053259.jpg,2020-09-20 19:49:44,Average product rating out of 5: 5.0. Product score is based on 3 ratings,3,,True
5a8fe358-1b0a-4ee9-ad49-c2aa82dd7927,Woolworths Supermarket,Health & Beauty,Olay Luminous Whips Face Cream Moisturiser Uv Spf 30 50g,053262,$34.30,$68.60 / 100G,https://www.woolworths.com.au/shop/productdetails/53262/olay-luminous-whips-face-cream-moisturiser-uv-spf-30,https://cdn0.woolworths.media/content/wowproductimages/medium/053262.jpg,2020-09-20 19:49:44,Average product rating out of 5: 2.0. Product score is based on 1 ratings,1,,True
34ed9881-5690-47b6-b98c-6a313b62078e,Woolworths Supermarket,Health & Beauty,Nivea Men Deep Face Moisturiser Day Cream 50ml,053272,$10.15,$20.30 / 100ML,https://www.woolworths.com.au/shop/productdetails/53272/nivea-men-deep-face-moisturiser-day-cream,https://cdn0.woolworths.media/content/wowproductimages/medium/053272.jpg,2020-09-20 19:49:44,Average product rating out of 5: 3.5. Product score is based on 2 ratings,2,,True
8b5b0142-c5a4-4f30-814c-0624053b0506,Woolworths Supermarket,Health & Beauty,Dove Men Care Clean Comfort Body & Face Wash 1l,053277,$13.70,$1.37 / 100ML,https://www.woolworths.com.au/shop/productdetails/53277/dove-men-care-clean-comfort-body-face-wash,https://cdn0.woolworths.media/content/wowproductimages/medium/053277.jpg,2020-09-20 19:49:44,Average product rating out of 5: 3.8. Product score is based on 4 ratings,4,,True
50db18b5-a06d-4f9a-8726-0d4098944471,Woolworths Supermarket,Health & Beauty,Head & Shoulders Cool Menthol Shampoo 400ml,053281,$11.00,$2.75 / 100ML,https://www.woolworths.com.au/shop/productdetails/53281/head-shoulders-cool-menthol-shampoo,https://cdn0.woolworths.media/content/wowproductimages/medium/053281.jpg,2020-09-20 19:49:44,,0,,True
a82f70b1-8187-4117-bbf8-35d7e380c3f7,Woolworths Supermarket,Health & Beauty,Head & Shoulders Cool Menthol Shampoo 620ml,053292,$12.00,$1.94 / 100ML,https://www.woolworths.com.au/shop/productdetails/53292/head-shoulders-cool-menthol-shampoo,https://cdn0.woolworths.media/content/wowproductimages/medium/053292.jpg,2020-09-20 19:49:44,,0,Was $16.00 16/02/2018,True
26bf5cd6-c1b9-435b-93ad-377fdb4fa37a,Woolworths Supermarket,Health & Beauty,Head & Shoulders Cool Menthol Conditioner 400ml,053293,$11.00,$2.75 / 100ML,https://www.woolworths.com.au/shop/productdetails/53293/head-shoulders-cool-menthol-conditioner,https://cdn0.woolworths.media/content/wowproductimages/medium/053293.jpg,2020-09-20 19:49:44,,0,,True
f90ae330-d9f0-446c-8493-c8cc51385246,Woolworths Supermarket,Health & Beauty,Head & Shoulders Cool Menthol Conditioner 620ml,053294,$12.00,$1.94 / 100ML,https://www.woolworths.com.au/shop/productdetails/53294/head-shoulders-cool-menthol-conditioner,https://cdn0.woolworths.media/content/wowproductimages/medium/053294.jpg,2020-09-20 19:49:44,,0,Was $16.00 16/02/2018,True
db92e18a-60f5-43cc-9529-5fc4ce0384a0,Woolworths Supermarket,Health & Beauty,Bulldog Oil Control Face Wash 150ml,053310,$10.00,$6.67 / 100ML,https://www.woolworths.com.au/shop/productdetails/53310/bulldog-oil-control-face-wash,https://cdn0.woolworths.media/content/wowproductimages/medium/053310.jpg,2020-09-20 19:49:44,Average product rating out of 5: 5.0. Product score is based on 1 ratings,1,,True
dd0e819c-a955-4c32-8f00-8d8d7f1c253f,Woolworths Supermarket,Health & Beauty,Bulldog Oil Control Moisturiser 100ml,053343,$12.50,$12.50 / 100ML,https://www.woolworths.com.au/shop/productdetails/53343/bulldog-oil-control-moisturiser,https://cdn0.woolworths.media/content/wowproductimages/medium/053343.jpg,2020-09-20 19:49:44,Average product rating out of 5: 4.5. Product score is based on 2 ratings,2,,True
bfcb585c-dce6-40ca-9647-a8436c3846d7,Woolworths Supermarket,Health & Beauty,L'oreal Men Expert Pure Charcoal Scrub 100ml,053351,$5.00,$5.00 / 100ML,https://www.woolworths.com.au/shop/productdetails/53351/l-oreal-men-expert-pure-charcoal-scrub,https://cdn0.woolworths.media/content/wowproductimages/medium/053351.jpg,2020-09-20 19:49:44,Average product rating out of 5: 3.6. Product score is based on 5 ratings,5,,True
eb71b7c0-2595-4ef3-9849-3956987d9642,Woolworths Supermarket,Health & Beauty,L'oreal Men Expert Pure Charcoal Wash 100ml,053385,$5.00,$5.00 / 100ML,https://www.woolworths.com.au/shop/productdetails/53385/l-oreal-men-expert-pure-charcoal-wash,https://cdn0.woolworths.media/content/wowproductimages/medium/053385.jpg,2020-09-20 19:49:44,Average product rating out of 5: 5.0. Product score is based on 1 ratings,1,,True
331b243f-e7f1-4561-b357-03c5dcd5e814,Woolworths Supermarket,Health & Beauty,St Ives Scrub Coconut & Coffee 150ml,053804,$10.00,$6.67 / 100ML,https://www.woolworths.com.au/shop/productdetails/53804/st-ives-scrub-coconut-coffee,https://cdn0.woolworths.media/content/wowproductimages/medium/053804.jpg,2020-09-20 19:49:44,Average product rating out of 5: 4.7. Product score is based on 3 ratings,3,,True
2ba2ff6a-0ffd-457c-a7be-5180535d51f8,Woolworths Supermarket,Health & Beauty,Dove Body Lotion Coconut & Almond Milk 400ml,053809,$5.95,$1.49 / 100ML,https://www.woolworths.com.au/shop/productdetails/53809/dove-body-lotion-coconut-almond-milk,https://cdn0.woolworths.media/content/wowproductimages/medium/053809.jpg,2020-09-20 19:49:44,Average product rating out of 5: 4.0. Product score is based on 4 ratings,4,,True
c4dfb29b-7cd8-415e-bd41-922d078a68eb,Woolworths Supermarket,Health & Beauty,Edge Mens 5 Blade Cartridge 4 pack,054147,$6.00,$1.50 / 1EA,https://www.woolworths.com.au/shop/productdetails/54147/edge-mens-5-blade-cartridge,https://cdn0.woolworths.media/content/wowproductimages/medium/054147.jpg,2020-09-20 19:49:44,Average product rating out of 5: 5.0. Product score is based on 3 ratings,3,,True
2e75f835-ae93-47aa-977a-44a062e9eca2,Woolworths Supermarket,Health & Beauty,Edge Mens 3 Blade Disposable 8 pack,054149,$4.50,$0.56 / 1EA,https://www.woolworths.com.au/shop/productdetails/54149/edge-mens-3-blade-disposable,https://cdn0.woolworths.media/content/wowproductimages/medium/054149.jpg,2020-09-20 19:49:44,Average product rating out of 5: 3.0. Product score is based on 3 ratings,3,,True
58e9adb1-1cf8-41e2-86d9-4e4031716e7d,Woolworths Supermarket,Health & Beauty,Edge Mens 5 Blade Kit Plus 2 pack,054198,$5.00,$5.00 / 1EA,https://www.woolworths.com.au/shop/productdetails/54198/edge-mens-5-blade-kit-plus,https://cdn0.woolworths.media/content/wowproductimages/medium/054198.jpg,2020-09-20 19:49:44,Average product rating out of 5: 4.5. Product score is based on 2 ratings,2,,True
284de96b-67b5-4965-97e0-ef00ca424e65,Woolworths Supermarket,Health & Beauty,Edge Mens Twin Blade Disposable 20 pack,054199,$4.00,$0.20 / 1EA,https://www.woolworths.com.au/shop/productdetails/54199/edge-mens-twin-blade-disposable,https://cdn0.woolworths.media/content/wowproductimages/medium/054199.jpg,2020-09-20 19:49:44,Average product rating out of 5: 5.0. Product score is based on 1 ratings,1,,True
23469b3b-f3be-42a6-adcc-f6c112018fc2,Woolworths Supermarket,Health & Beauty,L'oreal Age Perfect Golden Age Rosy Radiant Eye Care 15ml,054317,$19.50,$130.00 / 100ML,https://www.woolworths.com.au/shop/productdetails/54317/l-oreal-age-perfect-golden-age-rosy-radiant-eye-care,https://cdn0.woolworths.media/content/wowproductimages/medium/054317.jpg,2020-09-20 19:49:44,,0,,True
41ead792-ab21-48a0-bab0-03ec260d6226,Woolworths Supermarket,Health & Beauty,Gillette Sensor3 Comfort Razor 8 pack,054626,$11.50,$1.44 / 1EA,https://www.woolworths.com.au/shop/productdetails/54626/gillette-sensor3-comfort-razor,https://cdn0.woolworths.media/content/wowproductimages/medium/054626.jpg,2020-09-20 19:49:44,Average product rating out of 5: 4.6. Product score is based on 12 ratings,12,,True
7711b40e-b653-4bef-b6e6-6cb05b993411,Woolworths Supermarket,Health & Beauty,Olay Skinfusion Camellia Sheet Mask each,054716,$7.00,$7.00 / 1EA,https://www.woolworths.com.au/shop/productdetails/54716/olay-skinfusion-camellia-sheet-mask,https://cdn0.woolworths.media/content/wowproductimages/medium/054716.jpg,2020-09-20 19:49:44,,0,,True
bd45a262-5711-48d3-b98a-50822a97b89d,Woolworths Supermarket,Health & Beauty,Olay Magnemasks Anti Aging Sheet Mask each,054719,$7.70,$7.70 / 1EA,https://www.woolworths.com.au/shop/productdetails/54719/olay-magnemasks-anti-aging-sheet-mask,https://cdn0.woolworths.media/content/wowproductimages/medium/054719.jpg,2020-09-20 19:49:44,Average product rating out of 5: 5.0. Product score is based on 1 ratings,1,,True
ad41305e-3da9-4fd9-9483-c1b308ab0561,Woolworths Supermarket,Health & Beauty,Olay Magnemasks Hydrating Sheet Mask each,054720,$7.70,$7.70 / 1EA,https://www.woolworths.com.au/shop/productdetails/54720/olay-magnemasks-hydrating-sheet-mask,https://cdn0.woolworths.media/content/wowproductimages/medium/054720.jpg,2020-09-20 19:49:44,,0,,True
097dea19-4c23-44c1-a91b-9a156fc88a47,Woolworths Supermarket,Health & Beauty,Olay Magnemasks Illuminating Sheet Mask each,054721,$7.70,$7.70 / 1EA,https://www.woolworths.com.au/shop/productdetails/54721/olay-magnemasks-illuminating-sheet-mask,https://cdn0.woolworths.media/content/wowproductimages/medium/054721.jpg,2020-09-20 19:49:44,,0,,True
5f08e506-49c0-44c1-93f8-6b105c824aa5,Woolworths Supermarket,Health & Beauty,Gillette Sensor 3 Comfort Razors Pack each,054748,$16.00,$1.33 / 1EA,https://www.woolworths.com.au/shop/productdetails/54748/gillette-sensor-3-comfort-razors-pack,https://cdn0.woolworths.media/content/wowproductimages/medium/054748.jpg,2020-09-20 19:49:44,Average product rating out of 5: 3.8. Product score is based on 5 ratings,5,,True
a71860ba-d1b2-42a9-b5cf-68246b49f7c3,Woolworths Supermarket,Health & Beauty,St Tropez Self Tan Express Mousse 100ml,054809,$21.00,$21.00 / 100ML,https://www.woolworths.com.au/shop/productdetails/54809/st-tropez-self-tan-express-mousse,https://cdn0.woolworths.media/content/wowproductimages/medium/054809.jpg,2020-09-20 19:49:44,Average product rating out of 5: 5.0. Product score is based on 2 ratings,2,,True
00d5e2af-fc19-47bb-a04d-f73a20f92c09,Woolworths Supermarket,Health & Beauty,Marzena Natural Facial Wax Strips 20 pack,054938,$10.00,$0.50 / 1EA,https://www.woolworths.com.au/shop/productdetails/54938/marzena-natural-facial-wax-strips,https://cdn0.woolworths.media/content/wowproductimages/medium/054938.jpg,2020-09-20 19:49:44,,0,,True
ef041498-f9e0-40e2-9d2b-352df85e7f79,Woolworths Supermarket,Health & Beauty,Jack The Barber Double Edge Razor (long) each,054939,$20.00,$20.00 / 1EA,https://www.woolworths.com.au/shop/productdetails/54939/jack-the-barber-double-edge-razor-long-,https://cdn0.woolworths.media/content/wowproductimages/medium/054939.jpg,2020-09-20 19:49:44,Average product rating out of 5: 4.0. Product score is based on 1 ratings,1,,True
fd62f10f-de31-4dbc-bc9b-bee886871234,Woolworths Supermarket,Health & Beauty,Jack The Barber Shaving Cream 150g,054940,$10.00,$6.67 / 100G,https://www.woolworths.com.au/shop/productdetails/54940/jack-the-barber-shaving-cream,https://cdn0.woolworths.media/content/wowproductimages/medium/054940.jpg,2020-09-20 19:49:44,,0,,True
f124e16b-c417-450f-86c4-534e194ef33a,Woolworths Supermarket,Health & Beauty,Pantene Pro-v One Step Nourishing Hair Mask 50ml,055482,$5.00,$10.00 / 100ML,https://www.woolworths.com.au/shop/productdetails/55482/pantene-pro-v-one-step-nourishing-hair-mask,https://cdn0.woolworths.media/content/wowproductimages/medium/055482.jpg,2020-09-20 19:49:44,,0,,True
5f27ecf6-d6cd-49ae-9f9a-4d6857795cb1,Woolworths Supermarket,Health & Beauty,Pantene Pro-v Smooth Nourishing Serum 100ml,055483,$17.00,$17.00 / 100ML,https://www.woolworths.com.au/shop/productdetails/55483/pantene-pro-v-smooth-nourishing-serum,https://cdn0.woolworths.media/content/wowproductimages/medium/055483.jpg,2020-09-20 19:49:44,,0,,True
c42c6a42-d0b5-4f81-98db-270a98085cfa,Woolworths Supermarket,Health & Beauty,Banana Boat Simply Protect Sensitive Spf50+ Sunscreen 100g,055550,$20.00,$20.00 / 100G,https://www.woolworths.com.au/shop/productdetails/55550/banana-boat-simply-protect-sensitive-spf50-sunscreen,https://cdn0.woolworths.media/content/wowproductimages/medium/055550.jpg,2020-09-20 19:49:44,Average product rating out of 5: 4.5. Product score is based on 4 ratings,4,,True
b278a63d-c9b6-4ed0-ad4b-e6c176eb420a,Woolworths Supermarket,Health & Beauty,Nivea Daily Essentials Gentle 3in1 Cleansing Wipes + Almond Oil 50ea,055597,$10.00,$0.20 / 1EA,https://www.woolworths.com.au/shop/productdetails/55597/nivea-daily-essentials-gentle-3in1-cleansing-wipes-almond-oil,https://cdn0.woolworths.media/content/wowproductimages/medium/055597.jpg,2020-09-20 19:49:44,Average product rating out of 5: 4.1. Product score is based on 8 ratings,8,,True
bbbbfcf5-e318-4acc-a333-16bbfd8b5089,Woolworths Supermarket,Health & Beauty,Nivea Q10power Anti-wrinkle&firming Moisturising Sheet Face Mask 1ea,055738,$8.00,$8.00 / 1EA,https://www.woolworths.com.au/shop/productdetails/55738/nivea-q10power-anti-wrinkle-firming-moisturising-sheet-face-mask,https://cdn0.woolworths.media/content/wowproductimages/medium/055738.jpg,2020-09-20 19:49:44,Average product rating out of 5: 4.8. Product score is based on 4 ratings,4,,True
9fb1e0d8-b44e-4479-a086-022f7d7be6a4,Woolworths Supermarket,Health & Beauty,Nivea Cellular Hyaluron+collagen Moisturising Sheet Face Mask 1ea,055740,$8.00,$8.00 / 1EA,https://www.woolworths.com.au/shop/productdetails/55740/nivea-cellular-hyaluron-collagen-moisturising-sheet-face-mask,https://cdn0.woolworths.media/content/wowproductimages/medium/055740.jpg,2020-09-20 19:49:44,,0,,True
3bd00deb-c242-4aeb-9f65-03ddba1032a6,Woolworths Supermarket,Health & Beauty,Neutrogena Rapid Wrinkle Repair Retinol Oil 30ml,055744,$43.00,$143.33 / 100ML,https://www.woolworths.com.au/shop/productdetails/55744/neutrogena-rapid-wrinkle-repair-retinol-oil,https://cdn0.woolworths.media/content/wowproductimages/medium/055744.jpg,2020-09-20 19:49:44,Average product rating out of 5: 5.0. Product score is based on 1 ratings,1,,True
a8aa520a-1cf9-4c37-bbe9-f71a855d1577,Woolworths Supermarket,Health & Beauty,Nivea Moisturising 10min Sheet Face Mask Green Tea & Charcoal 1ea,055746,$5.00,$5.00 / 1EA,https://www.woolworths.com.au/shop/productdetails/55746/nivea-moisturising-10min-sheet-face-mask-green-tea-charcoal,https://cdn0.woolworths.media/content/wowproductimages/medium/055746.jpg,2020-09-20 19:49:44,Average product rating out of 5: 4.5. Product score is based on 2 ratings,2,,True
fbd79471-a6ce-45d9-ad2f-ce5718405829,Woolworths Supermarket,Health & Beauty,Just For Men Moustache & Beard Medium Brown 70g,055926,$11.50,$11.50 / 1EA,https://www.woolworths.com.au/shop/productdetails/55926/just-for-men-moustache-beard-medium-brown,https://cdn0.woolworths.media/content/wowproductimages/medium/055926.jpg,2020-09-20 19:49:44,Average product rating out of 5: 4.3. Product score is based on 3 ratings,3,,True
b193aa6a-16bc-4b3b-9ff3-d2ba3656f62d,Woolworths Supermarket,Health & Beauty,Nivea Sensitive Skin Moisturiser Sunscreen Lotion Spf50+ 100ml,056040,$11.00,$11.00 / 100ML,https://www.woolworths.com.au/shop/productdetails/56040/nivea-sensitive-skin-moisturiser-sunscreen-lotion-spf50-,https://cdn0.woolworths.media/content/wowproductimages/medium/056040.jpg,2020-09-20 19:49:44,,0,,True
34d9e80c-c576-4f3a-ac20-8e7f8e8027ff,Woolworths Supermarket,Health & Beauty,Nivea Sensitive Skin Moisturiser Sunscreen Lotion Spf50+ 200ml,056041,$17.00,$8.50 / 100ML,https://www.woolworths.com.au/shop/productdetails/56041/nivea-sensitive-skin-moisturiser-sunscreen-lotion-spf50-,https://cdn0.woolworths.media/content/wowproductimages/medium/056041.jpg,2020-09-20 19:49:44,Average product rating out of 5: 5.0. Product score is based on 2 ratings,2,,True
9a43af35-3521-4c3a-93da-5d401ed573c1,Woolworths Supermarket,Health & Beauty,Garnier Hydra Bomb Anti-ageing Eye Tissue Mask each,056439,$2.80,$46.67 / 100G,https://www.woolworths.com.au/shop/productdetails/56439/garnier-hydra-bomb-anti-ageing-eye-tissue-mask,https://cdn0.woolworths.media/content/wowproductimages/medium/056439.jpg,2020-09-20 19:49:44,Average product rating out of 5: 3.8. Product score is based on 5 ratings,5,,True
1ed452c3-92aa-41ae-8b62-6699d9ce9ed5,Woolworths Supermarket,Health & Beauty,L'oreal Revitalift Red Day Cream 50ml,056440,$19.50,$39.00 / 100ML,https://www.woolworths.com.au/shop/productdetails/56440/l-oreal-revitalift-red-day-cream,https://cdn0.woolworths.media/content/wowproductimages/medium/056440.jpg,2020-09-20 19:49:44,Average product rating out of 5: 4.8. Product score is based on 4 ratings,4,,True
325d7949-be6a-4690-8dfe-8c40e80c8322,Woolworths Supermarket,Health & Beauty,Garnier Pure Charcoal Tissue Face Mask Black Algae each,056441,$4.20,$15.00 / 100G,https://www.woolworths.com.au/shop/productdetails/56441/garnier-pure-charcoal-tissue-face-mask-black-algae,https://cdn0.woolworths.media/content/wowproductimages/medium/056441.jpg,2020-09-20 19:49:44,Average product rating out of 5: 4.0. Product score is based on 1 ratings,1,,True
55ee4e6a-c8c9-49b0-9319-d012f882ab7b,Woolworths Supermarket,Health & Beauty,Garnier Hydra Bomb Anti-ageing Tissue Mask each,056444,$4.20,$13.13 / 100G,https://www.woolworths.com.au/shop/productdetails/56444/garnier-hydra-bomb-anti-ageing-tissue-mask,https://cdn0.woolworths.media/content/wowproductimages/medium/056444.jpg,2020-09-20 19:49:44,Average product rating out of 5: 5.0. Product score is based on 2 ratings,2,,True
f8b0a237-4961-4a59-9856-5d7fb69d1507,Woolworths Supermarket,Health & Beauty,Garnier Hydra Bomb Tissue Face Mask Pomegranate each,056448,$4.20,$13.13 / 100G,https://www.woolworths.com.au/shop/productdetails/56448/garnier-hydra-bomb-tissue-face-mask-pomegranate,https://cdn0.woolworths.media/content/wowproductimages/medium/056448.jpg,2020-09-20 19:49:44,Average product rating out of 5: 5.0. Product score is based on 4 ratings,4,,True
f51c43d2-4f03-4ed4-84dd-318b39e87eb0,Woolworths Supermarket,Health & Beauty,Garnier Hydra Bomb Tissue Face Mask Pomegranate each,056452,$4.20,$13.13 / 100G,https://www.woolworths.com.au/shop/productdetails/56452/garnier-hydra-bomb-tissue-face-mask-pomegranate,https://cdn0.woolworths.media/content/wowproductimages/medium/056452.jpg,2020-09-20 19:49:44,Average product rating out of 5: 4.3. Product score is based on 3 ratings,3,,True
871264c0-21e7-4832-aba7-509a482f1527,Woolworths Supermarket,Health & Beauty,Garnier Hydra Bomb Tissue Face Mask Chamomile each,056453,$4.20,$13.13 / 100G,https://www.woolworths.com.au/shop/productdetails/56453/garnier-hydra-bomb-tissue-face-mask-chamomile,https://cdn0.woolworths.media/content/wowproductimages/medium/056453.jpg,2020-09-20 19:49:44,Average product rating out of 5: 5.0. Product score is based on 1 ratings,1,,True
e8576c09-6f97-46c4-8a8c-ef60743f4d3c,Woolworths Supermarket,Health & Beauty,J Bronze Gradual Tanning Cream 150ml,056594,$12.00,$8.00 / 100ML,https://www.woolworths.com.au/shop/productdetails/56594/j-bronze-gradual-tanning-cream,https://cdn0.woolworths.media/content/wowproductimages/medium/056594.jpg,2020-09-20 19:49:44,,0,,True
3b6c485f-67c9-42a0-a8e5-0e2beafaf615,Woolworths Supermarket,Health & Beauty,J Bronze Medium Tanning Mousse 150ml,056595,$15.00,$10.00 / 100G,https://www.woolworths.com.au/shop/productdetails/56595/j-bronze-medium-tanning-mousse,https://cdn0.woolworths.media/content/wowproductimages/medium/056595.jpg,2020-09-20 19:49:44,Average product rating out of 5: 4.8. Product score is based on 5 ratings,5,,True
1af65aaa-7893-4bdd-b81c-d12a16aed08b,Woolworths Supermarket,Health & Beauty,J Bronze Dark Tanning Mousse 150ml,056596,$15.00,$10.00 / 100G,https://www.woolworths.com.au/shop/productdetails/56596/j-bronze-dark-tanning-mousse,https://cdn0.woolworths.media/content/wowproductimages/medium/056596.jpg,2020-09-20 19:49:44,Average product rating out of 5: 5.0. Product score is based on 2 ratings,2,,True
2f27d161-5c51-46b1-b801-e8e53cbbba07,Woolworths Supermarket,Health & Beauty,Ecotools Full Powder Brush each,056719,$20.00,$20.00 / 1EA,https://www.woolworths.com.au/shop/productdetails/56719/ecotools-full-powder-brush,https://cdn0.woolworths.media/content/wowproductimages/medium/056719.jpg,2020-09-20 19:49:44,,0,,True
6a607e18-92ef-43ec-bd34-c6e3dc9f6048,Woolworths Supermarket,Health & Beauty,L'oreal Excellence Creme Hair Colour 1 Black each,056864,$10.00,,https://www.woolworths.com.au/shop/productdetails/56864/l-oreal-excellence-creme-hair-colour-1-black,https://cdn0.woolworths.media/content/wowproductimages/medium/056864.jpg,2020-09-20 19:49:44,,0,,True
621af2e2-3c6e-4e5e-977d-3dc8a8c7f8cd,Woolworths Supermarket,Health & Beauty,L'oreal Excellence Creme Hair Colour 3 Darkest Brown each,056865,$10.00,,https://www.woolworths.com.au/shop/productdetails/56865/l-oreal-excellence-creme-hair-colour-3-darkest-brown,https://cdn0.woolworths.media/content/wowproductimages/medium/056865.jpg,2020-09-20 19:49:44,,0,,True
a6eb8089-4973-414b-ad68-611dfe7e75e3,Woolworths Supermarket,Health & Beauty,L'oreal Excellence Creme Hair Colour 4 Dark Brown each,056867,$10.00,,https://www.woolworths.com.au/shop/productdetails/56867/l-oreal-excellence-creme-hair-colour-4-dark-brown,https://cdn0.woolworths.media/content/wowproductimages/medium/056867.jpg,2020-09-20 19:49:44,,0,,True
93d113e6-afe9-4266-8d87-629a14d575f4,Woolworths Supermarket,Health & Beauty,L'oreal Excellence Creme Hair Colour 5 Brown each,056868,$10.00,,https://www.woolworths.com.au/shop/productdetails/56868/l-oreal-excellence-creme-hair-colour-5-brown,https://cdn0.woolworths.media/content/wowproductimages/medium/056868.jpg,2020-09-20 19:49:44,,0,,True
115236cc-4749-4ba3-9f29-fff4d4be47b8,Woolworths Supermarket,Health & Beauty,L'oreal Excellence Creme Hair Colour 5.3 Golden Brown each,056869,$10.00,,https://www.woolworths.com.au/shop/productdetails/56869/l-oreal-excellence-creme-hair-colour-5-3-golden-brown,https://cdn0.woolworths.media/content/wowproductimages/medium/056869.jpg,2020-09-20 19:49:44,,0,,True
1713b75b-8461-449e-abfa-fbe9896f3b98,Woolworths Supermarket,Health & Beauty,L'oreal Excellence Creme Hair Colour 5.5 Mahogany Brown each,056870,$10.00,,https://www.woolworths.com.au/shop/productdetails/56870/l-oreal-excellence-creme-hair-colour-5-5-mahogany-brown,https://cdn0.woolworths.media/content/wowproductimages/medium/056870.jpg,2020-09-20 19:49:44,,0,,True
b06bdfc2-4d83-42cd-ab29-284176c2ddd4,Woolworths Supermarket,Health & Beauty,L'oreal Excellence Creme Hair Colour 6 Light Brown each,056871,$10.00,,https://www.woolworths.com.au/shop/productdetails/56871/l-oreal-excellence-creme-hair-colour-6-light-brown,https://cdn0.woolworths.media/content/wowproductimages/medium/056871.jpg,2020-09-20 19:49:44,,0,,True
86ca561a-9dd1-4fd9-ae9f-34cc524c7ed9,Woolworths Supermarket,Health & Beauty,Modelco Ultra Dark Tanning Mousse 200ml,057076,$25.00,$12.50 / 100ML,https://www.woolworths.com.au/shop/productdetails/57076/modelco-ultra-dark-tanning-mousse,https://cdn0.woolworths.media/content/wowproductimages/medium/057076.jpg,2020-09-20 19:49:44,Average product rating out of 5: 5.0. Product score is based on 1 ratings,1,,True
9ba5a19a-3684-48ca-adb1-1c06e8ba66d6,Woolworths Supermarket,Health & Beauty,L'oreal Excellence Creme Hair Colour 6.1 Light Ash Brown each,057092,$10.00,,https://www.woolworths.com.au/shop/productdetails/57092/l-oreal-excellence-creme-hair-colour-6-1-light-ash-brown,https://cdn0.woolworths.media/content/wowproductimages/medium/057092.jpg,2020-09-20 19:49:44,,0,,True
06e33f6e-5ad7-4ba8-8171-5cf333f7f5e4,Woolworths Supermarket,Health & Beauty,L'oreal Excellence Creme Hair Colour 7.1 Dark Ash Blonde each,057093,$10.00,,https://www.woolworths.com.au/shop/productdetails/57093/l-oreal-excellence-creme-hair-colour-7-1-dark-ash-blonde,https://cdn0.woolworths.media/content/wowproductimages/medium/057093.jpg,2020-09-20 19:49:44,,0,,True
605ce0e3-1d04-4a61-b7b3-a0620fb8f421,Woolworths Supermarket,Health & Beauty,L'oreal Excellence Creme Hair Colour 9 Light Blonde each,057094,$10.00,,https://www.woolworths.com.au/shop/productdetails/57094/l-oreal-excellence-creme-hair-colour-9-light-blonde,https://cdn0.woolworths.media/content/wowproductimages/medium/057094.jpg,2020-09-20 19:49:44,,0,,True
1221931d-eef8-46fb-bc27-0b318fba2846,Woolworths Supermarket,Health & Beauty,Balnea Face Brush each,057107,$8.00,$8.00 / 1EA,https://www.woolworths.com.au/shop/productdetails/57107/balnea-face-brush,https://cdn0.woolworths.media/content/wowproductimages/medium/057107.jpg,2020-09-20 19:49:44,Average product rating out of 5: 5.0. Product score is based on 1 ratings,1,Designs may vary,True
5c6e6afb-6976-401f-87c5-193148c33d88,Woolworths Supermarket,Health & Beauty,Balnea Konjac Sponge each,057108,$5.00,$5.00 / 1EA,https://www.woolworths.com.au/shop/productdetails/57108/balnea-konjac-sponge,https://cdn0.woolworths.media/content/wowproductimages/medium/057108.jpg,2020-09-20 19:49:44,,0,Designs may vary,True
58bfdc2b-5afd-4e89-8623-42b0a77840ea,Woolworths Supermarket,Health & Beauty,Balnea Cosmetic Headband each,057109,$3.00,$3.00 / 1EA,https://www.woolworths.com.au/shop/productdetails/57109/balnea-cosmetic-headband,https://cdn0.woolworths.media/content/wowproductimages/medium/057109.jpg,2020-09-20 19:49:44,,0,,True
63663e21-c61e-4d04-90f6-5192a2d6b58e,Woolworths Supermarket,Health & Beauty,Balnea Toothbrush Holder each,057110,$1.00,$1.00 / 1EA,https://www.woolworths.com.au/shop/productdetails/57110/balnea-toothbrush-holder,https://cdn0.woolworths.media/content/wowproductimages/medium/057110.jpg,2020-09-20 19:49:44,Average product rating out of 5: 5.0. Product score is based on 2 ratings,2,Designs may vary,True
cd7c3b17-b83e-4a58-bb57-d8eb87fb30a3,Woolworths Supermarket,Health & Beauty,Balnea Soap Box each,057111,$1.60,$1.60 / 1EA,https://www.woolworths.com.au/shop/productdetails/57111/balnea-soap-box,https://cdn0.woolworths.media/content/wowproductimages/medium/057111.jpg,2020-09-20 19:49:44,,0,,True
7a84506f-a3fe-446e-aab5-8ec0b6716eb7,Woolworths Supermarket,Health & Beauty,Aveeno Skin Relief Moisturising Lotion 71g,057127,$3.85,,https://www.woolworths.com.au/shop/productdetails/57127/aveeno-skin-relief-moisturising-lotion,https://cdn0.woolworths.media/content/wowproductimages/medium/057127.jpg,2020-09-20 19:49:44,,0,,True
cb99430e-7d06-42a6-96e9-bfdc92ab419b,Woolworths Supermarket,Health & Beauty,Nature's Way Beauty Collagn Mature Skin Tablets 60 pack,057286,$35.00,$58.33 / 100EA,https://www.woolworths.com.au/shop/productdetails/57286/nature-s-way-beauty-collagn-mature-skin-tablets,https://cdn0.woolworths.media/content/wowproductimages/medium/057286.jpg,2020-09-20 19:49:44,Average product rating out of 5: 5.0. Product score is based on 3 ratings,3,,True
6c62db95-99ce-4227-91b3-8ec3e4af6ecc,Woolworths Supermarket,Health & Beauty,Nature's Way Hair Growth Tablets 30 pack,057288,$20.00,$66.67 / 100EA,https://www.woolworths.com.au/shop/productdetails/57288/nature-s-way-hair-growth-tablets,https://cdn0.woolworths.media/content/wowproductimages/medium/057288.jpg,2020-09-20 19:49:44,Average product rating out of 5: 3.5. Product score is based on 4 ratings,4,,True
8cd3babb-978a-4abf-aead-86144fac72cc,Woolworths Supermarket,Health & Beauty,Sally Hansen Miracle Gel Regal Rose each,057298,$17.00,$11.56 / 10ML,https://www.woolworths.com.au/shop/productdetails/57298/sally-hansen-miracle-gel-regal-rose,https://cdn0.woolworths.media/content/wowproductimages/medium/057298.jpg,2020-09-20 19:49:44,,0,,True
5ab91831-b4c7-4621-8a8a-ecc56104ce91,Woolworths Supermarket,Health & Beauty,Sally Hansen Miracle Gel Mauve-olous each,057299,$17.00,$11.56 / 10ML,https://www.woolworths.com.au/shop/productdetails/57299/sally-hansen-miracle-gel-mauve-olous,https://cdn0.woolworths.media/content/wowproductimages/medium/057299.jpg,2020-09-20 19:49:44,,0,,True
fbfb0f7c-3c38-431e-8a4f-71919ccd831c,Woolworths Supermarket,Health & Beauty,Sally Hansen Xtreme Wear Nail Polish Cloud Shine 11.8ml,057300,$7.00,$5.93 / 10ML,https://www.woolworths.com.au/shop/productdetails/57300/sally-hansen-xtreme-wear-nail-polish-cloud-shine,https://cdn0.woolworths.media/content/wowproductimages/medium/057300.jpg,2020-09-20 19:49:44,,0,,True
12df450c-c943-4156-8c4f-789f88e55a05,Woolworths Supermarket,Health & Beauty,Nature's Way Rosehip & Collagen Tablets 60 pack,057310,$30.00,$50.00 / 100EA,https://www.woolworths.com.au/shop/productdetails/57310/nature-s-way-rosehip-collagen-tablets,https://cdn0.woolworths.media/content/wowproductimages/medium/057310.jpg,2020-09-20 19:49:44,Average product rating out of 5: 3.0. Product score is based on 3 ratings,3,,True
05865125-b1e1-48a1-9c68-a72c1d037281,Woolworths Supermarket,Health & Beauty,Nature's Way Restore Complete Gut Formula Child 30 pack,057311,$40.00,$133.33 / 100EA,https://www.woolworths.com.au/shop/productdetails/57311/nature-s-way-restore-complete-gut-formula-child,https://cdn0.woolworths.media/content/wowproductimages/medium/057311.jpg,2020-09-20 19:49:44,,0,,True
c5e9d9a6-bfb9-4d50-97d6-7fc1f9c5b1f6,Woolworths Supermarket,Health & Beauty,Balnea Shower Cap each,057312,$2.00,$2.00 / 1EA,https://www.woolworths.com.au/shop/productdetails/57312/balnea-shower-cap,https://cdn0.woolworths.media/content/wowproductimages/medium/057312.jpg,2020-09-20 19:49:44,Average product rating out of 5: 4.5. Product score is based on 10 ratings,10,Designs may vary,True
fce7e3dd-9399-4843-aa94-b6162428d2c3,Woolworths Supermarket,Health & Beauty,Balnea Nail Brush each,057313,$2.00,$2.00 / 1EA,https://www.woolworths.com.au/shop/productdetails/57313/balnea-nail-brush,https://cdn0.woolworths.media/content/wowproductimages/medium/057313.jpg,2020-09-20 19:49:44,Average product rating out of 5: 4.3. Product score is based on 6 ratings,6,Designs may vary,True
8587334d-777f-4e37-9408-9d5ff80a7626,Woolworths Supermarket,Health & Beauty,Balnea Premium Shower Cap each,057314,$4.00,$4.00 / 1EA,https://www.woolworths.com.au/shop/productdetails/57314/balnea-premium-shower-cap,https://cdn0.woolworths.media/content/wowproductimages/medium/057314.jpg,2020-09-20 19:49:44,Average product rating out of 5: 5.0. Product score is based on 2 ratings,2,,True
5662d3e2-dd09-4bf3-a86f-2cc9a315b80c,Woolworths Supermarket,Health & Beauty,Balnea Double Sided Cosmetic Mirror each,057315,$6.00,$6.00 / 1EA,https://www.woolworths.com.au/shop/productdetails/57315/balnea-double-sided-cosmetic-mirror,https://cdn0.woolworths.media/content/wowproductimages/medium/057315.jpg,2020-09-20 19:49:44,,0,,True
2a2f8bb2-8985-4f41-9bef-074d880be81a,Woolworths Supermarket,Health & Beauty,Balnea Travel Bottles 3 pack,057316,$3.50,$3.50 / 1EA,https://www.woolworths.com.au/shop/productdetails/57316/balnea-travel-bottles,https://cdn0.woolworths.media/content/wowproductimages/medium/057316.jpg,2020-09-20 19:49:44,Average product rating out of 5: 5.0. Product score is based on 1 ratings,1,,True
0c963186-fc99-4b96-8b1b-9100e04b6d38,Woolworths Supermarket,Health & Beauty,Nature's Way Restore Complete Gut Formula Adult 30 pack,057324,$40.00,$133.33 / 100EA,https://www.woolworths.com.au/shop/productdetails/57324/nature-s-way-restore-complete-gut-formula-adult,https://cdn0.woolworths.media/content/wowproductimages/medium/057324.jpg,2020-09-20 19:49:44,Average product rating out of 5: 1.0. Product score is based on 1 ratings,1,,True
17fb16f2-037d-4800-8b7b-d27fc713315f,Woolworths Supermarket,Health & Beauty,Nature's Way Sugar Free Adult Gummies Calcium 65 pack,057331,$20.00,$30.77 / 100EA,https://www.woolworths.com.au/shop/productdetails/57331/nature-s-way-sugar-free-adult-gummies-calcium,https://cdn0.woolworths.media/content/wowproductimages/medium/057331.jpg,2020-09-20 19:49:44,Average product rating out of 5: 3.0. Product score is based on 2 ratings,2,,True
70ad53b0-d09b-4efd-ab99-99b2384d3f15,Woolworths Supermarket,Health & Beauty,Nature's Way Kids Smart Immunity Chewable Tablets 50 pack,057337,$15.00,$30.00 / 100EA,https://www.woolworths.com.au/shop/productdetails/57337/nature-s-way-kids-smart-immunity-chewable-tablets,https://cdn0.woolworths.media/content/wowproductimages/medium/057337.jpg,2020-09-20 19:49:44,Average product rating out of 5: 3.5. Product score is based on 2 ratings,2,,True
397c9ba5-4162-4366-864d-9c945a2efe84,Woolworths Supermarket,Health & Beauty,Nature's Way Kids Multi Plus Probiotics Chewable Tablets 50 pack,057342,$19.00,$38.00 / 100EA,https://www.woolworths.com.au/shop/productdetails/57342/nature-s-way-kids-multi-plus-probiotics-chewable-tablets,https://cdn0.woolworths.media/content/wowproductimages/medium/057342.jpg,2020-09-20 19:49:44,Average product rating out of 5: 2.5. Product score is based on 4 ratings,4,,True
8312dc1a-5db6-4ef2-8951-467794436ff2,Woolworths Supermarket,Health & Beauty,Nature's Way Kids Smart Kids Smart Vita Gummies Omega 120 pack,057344,$26.00,$21.67 / 100EA,https://www.woolworths.com.au/shop/productdetails/57344/nature-s-way-kids-smart-kids-smart-vita-gummies-omega,https://cdn0.woolworths.media/content/wowproductimages/medium/057344.jpg,2020-09-20 19:49:44,Average product rating out of 5: 4.0. Product score is based on 4 ratings,4,,True
4f3aee55-46b5-41b8-8dff-0fca73a3d965,Woolworths Supermarket,Health & Beauty,Naturopathica Clear Skin Active Acne Relief Capsules 30 pack,057346,$26.00,$86.67 / 100EA,https://www.woolworths.com.au/shop/productdetails/57346/naturopathica-clear-skin-active-acne-relief-capsules,https://cdn0.woolworths.media/content/wowproductimages/medium/057346.jpg,2020-09-20 19:49:44,Average product rating out of 5: 4.5. Product score is based on 2 ratings,2,,True
2787cb83-b76c-442c-ad81-3cb20fd6f13e,Woolworths Supermarket,Health & Beauty,Thursday Plantation Tea Tree Acne Control Pack each,057374,$30.00,$30.00 / 1EA,https://www.woolworths.com.au/shop/productdetails/57374/thursday-plantation-tea-tree-acne-control-pack,https://cdn0.woolworths.media/content/wowproductimages/medium/057374.jpg,2020-09-20 19:49:44,,0,,True
8eea03bb-e9c1-4836-85c3-ae358850f368,Woolworths Supermarket,Health & Beauty,Burt's Bees Moisturising Lip Balm Watermelon 4.25g,057400,$4.90,$11.53 / 10G,https://www.woolworths.com.au/shop/productdetails/57400/burt-s-bees-moisturising-lip-balm-watermelon,https://cdn0.woolworths.media/content/wowproductimages/medium/057400.jpg,2020-09-20 19:49:44,,0,,True
fa8a678c-6831-4c1f-a453-c0c84036492a,Woolworths Supermarket,Health & Beauty,Sally Hansen Nail Polish Strobe Light each,057494,$7.00,$4.76 / 10ML,https://www.woolworths.com.au/shop/productdetails/57494/sally-hansen-nail-polish-strobe-light,https://cdn0.woolworths.media/content/wowproductimages/medium/057494.jpg,2020-09-20 19:49:44,,0,,True
292037b3-81b8-464e-ac61-94071da0aeb0,Woolworths Supermarket,Health & Beauty,L'oreal Men Expert Hydra Energetic Face Wash 100ml,057665,$5.00,$5.00 / 100ML,https://www.woolworths.com.au/shop/productdetails/57665/l-oreal-men-expert-hydra-energetic-face-wash,https://cdn0.woolworths.media/content/wowproductimages/medium/057665.jpg,2020-09-20 19:49:44,,0,,True
985e4019-584d-4908-a97c-a6f457b6509e,Woolworths Supermarket,Health & Beauty,Cottons Ultra Thin Pads With Wings Super 12 pack,057808,$4.90,$0.41 / 1EA,https://www.woolworths.com.au/shop/productdetails/57808/cottons-ultra-thin-pads-with-wings-super,https://cdn0.woolworths.media/content/wowproductimages/medium/057808.jpg,2020-09-20 19:49:44,,0,,True
997e3cb6-bc29-46f4-9a13-6ec0c142efb6,Woolworths Supermarket,Health & Beauty,Cottons Ultra Thin Pads With Wings Regular 14 pack,057810,$4.90,$0.35 / 1EA,https://www.woolworths.com.au/shop/productdetails/57810/cottons-ultra-thin-pads-with-wings-regular,https://cdn0.woolworths.media/content/wowproductimages/medium/057810.jpg,2020-09-20 19:49:44,,0,,True
630fbce8-9c70-4328-a44d-8d6a8e4f0c56,Woolworths Supermarket,Health & Beauty,Go Natural Energise Capsules 30 pack,058187,$20.00,$66.67 / 100EA,https://www.woolworths.com.au/shop/productdetails/58187/go-natural-energise-capsules,https://cdn0.woolworths.media/content/wowproductimages/medium/058187.jpg,2020-09-20 19:49:44,,0,,True
0af0b734-fe05-4d2c-b5cb-f62aba4593c3,Woolworths Supermarket,Health & Beauty,Go Natural Immune Capsules 30 pack,058188,$20.00,$66.67 / 100EA,https://www.woolworths.com.au/shop/productdetails/58188/go-natural-immune-capsules,https://cdn0.woolworths.media/content/wowproductimages/medium/058188.jpg,2020-09-20 19:49:44,Average product rating out of 5: 5.0. Product score is based on 2 ratings,2,,True
94e42548-5b41-45c4-acb3-343820b059cb,Woolworths Supermarket,Health & Beauty,Go Natural Clear Skin Capsules 30 pack,058189,$20.00,$66.67 / 100EA,https://www.woolworths.com.au/shop/productdetails/58189/go-natural-clear-skin-capsules,https://cdn0.woolworths.media/content/wowproductimages/medium/058189.jpg,2020-09-20 19:49:44,Average product rating out of 5: 5.0. Product score is based on 1 ratings,1,,True
aa0b69ad-815b-4b8d-8872-6f8a5b0672b5,Woolworths Supermarket,Health & Beauty,Go Natural Womens Essentials Capsules 30 pack,058194,$20.00,$66.67 / 100EA,https://www.woolworths.com.au/shop/productdetails/58194/go-natural-womens-essentials-capsules,https://cdn0.woolworths.media/content/wowproductimages/medium/058194.jpg,2020-09-20 19:49:44,,0,,True
0d01687b-3d60-428e-b883-40c20886ba4b,Woolworths Supermarket,Health & Beauty,Go Natural Beauty Capsules 30 pack,058197,$20.00,$66.67 / 100EA,https://www.woolworths.com.au/shop/productdetails/58197/go-natural-beauty-capsules,https://cdn0.woolworths.media/content/wowproductimages/medium/058197.jpg,2020-09-20 19:49:44,,0,,True
b2292ad4-e5f1-4e68-ac1c-c4d4201af215,Woolworths Supermarket,Health & Beauty,Go Natural Digestion Capsules 30 pack,058198,$20.00,$66.67 / 100EA,https://www.woolworths.com.au/shop/productdetails/58198/go-natural-digestion-capsules,https://cdn0.woolworths.media/content/wowproductimages/medium/058198.jpg,2020-09-20 19:49:44,Average product rating out of 5: 4.0. Product score is based on 2 ratings,2,,True
108f21b7-e102-4117-9369-1904174caccc,Woolworths Supermarket,Health & Beauty,Go Natural Stress Capsules 30 pack,058199,$20.00,$66.67 / 100EA,https://www.woolworths.com.au/shop/productdetails/58199/go-natural-stress-capsules,https://cdn0.woolworths.media/content/wowproductimages/medium/058199.jpg,2020-09-20 19:49:44,,0,,True
9a711e35-7d0a-47c8-8ccd-1d1260f58d18,Woolworths Supermarket,Health & Beauty,Garnier Hydra Bomb Night Tissue Mask Face Night Mask each,058310,$4.20,$13.13 / 100G,https://www.woolworths.com.au/shop/productdetails/58310/garnier-hydra-bomb-night-tissue-mask-face-night-mask,https://cdn0.woolworths.media/content/wowproductimages/medium/058310.jpg,2020-09-20 19:49:44,,0,,True
6b0d948a-8309-4bb0-8427-b328c1d0c145,Woolworths Supermarket,Health & Beauty,Stayfree Ultra Thin Pads Super With Wings 12 pack,058657,$4.50,$0.38 / 1EA,https://www.woolworths.com.au/shop/productdetails/58657/stayfree-ultra-thin-pads-super-with-wings,https://cdn0.woolworths.media/content/wowproductimages/medium/058657.jpg,2020-09-20 19:49:44,,0,,True
904a0875-2d7b-4d1d-ade9-9a10a4d66323,Woolworths Supermarket,Health & Beauty,Voost Effervescent Energy Tablets 40 pack,058699,$6.50,$16.25 / 100EA,https://www.woolworths.com.au/shop/productdetails/58699/voost-effervescent-energy-tablets,https://cdn0.woolworths.media/content/wowproductimages/medium/058699.jpg,2020-09-20 19:49:44,Average product rating out of 5: 3.6. Product score is based on 5 ratings,5,,True
a56e85c7-f21c-48aa-9369-c3e6c2643faf,Woolworths Supermarket,Health & Beauty,Voost Vitamin D 1000 Iu Tablets Tablets 20 pack,058707,$6.50,$32.50 / 100EA,https://www.woolworths.com.au/shop/productdetails/58707/voost-vitamin-d-1000-iu-tablets-tablets,https://cdn0.woolworths.media/content/wowproductimages/medium/058707.jpg,2020-09-20 19:49:44,Average product rating out of 5: 5.0. Product score is based on 3 ratings,3,,True
1cebe608-7ad4-485c-8501-828e37ff4249,Woolworths Supermarket,Health & Beauty,Voost Effervescent Collagen Tablets 20 pack,058863,$6.50,$32.50 / 100EA,https://www.woolworths.com.au/shop/productdetails/58863/voost-effervescent-collagen-tablets,https://cdn0.woolworths.media/content/wowproductimages/medium/058863.jpg,2020-09-20 19:49:44,Average product rating out of 5: 4.8. Product score is based on 4 ratings,4,Was $7.00 30/07/2018,True
0f4c152f-94a8-4060-aaf1-17b59f5ec680,Woolworths Supermarket,Health & Beauty,Voost Effervescent Magnesium Tablets 40 pack,058869,$6.50,$16.25 / 100EA,https://www.woolworths.com.au/shop/productdetails/58869/voost-effervescent-magnesium-tablets,https://cdn0.woolworths.media/content/wowproductimages/medium/058869.jpg,2020-09-20 19:49:44,Average product rating out of 5: 4.5. Product score is based on 6 ratings,6,,True
22e11558-77e7-4115-bf04-742c505908c9,Woolworths Supermarket,Health & Beauty,Help@hand Cotton Tips Recycled Cane 200 pack,058892,$1.60,$0.80 / 100EA,https://www.woolworths.com.au/shop/productdetails/58892/help-hand-cotton-tips-recycled-cane,https://cdn0.woolworths.media/content/wowproductimages/medium/058892.jpg,2020-09-20 19:49:44,Average product rating out of 5: 4.3. Product score is based on 358 ratings,358,,True
fbd70386-ff9e-4c2c-b2b8-55dec7903c21,Woolworths Supermarket,Health & Beauty,Help@hand Cotton Dual Tips Recycled Cane 100 pack,058894,$2.40,$2.40 / 100EA,https://www.woolworths.com.au/shop/productdetails/58894/help-hand-cotton-dual-tips-recycled-cane,https://cdn0.woolworths.media/content/wowproductimages/medium/058894.jpg,2020-09-20 19:49:44,Average product rating out of 5: 4.4. Product score is based on 342 ratings,342,,True
a37e93fd-e0f9-4120-aea4-5607cf19e00b,Woolworths Supermarket,Health & Beauty,Sup Shots Gut Love 8 pack x 50ml,058964,$25.00,$6.25 / 100ML,https://www.woolworths.com.au/shop/productdetails/58964/sup-shots-gut-love,https://cdn0.woolworths.media/content/wowproductimages/medium/058964.jpg,2020-09-20 19:49:44,Average product rating out of 5: 4.6. Product score is based on 5 ratings,5,,True
77f3ebc4-cf8c-4184-92f2-777b111cb4c4,Woolworths Supermarket,Health & Beauty,Sup Shots Focus 8 pack x 50ml,058966,$25.00,$6.25 / 100ML,https://www.woolworths.com.au/shop/productdetails/58966/sup-shots-focus,https://cdn0.woolworths.media/content/wowproductimages/medium/058966.jpg,2020-09-20 19:49:44,Average product rating out of 5: 1.0. Product score is based on 1 ratings,1,,True
b7073a4f-dfc1-4497-8e38-9b5e2dd9ea4e,Woolworths Supermarket,Health & Beauty,Sup Shots Collagen Hair Skin & Nails 8 pack x 50ml,058977,$25.00,$6.25 / 100ML,https://www.woolworths.com.au/shop/productdetails/58977/sup-shots-collagen-hair-skin-nails,https://cdn0.woolworths.media/content/wowproductimages/medium/058977.jpg,2020-09-20 19:49:44,Average product rating out of 5: 4.6. Product score is based on 5 ratings,5,,True
86c23f48-384d-4d90-829f-96717aca1ad8,Woolworths Supermarket,Health & Beauty,Sup Shots Fit Energy - Fuel Ignite Train 8 pack x 50ml,058979,$25.00,$6.25 / 100ML,https://www.woolworths.com.au/shop/productdetails/58979/sup-shots-fit-energy-fuel-ignite-train,https://cdn0.woolworths.media/content/wowproductimages/medium/058979.jpg,2020-09-20 19:49:44,Average product rating out of 5: 1.0. Product score is based on 1 ratings,1,,True
e0819f86-8a3c-48e1-913e-0e4d4c2a0d65,Woolworths Supermarket,Health & Beauty,Sup Shot Daily Essentials 8 pack x 50ml,058983,$25.00,$6.25 / 100ML,https://www.woolworths.com.au/shop/productdetails/58983/sup-shot-daily-essentials,https://cdn0.woolworths.media/content/wowproductimages/medium/058983.jpg,2020-09-20 19:49:44,Average product rating out of 5: 2.5. Product score is based on 2 ratings,2,,True
9d71ff34-2f55-4f4e-a864-118187410cb1,Woolworths Supermarket,Health & Beauty,Sup Omg Magnesium 60 pack,058989,$14.00,$23.33 / 100EA,https://www.woolworths.com.au/shop/productdetails/58989/sup-omg-magnesium,https://cdn0.woolworths.media/content/wowproductimages/medium/058989.jpg,2020-09-20 19:49:44,Average product rating out of 5: 5.0. Product score is based on 2 ratings,2,,True
01e2d384-9861-4c37-8c8b-daebe5872210,Woolworths Supermarket,Health & Beauty,Sup Collagen Hair Skin & Nails 60 pack,058991,$19.00,$31.67 / 100EA,https://www.woolworths.com.au/shop/productdetails/58991/sup-collagen-hair-skin-nails,https://cdn0.woolworths.media/content/wowproductimages/medium/058991.jpg,2020-09-20 19:49:44,Average product rating out of 5: 3.3. Product score is based on 4 ratings,4,,True
f7bf89f0-94e3-46a9-9f80-a5df730a39c5,Woolworths Supermarket,Health & Beauty,Sup Shots Zzz... Sleep 8 pack x 50ml,059005,$25.00,$6.25 / 100ML,https://www.woolworths.com.au/shop/productdetails/59005/sup-shots-zzz-sleep,https://cdn0.woolworths.media/content/wowproductimages/medium/059005.jpg,2020-09-20 19:49:44,Average product rating out of 5: 3.4. Product score is based on 5 ratings,5,,True
6b6871ba-4b40-486f-b458-724024afb475,Woolworths Supermarket,Health & Beauty,Sup Gut Love 7.5b Probiotics 60 pack,059009,$25.00,$41.67 / 100EA,https://www.woolworths.com.au/shop/productdetails/59009/sup-gut-love-7-5b-probiotics,https://cdn0.woolworths.media/content/wowproductimages/medium/059009.jpg,2020-09-20 19:49:44,,0,,True
147ee0b3-8f93-4a5b-8c83-642bb88a7c3f,Woolworths Supermarket,Health & Beauty,Sup Zzz... Sleep 25 pack,059012,$25.00,$100.00 / 100EA,https://www.woolworths.com.au/shop/productdetails/59012/sup-zzz-sleep,https://cdn0.woolworths.media/content/wowproductimages/medium/059012.jpg,2020-09-20 19:49:44,Average product rating out of 5: 5.0. Product score is based on 2 ratings,2,,True
41e47e41-b881-4d62-a9c7-c86eca7bdaba,Woolworths Supermarket,Health & Beauty,Sup Weekly Capsule Organiser each,059016,$4.00,$4.00 / 1EA,https://www.woolworths.com.au/shop/productdetails/59016/sup-weekly-capsule-organiser,https://cdn0.woolworths.media/content/wowproductimages/medium/059016.jpg,2020-09-20 19:49:44,Average product rating out of 5: 3.3. Product score is based on 15 ratings,15,,True
2dfb9125-222f-4d52-a182-1a2fec081f4b,Woolworths Supermarket,Health & Beauty,Sup Stress Less 30 pack,059022,$25.00,$83.33 / 100EA,https://www.woolworths.com.au/shop/productdetails/59022/sup-stress-less,https://cdn0.woolworths.media/content/wowproductimages/medium/059022.jpg,2020-09-20 19:49:44,Average product rating out of 5: 5.0. Product score is based on 1 ratings,1,,True
a4af74e8-8d24-4346-a3f9-6c92df36b38a,Woolworths Supermarket,Health & Beauty,Lucas' Papaw Lip Care Ointment 75g,059187,$12.20,$16.27 / 100G,https://www.woolworths.com.au/shop/productdetails/59187/lucas-papaw-lip-care-ointment,https://cdn0.woolworths.media/content/wowproductimages/medium/059187.jpg,2020-09-20 19:49:44,Average product rating out of 5: 4.6. Product score is based on 9 ratings,9,,True
991d4dc3-92f6-4457-952a-48bea6e92207,Woolworths Supermarket,Health & Beauty,Blackmores Omega Double High Strength Fish Oil Capsules 90 pack,059320,$20.00,$22.22 / 100EA,https://www.woolworths.com.au/shop/productdetails/59320/blackmores-omega-double-high-strength-fish-oil-capsules,https://cdn0.woolworths.media/content/wowproductimages/medium/059320.jpg,2020-09-20 19:49:44,,0,,True
e0663cf9-3152-4b01-a13e-2d16a631395a,Woolworths Supermarket,Health & Beauty,Blackmores Super Coq10 300mg Capsules 30 pack,059366,$33.00,$1.10 / 1EA,https://www.woolworths.com.au/shop/productdetails/59366/blackmores-super-coq10-300mg-capsules,https://cdn0.woolworths.media/content/wowproductimages/medium/059366.jpg,2020-09-20 19:49:44,Average product rating out of 5: 4.5. Product score is based on 2 ratings,2,,True
d0d1c0aa-b150-42b8-841e-71c1d8d39b8d,Woolworths Supermarket,Health & Beauty,Voost Effervescent Sport Hydration Orange 10 pack,059490,$5.00,$50.00 / 100EA,https://www.woolworths.com.au/shop/productdetails/59490/voost-effervescent-sport-hydration-orange,https://cdn0.woolworths.media/content/wowproductimages/medium/059490.jpg,2020-09-20 19:49:44,Average product rating out of 5: 5.0. Product score is based on 1 ratings,1,,True
f08002e1-cb2e-418e-b6b8-6a369154e88a,Woolworths Supermarket,Health & Beauty,Maybelline Tattoo Studio Liquid Ink Eyeliner - Black 2.5ml,059822,$13.20,$52.80 / 10ML,https://www.woolworths.com.au/shop/productdetails/59822/maybelline-tattoo-studio-liquid-ink-eyeliner-black,https://cdn0.woolworths.media/content/wowproductimages/medium/059822.jpg,2020-09-20 19:49:44,,0,,True
47c4d572-99b8-438b-8fe0-b2ae583f4abe,Woolworths Supermarket,Health & Beauty,Redwin Body Moisturiser Vitamin E 300g,059875,$4.30,$1.43 / 100G,https://www.woolworths.com.au/shop/productdetails/59875/redwin-body-moisturiser-vitamin-e,https://cdn0.woolworths.media/content/wowproductimages/medium/059875.jpg,2020-09-20 19:49:44,Average product rating out of 5: 4.9. Product score is based on 15 ratings,15,,True
82448edb-febc-45ec-9613-9f97b0bb2250,Woolworths Supermarket,Health & Beauty,Coco Earth Mct Powder 300g,059903,$35.00,$11.67 / 100G,https://www.woolworths.com.au/shop/productdetails/59903/coco-earth-mct-powder,https://cdn0.woolworths.media/content/wowproductimages/medium/059903.jpg,2020-09-20 19:49:44,Average product rating out of 5: 4.0. Product score is based on 4 ratings,4,,True
3d379b0f-d2b5-4540-9488-833df70e4d51,Woolworths Supermarket,Health & Beauty,Coco Earth Juggernaut Mct Oil 500ml,059915,$15.00,$3.00 / 100ML,https://www.woolworths.com.au/shop/productdetails/59915/coco-earth-juggernaut-mct-oil,https://cdn0.woolworths.media/content/wowproductimages/medium/059915.jpg,2020-09-20 19:49:44,Average product rating out of 5: 4.6. Product score is based on 11 ratings,11,,True
b98ef22e-568d-41c1-ac4f-48b193bbc355,Woolworths Supermarket,Health & Beauty,Australian Garlic Oil Soft Gel Caps 30 pack,060004,$14.50,$48.33 / 100EA,https://www.woolworths.com.au/shop/productdetails/60004/australian-garlic-oil-soft-gel-caps,https://cdn0.woolworths.media/content/wowproductimages/medium/060004.jpg,2020-09-20 19:49:44,,0,,True
97215c1e-f099-4d36-b793-6a512f5d5a43,Woolworths Supermarket,Health & Beauty,Durex Regular Condoms Original 10 pack,060038,$6.50,$0.65 / 1EA,https://www.woolworths.com.au/shop/productdetails/60038/durex-regular-condoms-original,https://cdn0.woolworths.media/content/wowproductimages/medium/060038.jpg,2020-09-20 19:49:44,,0,2 for $10.00 $0.50/1EA,True
473c8c8a-e82d-48d0-bddf-58c355fa33e2,Woolworths Supermarket,Health & Beauty,Swisse Ultivite Women's Multivitamin #name? 7 pack,060167,$20.00,$2.86 / 1EA,https://www.woolworths.com.au/shop/productdetails/60167/swisse-ultivite-women-s-multivitamin-name-,https://cdn0.woolworths.media/content/wowproductimages/medium/060167.jpg,2020-09-20 19:49:44,,0,,True
a5817b0d-043d-4bde-96f8-659758c6c737,Woolworths Supermarket,Health & Beauty,Swisse Collagen Glow With Collagen Peptides 60 pack,060173,$17.50,$29.17 / 100EA,https://www.woolworths.com.au/shop/productdetails/60173/swisse-collagen-glow-with-collagen-peptides,https://cdn0.woolworths.media/content/wowproductimages/medium/060173.jpg,2020-09-20 19:49:44,,0,,True
0a891f12-f4c6-4a19-8e69-ef58ad532ab6,Woolworths Supermarket,Health & Beauty,Swisse Kids Rest & Restore Tablets 60 pack,060481,$25.00,$41.67 / 100EA,https://www.woolworths.com.au/shop/productdetails/60481/swisse-kids-rest-restore-tablets,https://cdn0.woolworths.media/content/wowproductimages/medium/060481.jpg,2020-09-20 19:49:44,Average product rating out of 5: 3.6. Product score is based on 8 ratings,8,,True
000c73dc-5609-4efb-969f-185d1c00c210,Woolworths Supermarket,Health & Beauty,Swisse Kids Multi 60 pack,060607,$25.00,$41.67 / 100EA,https://www.woolworths.com.au/shop/productdetails/60607/swisse-kids-multi,https://cdn0.woolworths.media/content/wowproductimages/medium/060607.jpg,2020-09-20 19:49:44,,0,,True
39e73235-fdcf-4d64-8275-be9bc00678b0,Woolworths Supermarket,Health & Beauty,"Cenovis Hair, Skin & Nails Tablets 60 pack",061133,$16.50,$27.50 / 100EA,https://www.woolworths.com.au/shop/productdetails/61133/cenovis-hair-skin-nails-tablets,https://cdn0.woolworths.media/content/wowproductimages/medium/061133.jpg,2020-09-20 19:49:44,Average product rating out of 5: 4.0. Product score is based on 3 ratings,3,,True
388095ab-bc16-479d-a0cd-49ffa1545ef9,Woolworths Supermarket,Health & Beauty,Cenovis Once Daily Women's Multi Capsules 100 pack,061135,$18.00,$18.00 / 100EA,https://www.woolworths.com.au/shop/productdetails/61135/cenovis-once-daily-women-s-multi-capsules,https://cdn0.woolworths.media/content/wowproductimages/medium/061135.jpg,2020-09-20 19:49:44,Average product rating out of 5: 3.5. Product score is based on 2 ratings,2,Was $23.95 07/11/2016,True
ace942b5-b6d4-40fd-a298-67651c9cd7ec,Woolworths Supermarket,Health & Beauty,L'oreal Excellence Creme Hair Colour 6.3 Light Golden Brown each,061160,$10.00,,https://www.woolworths.com.au/shop/productdetails/61160/l-oreal-excellence-creme-hair-colour-6-3-light-golden-brown,https://cdn0.woolworths.media/content/wowproductimages/medium/061160.jpg,2020-09-20 19:49:44,Average product rating out of 5: 2.7. Product score is based on 3 ratings,3,,True
3c59c623-8102-4512-8911-b61fa778a3db,Woolworths Supermarket,Health & Beauty,L'oreal Excellence Creme Hair Colour 6.54 Light Mahogany Brown each,061165,$10.00,,https://www.woolworths.com.au/shop/productdetails/61165/l-oreal-excellence-creme-hair-colour-6-54-light-mahogany-brown,https://cdn0.woolworths.media/content/wowproductimages/medium/061165.jpg,2020-09-20 19:49:44,Average product rating out of 5: 4.8. Product score is based on 4 ratings,4,,True
b067d163-4163-426d-b120-da68eb8b725f,Woolworths Supermarket,Health & Beauty,L'oreal Excellence Creme Hair Colour 7 Dark Blonde each,061166,$10.00,,https://www.woolworths.com.au/shop/productdetails/61166/l-oreal-excellence-creme-hair-colour-7-dark-blonde,https://cdn0.woolworths.media/content/wowproductimages/medium/061166.jpg,2020-09-20 19:49:44,Average product rating out of 5: 3.5. Product score is based on 2 ratings,2,,True
38fb51ce-7c39-45f2-add6-0c66e3e3af0e,Woolworths Supermarket,Health & Beauty,L'oreal Excellence Creme Hair Colour 7.3 Dark Golden Blonde each,061167,$10.00,,https://www.woolworths.com.au/shop/productdetails/61167/l-oreal-excellence-creme-hair-colour-7-3-dark-golden-blonde,https://cdn0.woolworths.media/content/wowproductimages/medium/061167.jpg,2020-09-20 19:49:44,,0,,True
21923100-0a5a-4e8a-8f39-f2a64245ff41,Woolworths Supermarket,Health & Beauty,L'oreal Excellence Creme Hair Colour 8 Blonde each,061168,$10.00,,https://www.woolworths.com.au/shop/productdetails/61168/l-oreal-excellence-creme-hair-colour-8-blonde,https://cdn0.woolworths.media/content/wowproductimages/medium/061168.jpg,2020-09-20 19:49:44,Average product rating out of 5: 5.0. Product score is based on 1 ratings,1,,True
20b3dd76-96cb-4d5d-a0e2-9339a3c7007c,Woolworths Supermarket,Health & Beauty,L'oreal Excellence Creme Hair Colour 8.1 Ash Blonde each,061185,$10.00,,https://www.woolworths.com.au/shop/productdetails/61185/l-oreal-excellence-creme-hair-colour-8-1-ash-blonde,https://cdn0.woolworths.media/content/wowproductimages/medium/061185.jpg,2020-09-20 19:49:44,Average product rating out of 5: 4.5. Product score is based on 4 ratings,4,,True
847609f4-0506-435e-955e-44112c548a2b,Woolworths Supermarket,Health & Beauty,L'oreal Excellence Creme Hair Colour 9.1 Light Ash Brown each,061186,$10.00,,https://www.woolworths.com.au/shop/productdetails/61186/l-oreal-excellence-creme-hair-colour-9-1-light-ash-brown,https://cdn0.woolworths.media/content/wowproductimages/medium/061186.jpg,2020-09-20 19:49:44,Average product rating out of 5: 5.0. Product score is based on 1 ratings,1,,True
146a57a5-444a-4b83-9b5e-d6c0d05a40e8,Woolworths Supermarket,Health & Beauty,L'oreal Excellence Creme Hair Colour 5.15 Natural Frosted Brown each,061189,$10.00,,https://www.woolworths.com.au/shop/productdetails/61189/l-oreal-excellence-creme-hair-colour-5-15-natural-frosted-brown,https://cdn0.woolworths.media/content/wowproductimages/medium/061189.jpg,2020-09-20 19:49:44,Average product rating out of 5: 5.0. Product score is based on 2 ratings,2,,True
1cb5cab2-e4f7-44df-8db6-8d7b28d80fb6,Woolworths Supermarket,Health & Beauty,L'oreal Excellence Creme Hair Colour 10 Very Light Blonde each,061204,$10.00,,https://www.woolworths.com.au/shop/productdetails/61204/l-oreal-excellence-creme-hair-colour-10-very-light-blonde,https://cdn0.woolworths.media/content/wowproductimages/medium/061204.jpg,2020-09-20 19:49:44,Average product rating out of 5: 5.0. Product score is based on 1 ratings,1,,True
bc2a8325-01b2-42f2-8ca7-719acc4103df,Woolworths Supermarket,Health & Beauty,Tigi Bed Head Dumb Blonde Purple Toning Shampoo 400ml,061346,$19.00,$4.75 / 100ML,https://www.woolworths.com.au/shop/productdetails/61346/tigi-bed-head-dumb-blonde-purple-toning-shampoo,https://cdn0.woolworths.media/content/wowproductimages/medium/061346.jpg,2020-09-20 19:49:44,Average product rating out of 5: 5.0. Product score is based on 1 ratings,1,,True
74782b6e-cf89-41d5-90f8-732cf62cef6f,Woolworths Supermarket,Health & Beauty,Disney Frozen 2 In 1 Shampoo & Conditioner 350ml,061677,$6.00,$1.71 / 100ML,https://www.woolworths.com.au/shop/productdetails/61677/disney-frozen-2-in-1-shampoo-conditioner,https://cdn0.woolworths.media/content/wowproductimages/medium/061677.jpg,2020-09-20 19:49:44,Average product rating out of 5: 4.1. Product score is based on 11 ratings,11,,True
aa61e783-6a23-4c86-8bb1-f7da3ee7fea0,Woolworths Supermarket,Health & Beauty,Disney Frozen Detangling Sray 200ml,061678,$6.00,$3.00 / 100ML,https://www.woolworths.com.au/shop/productdetails/61678/disney-frozen-detangling-sray,https://cdn0.woolworths.media/content/wowproductimages/medium/061678.jpg,2020-09-20 19:49:44,Average product rating out of 5: 3.9. Product score is based on 20 ratings,20,,True
12043233-6f47-42fa-8807-39287ecf22d3,Woolworths Supermarket,Health & Beauty,Marvel Boys 2 In 1 Shampo & Conditioner 350ml,061689,$6.00,$1.71 / 100ML,https://www.woolworths.com.au/shop/productdetails/61689/marvel-boys-2-in-1-shampo-conditioner,https://cdn0.woolworths.media/content/wowproductimages/medium/061689.jpg,2020-09-20 19:49:44,Average product rating out of 5: 4.1. Product score is based on 10 ratings,10,,True
fbdd022a-9243-411a-ad2b-ff5862df330f,Woolworths Supermarket,Health & Beauty,Swisse High Strength C Immune Health Tablets 150 pack,061703,$40.00,$26.67 / 100EA,https://www.woolworths.com.au/shop/productdetails/61703/swisse-high-strength-c-immune-health-tablets,https://cdn0.woolworths.media/content/wowproductimages/medium/061703.jpg,2020-09-20 19:49:44,Average product rating out of 5: 4.5. Product score is based on 2 ratings,2,,True
06a0c68b-f6cd-4776-a43d-634b93862240,Woolworths Supermarket,Health & Beauty,Glow Lab Hydrating Shampoo 600ml,062168,$24.00,$4.00 / 100ML,https://www.woolworths.com.au/shop/productdetails/62168/glow-lab-hydrating-shampoo,https://cdn0.woolworths.media/content/wowproductimages/medium/062168.jpg,2020-09-20 19:49:44,Average product rating out of 5: 5.0. Product score is based on 1 ratings,1,,True
79f39eb5-6d5f-4391-a76c-e081cb934f3b,Woolworths Supermarket,Health & Beauty,Glow Lab Repairing Conditioner 600ml,062169,$24.00,$4.00 / 100ML,https://www.woolworths.com.au/shop/productdetails/62169/glow-lab-repairing-conditioner,https://cdn0.woolworths.media/content/wowproductimages/medium/062169.jpg,2020-09-20 19:49:44,Average product rating out of 5: 5.0. Product score is based on 2 ratings,2,,True
0e17abbb-1c24-4c7f-aa4e-be3397d7fec6,Woolworths Supermarket,Health & Beauty,Glow Lab Repairing Shampoo 600ml,062172,$24.00,$4.00 / 100ML,https://www.woolworths.com.au/shop/productdetails/62172/glow-lab-repairing-shampoo,https://cdn0.woolworths.media/content/wowproductimages/medium/062172.jpg,2020-09-20 19:49:44,Average product rating out of 5: 5.0. Product score is based on 2 ratings,2,,True
623a94c7-2a50-4d1e-a730-45ff77c70655,Woolworths Supermarket,Health & Beauty,Glow Lab Hydrating Conditioner 600ml,062174,$24.00,$4.00 / 100ML,https://www.woolworths.com.au/shop/productdetails/62174/glow-lab-hydrating-conditioner,https://cdn0.woolworths.media/content/wowproductimages/medium/062174.jpg,2020-09-20 19:49:44,Average product rating out of 5: 4.7. Product score is based on 3 ratings,3,,True
a966d5ab-678e-4a66-9d66-42d69619ff68,Woolworths Supermarket,Health & Beauty,L'oreal Magic Retouch Precision Brush 5 Blonde each,062203,$9.00,$112.50 / 100ML,https://www.woolworths.com.au/shop/productdetails/62203/l-oreal-magic-retouch-precision-brush-5-blonde,https://cdn0.woolworths.media/content/wowproductimages/medium/062203.jpg,2020-09-20 19:49:44,,0,,True
04d72663-4470-4201-b88b-3794986f1cb8,Woolworths Supermarket,Health & Beauty,Maybelline Brow Ultra Slim Eyebrow Pencil - Soft Brown 90mg,062251,$9.60,"$1,066.67 / 10G",https://www.woolworths.com.au/shop/productdetails/62251/maybelline-brow-ultra-slim-eyebrow-pencil-soft-brown,https://cdn0.woolworths.media/content/wowproductimages/medium/062251.jpg,2020-09-20 19:49:44,,0,,True
e0238bf6-8b49-41b5-a0ba-2844b0887ecb,Woolworths Supermarket,Health & Beauty,Rimmel Oh My Gloss Glossaholic 6.5ml,062469,$14.00,$21.54 / 10ML,https://www.woolworths.com.au/shop/productdetails/62469/rimmel-oh-my-gloss-glossaholic,https://cdn0.woolworths.media/content/wowproductimages/medium/062469.jpg,2020-09-20 19:49:44,Average product rating out of 5: 4.3. Product score is based on 6 ratings,6,,True
5206b4af-904a-44c7-99c0-084869530218,Woolworths Supermarket,Health & Beauty,Rimmel Lasting Finish 25h Foundation 300 Sand 30ml,062470,$19.00,$6.33 / 10ML,https://www.woolworths.com.au/shop/productdetails/62470/rimmel-lasting-finish-25h-foundation-300-sand,https://cdn0.woolworths.media/content/wowproductimages/medium/062470.jpg,2020-09-20 19:49:44,,0,,True
0be39aae-eed7-496d-a793-b078b5c9b257,Woolworths Supermarket,Health & Beauty,Rimmel Micro Definition Brow Pencil Dark Brown 0.4g,062471,$17.00,$425.00 / 10G,https://www.woolworths.com.au/shop/productdetails/62471/rimmel-micro-definition-brow-pencil-dark-brown,https://cdn0.woolworths.media/content/wowproductimages/medium/062471.jpg,2020-09-20 19:49:44,Average product rating out of 5: 5.0. Product score is based on 1 ratings,1,,True
64f97ad1-65de-403d-a493-c4eabdc2b404,Woolworths Supermarket,Health & Beauty,Rimmel Lasting Matte Foundation 305 Buff 30ml,062543,$18.00,$6.00 / 10ML,https://www.woolworths.com.au/shop/productdetails/62543/rimmel-lasting-matte-foundation-305-buff,https://cdn0.woolworths.media/content/wowproductimages/medium/062543.jpg,2020-09-20 19:49:44,,0,,True
1bf2a042-8015-4af0-b096-1500eb555ee4,Woolworths Supermarket,Health & Beauty,Rimmel Lasting Radiance Foundation 100 Ivory 30ml,062544,$23.00,$7.67 / 10ML,https://www.woolworths.com.au/shop/productdetails/62544/rimmel-lasting-radiance-foundation-100-ivory,https://cdn0.woolworths.media/content/wowproductimages/medium/062544.jpg,2020-09-20 19:49:44,Average product rating out of 5: 5.0. Product score is based on 1 ratings,1,,True
6fc54367-9ecb-4fbf-a425-b76c7966c35f,Woolworths Supermarket,Health & Beauty,Rimmel Ultimate Boost Volume Primer Mascara 12ml,062552,$17.00,$14.17 / 10ML,https://www.woolworths.com.au/shop/productdetails/62552/rimmel-ultimate-boost-volume-primer-mascara,https://cdn0.woolworths.media/content/wowproductimages/medium/062552.jpg,2020-09-20 19:49:44,Average product rating out of 5: 3.0. Product score is based on 1 ratings,1,,True
81177aaf-8743-48c6-ae57-5e4914aaa6a7,Woolworths Supermarket,Health & Beauty,Rimmel Brow This Way 2in1 Eye Brow Pencil Medium Brown 0.4g,062553,$16.00,$400.00 / 10G,https://www.woolworths.com.au/shop/productdetails/62553/rimmel-brow-this-way-2in1-eye-brow-pencil-medium-brown,https://cdn0.woolworths.media/content/wowproductimages/medium/062553.jpg,2020-09-20 19:49:44,Average product rating out of 5: 3.5. Product score is based on 2 ratings,2,,True
6bcceb50-10c4-4f33-84ea-adced807a77f,Woolworths Supermarket,Health & Beauty,Rimmel Lasting Radiance Foundation Porcelain 30ml,062554,$23.00,$7.67 / 10ML,https://www.woolworths.com.au/shop/productdetails/62554/rimmel-lasting-radiance-foundation-porcelain,https://cdn0.woolworths.media/content/wowproductimages/medium/062554.jpg,2020-09-20 19:49:44,,0,,True
4e155503-7080-4bc4-8a75-e445334a2278,Woolworths Supermarket,Health & Beauty,Rimmel Lasting Radiance Conceal 040 Soft Beige 7ml,062555,$18.00,$25.71 / 10ML,https://www.woolworths.com.au/shop/productdetails/62555/rimmel-lasting-radiance-conceal-040-soft-beige,https://cdn0.woolworths.media/content/wowproductimages/medium/062555.jpg,2020-09-20 19:49:44,,0,,True
fc5d0f6c-33b9-459f-9193-dff02a2cdbec,Woolworths Supermarket,Health & Beauty,Rimmel Micro Definition Brow Pencil Soft Brown 0.4g,062556,$17.00,$425.00 / 10G,https://www.woolworths.com.au/shop/productdetails/62556/rimmel-micro-definition-brow-pencil-soft-brown,https://cdn0.woolworths.media/content/wowproductimages/medium/062556.jpg,2020-09-20 19:49:44,Average product rating out of 5: 4.7. Product score is based on 3 ratings,3,,True
d8520a0b-57c9-473d-a56e-9b084731bfd3,Woolworths Supermarket,Health & Beauty,John Frieda Frizz Ease Dream Curls Defining Creme 150ml,062570,$17.00,$11.33 / 100ML,https://www.woolworths.com.au/shop/productdetails/62570/john-frieda-frizz-ease-dream-curls-defining-creme,https://cdn0.woolworths.media/content/wowproductimages/medium/062570.jpg,2020-09-20 19:49:44,Average product rating out of 5: 5.0. Product score is based on 1 ratings,1,,True
f5d82513-cd8e-40ec-90ed-0b377373053c,Woolworths Supermarket,Health & Beauty,John Frieda Violet Crush Intense Purple Shampoo 250ml,062575,$18.00,$7.20 / 100ML,https://www.woolworths.com.au/shop/productdetails/62575/john-frieda-violet-crush-intense-purple-shampoo,https://cdn0.woolworths.media/content/wowproductimages/medium/062575.jpg,2020-09-20 19:49:44,Average product rating out of 5: 3.3. Product score is based on 6 ratings,6,,True
9cecd5c8-856f-47d6-84cc-9c34ebd84b56,Woolworths Supermarket,Health & Beauty,Kleenex Facial Tissue Kids 200 pack,062777,$2.00,$1.00 / 100SS,https://www.woolworths.com.au/shop/productdetails/62777/kleenex-facial-tissue-kids,https://cdn0.woolworths.media/content/wowproductimages/medium/062777.jpg,2020-09-20 19:49:44,,0,Was $2.20 26/02/2020,True
7750f274-54bd-4096-b89b-3d77a679e224,Woolworths Supermarket,Health & Beauty,Klorane Oat Milk Dry Shampoo 150ml,062843,$16.00,$10.67 / 100ML,https://www.woolworths.com.au/shop/productdetails/62843/klorane-oat-milk-dry-shampoo,https://cdn0.woolworths.media/content/wowproductimages/medium/062843.jpg,2020-09-20 19:49:44,Average product rating out of 5: 4.9. Product score is based on 10 ratings,10,,True
e148b6df-8335-4df6-967f-1246ad3eac2a,Woolworths Supermarket,Health & Beauty,Rimmel Magnifeyes Shadow Palette Spice Edition 14.2g,062846,$24.00,$17.14 / 10G,https://www.woolworths.com.au/shop/productdetails/62846/rimmel-magnifeyes-shadow-palette-spice-edition,https://cdn0.woolworths.media/content/wowproductimages/medium/062846.jpg,2020-09-20 19:49:44,,0,,True
81e93594-7a9d-4671-9a06-83e72defd374,Woolworths Supermarket,Health & Beauty,Nicabate Chewing Gum 4mg 200 pack,062903,$40.00,$20.00 / 100EA,https://www.woolworths.com.au/shop/productdetails/62903/nicabate-chewing-gum-4mg,https://cdn0.woolworths.media/content/wowproductimages/medium/062903.jpg,2020-09-20 19:49:44,,0,,True
4e79101e-3e8a-42fe-adb1-0b86d783046f,Woolworths Supermarket,Health & Beauty,Voltaren Emulgel No Mess 75g,062904,$21.00,$28.00 / 100G,https://www.woolworths.com.au/shop/productdetails/62904/voltaren-emulgel-no-mess,https://cdn0.woolworths.media/content/wowproductimages/medium/062904.jpg,2020-09-20 19:49:44,Average product rating out of 5: 5.0. Product score is based on 2 ratings,2,,True
da093f42-1755-4211-832d-8d915385c719,Woolworths Supermarket,Health & Beauty,Nicabate Chewing Gum 2mg 200 pack,062922,$40.00,$20.00 / 100EA,https://www.woolworths.com.au/shop/productdetails/62922/nicabate-chewing-gum-2mg,https://cdn0.woolworths.media/content/wowproductimages/medium/062922.jpg,2020-09-20 19:49:44,Average product rating out of 5: 3.7. Product score is based on 3 ratings,3,,True
3b68b8b8-416c-4b58-9ae9-63a315df1fff,Woolworths Supermarket,Health & Beauty,Rexona Women Alcohol Free Anti- Perspirant Hypo-allergenic 250ml,062949,$5.00,$2.00 / 100ML,https://www.woolworths.com.au/shop/productdetails/62949/rexona-women-alcohol-free-anti-perspirant-hypo-allergenic,https://cdn0.woolworths.media/content/wowproductimages/medium/062949.jpg,2020-09-20 19:49:44,Average product rating out of 5: 4.1. Product score is based on 18 ratings,18,Was $7.00 24/01/2018,True
e5a0e454-70bd-4b04-82b8-6457fccdedc3,Woolworths Supermarket,Health & Beauty,Mont Lure Genuine Liquid Soap Natural Liquid Hand Wash Pump Vegan Sls-free Extra Pure 500ml,063032,$12.00,$2.40 / 100ML,https://www.woolworths.com.au/shop/productdetails/63032/mont-lure-genuine-liquid-soap-natural-liquid-hand-wash-pump-vegan-sls-free-extra-pure,https://cdn0.woolworths.media/content/wowproductimages/medium/063032.jpg,2020-09-20 19:49:44,Average product rating out of 5: 3.5. Product score is based on 2 ratings,2,,True
4be56f49-b95e-40ce-be23-cb6533bc4c59,Woolworths Supermarket,Health & Beauty,Maybelline Dream Urban Cover Liquid Foundation - Natural Ivory 30ml,063035,$15.60,$5.20 / 10ML,https://www.woolworths.com.au/shop/productdetails/63035/maybelline-dream-urban-cover-liquid-foundation-natural-ivory,https://cdn0.woolworths.media/content/wowproductimages/medium/063035.jpg,2020-09-20 19:49:44,,0,,True
df0c1389-ad24-4180-94ff-e1a0685bdaeb,Woolworths Supermarket,Health & Beauty,Maybelline Dream Urban Cover Liquid Foundation - Porcelain 30ml,063060,$15.60,$5.20 / 10ML,https://www.woolworths.com.au/shop/productdetails/63060/maybelline-dream-urban-cover-liquid-foundation-porcelain,https://cdn0.woolworths.media/content/wowproductimages/medium/063060.jpg,2020-09-20 19:49:44,,0,,True
bf18565b-5daf-4b64-9a25-c902b6bb5dbe,Woolworths Supermarket,Health & Beauty,Maybelline Dream Urban Cover Liquid Foundation - Classic Ivory 30ml,063100,$15.60,$5.20 / 10ML,https://www.woolworths.com.au/shop/productdetails/63100/maybelline-dream-urban-cover-liquid-foundation-classic-ivory,https://cdn0.woolworths.media/content/wowproductimages/medium/063100.jpg,2020-09-20 19:49:44,Average product rating out of 5: 4.0. Product score is based on 2 ratings,2,,True
0ad04d05-dd95-4c60-ae76-7a1fd17e9c74,Woolworths Supermarket,Health & Beauty,Maybelline Dream Urban Cover Liquid Foundation - Natural Beige 30ml,063101,$15.60,$5.20 / 10ML,https://www.woolworths.com.au/shop/productdetails/63101/maybelline-dream-urban-cover-liquid-foundation-natural-beige,https://cdn0.woolworths.media/content/wowproductimages/medium/063101.jpg,2020-09-20 19:49:44,Average product rating out of 5: 5.0. Product score is based on 1 ratings,1,,True
e9ed45d6-61f5-4c8f-87ba-bde2f1fbdc30,Woolworths Supermarket,Health & Beauty,Maybelline Dream Urban Cover Liquid Foundation - Sun Beige 30ml,063103,$15.60,$5.20 / 10ML,https://www.woolworths.com.au/shop/productdetails/63103/maybelline-dream-urban-cover-liquid-foundation-sun-beige,https://cdn0.woolworths.media/content/wowproductimages/medium/063103.jpg,2020-09-20 19:49:44,,0,,True
ff4cb64e-b017-4e8b-8b6a-39afe263e396,Woolworths Supermarket,Health & Beauty,Maybelline Superstay Full Coverage Under Eye Liquid Concealer - Sand 6ml,063104,$11.00,$18.33 / 10ML,https://www.woolworths.com.au/shop/productdetails/63104/maybelline-superstay-full-coverage-under-eye-liquid-concealer-sand,https://cdn0.woolworths.media/content/wowproductimages/medium/063104.jpg,2020-09-20 19:49:44,,0,,True
85383171-8a4b-4d4b-b8b5-f20724e2ef10,Woolworths Supermarket,Health & Beauty,Bar None Shampoo Damaged Hair 400ml,063110,$20.00,$5.00 / 100ML,https://www.woolworths.com.au/shop/productdetails/63110/bar-none-shampoo-damaged-hair,https://cdn0.woolworths.media/content/wowproductimages/medium/063110.jpg,2020-09-20 19:49:44,Average product rating out of 5: 5.0. Product score is based on 3 ratings,3,,True
c368877a-3784-460b-a505-c0a0890106ee,Woolworths Supermarket,Health & Beauty,Bar None Conditioner Damaged Hair 400ml,063111,$20.00,$5.00 / 100ML,https://www.woolworths.com.au/shop/productdetails/63111/bar-none-conditioner-damaged-hair,https://cdn0.woolworths.media/content/wowproductimages/medium/063111.jpg,2020-09-20 19:49:44,Average product rating out of 5: 4.8. Product score is based on 4 ratings,4,,True
da1ea054-38bd-4e08-8ca5-60f7b864c5ac,Woolworths Supermarket,Health & Beauty,Bar None Shampoo Normal Hair 400ml,063113,$20.00,$5.00 / 100ML,https://www.woolworths.com.au/shop/productdetails/63113/bar-none-shampoo-normal-hair,https://cdn0.woolworths.media/content/wowproductimages/medium/063113.jpg,2020-09-20 19:49:44,Average product rating out of 5: 4.0. Product score is based on 1 ratings,1,,True
2f82f388-c239-442c-b6ab-e4ecb374f378,Woolworths Supermarket,Health & Beauty,Bar None Shampoo Hydrating Hair 400ml,063115,$20.00,$5.00 / 100ML,https://www.woolworths.com.au/shop/productdetails/63115/bar-none-shampoo-hydrating-hair,https://cdn0.woolworths.media/content/wowproductimages/medium/063115.jpg,2020-09-20 19:49:44,Average product rating out of 5: 5.0. Product score is based on 7 ratings,7,,True
51f019f6-f2c7-47f5-83a7-12c8257ee439,Woolworths Supermarket,Health & Beauty,Bar None Conditioner Normal Hair 400ml,063123,$20.00,$5.00 / 100ML,https://www.woolworths.com.au/shop/productdetails/63123/bar-none-conditioner-normal-hair,https://cdn0.woolworths.media/content/wowproductimages/medium/063123.jpg,2020-09-20 19:49:44,Average product rating out of 5: 3.5. Product score is based on 2 ratings,2,,True
7eea07ce-2495-44e9-b851-8cd422055172,Woolworths Supermarket,Health & Beauty,Bar None Conditioner Hydrating Hair 400ml,063124,$20.00,$5.00 / 100ML,https://www.woolworths.com.au/shop/productdetails/63124/bar-none-conditioner-hydrating-hair,https://cdn0.woolworths.media/content/wowproductimages/medium/063124.jpg,2020-09-20 19:49:44,Average product rating out of 5: 4.8. Product score is based on 5 ratings,5,,True
1d8179d1-e963-407c-9775-1c1a33a52cd7,Woolworths Supermarket,Health & Beauty,Rapid Loss Meal Replacement Shake - Chocolate 740g,063541,$23.70,$3.20 / 100G,https://www.woolworths.com.au/shop/productdetails/63541/rapid-loss-meal-replacement-shake-chocolate,https://cdn0.woolworths.media/content/wowproductimages/medium/063541.jpg,2020-09-20 19:49:44,,0,,True
45c7e24f-cff7-40f1-b55e-26694eec3da1,Woolworths Supermarket,Health & Beauty,Kleenex Facial Tissue Cube 85 pack,063757,$2.30,$2.71 / 100SS,https://www.woolworths.com.au/shop/productdetails/63757/kleenex-facial-tissue-cube,https://cdn0.woolworths.media/content/wowproductimages/medium/063757.jpg,2020-09-20 19:49:44,,0,,True
96ebd3f6-61a2-4fdc-aa5d-108dfeee3800,Woolworths Supermarket,Health & Beauty,Mcobeauty Brow Stroke Dark Brown 1.5ml,063849,$9.80,$65.33 / 10ML,https://www.woolworths.com.au/shop/productdetails/63849/mcobeauty-brow-stroke-dark-brown,https://cdn0.woolworths.media/content/wowproductimages/medium/063849.jpg,2020-09-20 19:49:44,Average product rating out of 5: 5.0. Product score is based on 1 ratings,1,,True
ad1be4e6-8ee2-4e80-881f-b66019aab3f7,Woolworths Supermarket,Health & Beauty,Head &amp; Shoulders Supreme Moisture Conditioner 550ml,063850,$19.00,$3.45 / 100ML,https://www.woolworths.com.au/shop/productdetails/63850/head-amp-shoulders-supreme-moisture-conditioner,https://cdn0.woolworths.media/content/wowproductimages/medium/063850.jpg,2020-09-20 19:49:44,Average product rating out of 5: 4.8. Product score is based on 6 ratings,6,,True
eda255f7-81e4-4f54-af1d-fc3c51a8370d,Woolworths Supermarket,Health & Beauty,Mcobeauty Precision Brow Light Medium 0.22g,063861,$8.40,$381.82 / 10G,https://www.woolworths.com.au/shop/productdetails/63861/mcobeauty-precision-brow-light-medium,https://cdn0.woolworths.media/content/wowproductimages/medium/063861.jpg,2020-09-20 19:49:44,Average product rating out of 5: 5.0. Product score is based on 1 ratings,1,,True
5ab7bd69-69da-4262-a5f0-dba46407923b,Woolworths Supermarket,Health & Beauty,Mcobeauty More Brows Medium Brown 1.5ml,063862,$9.80,$28.00 / 10ML,https://www.woolworths.com.au/shop/productdetails/63862/mcobeauty-more-brows-medium-brown,https://cdn0.woolworths.media/content/wowproductimages/medium/063862.jpg,2020-09-20 19:49:44,Average product rating out of 5: 4.8. Product score is based on 4 ratings,4,,True
13621acd-74f9-49cd-8fe5-d015fa4b71fc,Woolworths Supermarket,Health & Beauty,Mcobeauty Sophie Monk Universal Lip Liner 1.2g,063871,$8.40,$70.00 / 10G,https://www.woolworths.com.au/shop/productdetails/63871/mcobeauty-sophie-monk-universal-lip-liner,https://cdn0.woolworths.media/content/wowproductimages/medium/063871.jpg,2020-09-20 19:49:44,Average product rating out of 5: 2.5. Product score is based on 2 ratings,2,,True
8ac73378-b01b-4ca2-a826-1a0610a771fa,Woolworths Supermarket,Health & Beauty,Mcobeauty Waterproof Eye Define Crayon Liner Brown 0.3g,063893,$7.00,$233.33 / 10G,https://www.woolworths.com.au/shop/productdetails/63893/mcobeauty-waterproof-eye-define-crayon-liner-brown,https://cdn0.woolworths.media/content/wowproductimages/medium/063893.jpg,2020-09-20 19:49:44,Average product rating out of 5: 1.0. Product score is based on 2 ratings,2,,True
ffcdc93e-3571-4756-9589-aef83d7a2ba0,Woolworths Supermarket,Health & Beauty,Mcobeauty Sophie Monk Pout Gloss Tickle (striptease Shade) 6ml,063896,$8.40,$14.00 / 10ML,https://www.woolworths.com.au/shop/productdetails/63896/mcobeauty-sophie-monk-pout-gloss-tickle-striptease-shade-,https://cdn0.woolworths.media/content/wowproductimages/medium/063896.jpg,2020-09-20 19:49:44,Average product rating out of 5: 4.2. Product score is based on 6 ratings,6,,True
0ca8952a-717f-442d-9dea-71014c538442,Woolworths Supermarket,Health & Beauty,Kleenex Facial Tissues 200 pack,063899,$2.00,$1.00 / 100SS,https://www.woolworths.com.au/shop/productdetails/63899/kleenex-facial-tissues,https://cdn0.woolworths.media/content/wowproductimages/medium/063899.jpg,2020-09-20 19:49:44,,0,Was $2.20 26/02/2020,True
2fa8c112-d9f3-4805-b633-a72895264e3d,Woolworths Supermarket,Health & Beauty,Mcobeauty Sophie Monk Pout Gloss Lullaby (morocco Shade) 6ml,063913,$8.40,$14.00 / 10ML,https://www.woolworths.com.au/shop/productdetails/63913/mcobeauty-sophie-monk-pout-gloss-lullaby-morocco-shade-,https://cdn0.woolworths.media/content/wowproductimages/medium/063913.jpg,2020-09-20 19:49:44,Average product rating out of 5: 1.0. Product score is based on 1 ratings,1,,True
eca41450-68d5-48da-a935-5dcfa15e100c,Woolworths Supermarket,Health & Beauty,Mcobeauty Sophie Monk Pout Gloss Wonder (casablanca Shade) 6ml,063914,$8.40,$14.00 / 10ML,https://www.woolworths.com.au/shop/productdetails/63914/mcobeauty-sophie-monk-pout-gloss-wonder-casablanca-shade-,https://cdn0.woolworths.media/content/wowproductimages/medium/063914.jpg,2020-09-20 19:49:44,Average product rating out of 5: 3.7. Product score is based on 3 ratings,3,,True
aa003646-26ae-422d-918b-8df32888f000,Woolworths Supermarket,Health & Beauty,Mcobeauty Liquid Glow Skin Perfector Sun Kissed 20ml,063916,$7.00,$3.50 / 10ML,https://www.woolworths.com.au/shop/productdetails/63916/mcobeauty-liquid-glow-skin-perfector-sun-kissed,https://cdn0.woolworths.media/content/wowproductimages/medium/063916.jpg,2020-09-20 19:49:44,Average product rating out of 5: 3.0. Product score is based on 2 ratings,2,,True
09a0847a-5e51-43be-af9d-e2a6cbf0f673,Woolworths Supermarket,Health & Beauty,Mcobeauty Microfibre Velvet Sponge each,063950,$6.65,$6.65 / 1EA,https://www.woolworths.com.au/shop/productdetails/63950/mcobeauty-microfibre-velvet-sponge,https://cdn0.woolworths.media/content/wowproductimages/medium/063950.jpg,2020-09-20 19:49:44,Average product rating out of 5: 3.6. Product score is based on 5 ratings,5,,True
3b33b7ff-d829-4a98-96e9-9a54ba2183c8,Woolworths Supermarket,Health & Beauty,Mcobeauty Face Glam Eye & Body Jewels - Disco Ball each,063957,$7.00,$7.00 / 1EA,https://www.woolworths.com.au/shop/productdetails/63957/mcobeauty-face-glam-eye-body-jewels-disco-ball,https://cdn0.woolworths.media/content/wowproductimages/medium/063957.jpg,2020-09-20 19:49:44,,0,,True
2aa88d99-1464-4cf1-9957-1bf357f0c1cf,Woolworths Supermarket,Health & Beauty,Homebrand Hair Spray Regular Hold 250g,064131,$2.20,$0.88 / 100G,https://www.woolworths.com.au/shop/productdetails/64131/homebrand-hair-spray-regular-hold,https://cdn0.woolworths.media/content/wowproductimages/medium/064131.jpg,2020-09-20 19:49:44,Average product rating out of 5: 4.7. Product score is based on 15 ratings,15,,True
ecc9c520-0618-4576-8211-8f0fdbc9036b,Woolworths Supermarket,Health & Beauty,Manicare Eyelash Curler each,064205,$20.00,,https://www.woolworths.com.au/shop/productdetails/64205/manicare-eyelash-curler,https://cdn0.woolworths.media/content/wowproductimages/medium/064205.jpg,2020-09-20 19:49:44,,0,,True
52213c52-9f25-4f8d-bf14-6f3976894fa7,Woolworths Supermarket,Health & Beauty,Sorbent Facial Tissue Thick & Large Frangipani & Vitamin E 90 pack,064208,$1.75,$1.94 / 100SS,https://www.woolworths.com.au/shop/productdetails/64208/sorbent-facial-tissue-thick-large-frangipani-vitamin-e,https://cdn0.woolworths.media/content/wowproductimages/medium/064208.jpg,2020-09-20 19:49:44,,0,,True
db1c4774-ed1e-4e7d-a74a-6a7a8e7368cf,Woolworths Supermarket,Health & Beauty,Mcobeauty Pre-glued False Lashes Wispy 8g,064214,$10.50,$10.50 / 1EA,https://www.woolworths.com.au/shop/productdetails/64214/mcobeauty-pre-glued-false-lashes-wispy,https://cdn0.woolworths.media/content/wowproductimages/medium/064214.jpg,2020-09-20 19:49:44,,0,,True
488b0dbd-95bf-4402-a8bb-704a9b5abde7,Woolworths Supermarket,Health & Beauty,Maybelline Brow Ultra Slim Blonde each,064236,$9.60,$106.67 / 10G,https://www.woolworths.com.au/shop/productdetails/64236/maybelline-brow-ultra-slim-blonde,https://cdn0.woolworths.media/content/wowproductimages/medium/064236.jpg,2020-09-20 19:49:44,,0,,True
fc004f49-812f-489a-ac60-96fefc31a3a2,Woolworths Supermarket,Health & Beauty,Kleenex Facial Tissue Soft & Thick 95 pack,064373,$2.00,$2.11 / 100SS,https://www.woolworths.com.au/shop/productdetails/64373/kleenex-facial-tissue-soft-thick,https://cdn0.woolworths.media/content/wowproductimages/medium/064373.jpg,2020-09-20 19:49:44,,0,,True
2dcdd205-9b03-440a-b967-cf5c899ee2d4,Woolworths Supermarket,Health & Beauty,Colgate Bamboo Toothbrush each,065009,$5.00,$5.00 / 1EA,https://www.woolworths.com.au/shop/productdetails/65009/colgate-bamboo-toothbrush,https://cdn0.woolworths.media/content/wowproductimages/medium/065009.jpg,2020-09-20 19:49:44,Average product rating out of 5: 4.6. Product score is based on 5 ratings,5,,True
d1621b0b-c4be-4e3a-a90d-a9616d1ab2e8,Woolworths Supermarket,Health & Beauty,Colgate Bamboo Toothbrush 2 pack,065011,$10.00,$10.00 / 1EA,https://www.woolworths.com.au/shop/productdetails/65011/colgate-bamboo-toothbrush,https://cdn0.woolworths.media/content/wowproductimages/medium/065011.jpg,2020-09-20 19:49:44,Average product rating out of 5: 3.9. Product score is based on 10 ratings,10,,True
831ba373-02ce-4ca1-bb92-8fff6a4168f2,Woolworths Supermarket,Health & Beauty,T.n. Dickinson's Toners Witch Hazel 240ml,065103,$7.00,$2.92 / 100ML,https://www.woolworths.com.au/shop/productdetails/65103/t-n-dickinson-s-toners-witch-hazel,https://cdn0.woolworths.media/content/wowproductimages/medium/065103.jpg,2020-09-20 19:49:44,Average product rating out of 5: 4.8. Product score is based on 23 ratings,23,,True
621022f1-e219-4835-ad0c-7135bc767c0d,Woolworths Supermarket,Health & Beauty,Colgate Total Charcoal Toothpaste 200g,065172,$8.00,$8.00 / 1EA,https://www.woolworths.com.au/shop/productdetails/65172/colgate-total-charcoal-toothpaste,https://cdn0.woolworths.media/content/wowproductimages/medium/065172.jpg,2020-09-20 19:49:44,Average product rating out of 5: 4.3. Product score is based on 10 ratings,10,,True
d76412a1-1099-4286-8391-872014da5eef,Woolworths Supermarket,Health & Beauty,Nicorette Quit Smoking Quickmist Mouth Spray Cool Berry 13.2ml x2 pack,065268,$60.00,$227.27 / 100ML,https://www.woolworths.com.au/shop/productdetails/65268/nicorette-quit-smoking-quickmist-mouth-spray-cool-berry,https://cdn0.woolworths.media/content/wowproductimages/medium/065268.jpg,2020-09-20 19:49:44,Average product rating out of 5: 4.0. Product score is based on 1 ratings,1,,True
888d148e-d06f-4289-8dee-d45e477265f5,Woolworths Supermarket,Health & Beauty,Lifestyles Silky Smooth Water Based Lubricant 100g,065901,$6.00,$6.00 / 100G,https://www.woolworths.com.au/shop/productdetails/65901/lifestyles-silky-smooth-water-based-lubricant,https://cdn0.woolworths.media/content/wowproductimages/medium/065901.jpg,2020-09-20 19:49:44,Average product rating out of 5: 4.7. Product score is based on 6 ratings,6,,True
6bee98be-c18c-4c13-b379-b3e12b579c5e,Woolworths Supermarket,Health & Beauty,Oscar Orsen Teasing & Backcombing Comb each,066486,$7.00,$7.00 / 1EA,https://www.woolworths.com.au/shop/productdetails/66486/oscar-orsen-teasing-backcombing-comb,https://cdn0.woolworths.media/content/wowproductimages/medium/066486.jpg,2020-09-20 19:49:44,,0,,True
4652bcac-8e82-47e7-bbc5-f2796451aa69,Woolworths Supermarket,Health & Beauty,Oscar Orsen Mini Polybands Black & Clear 100 pack,066487,$5.40,,https://www.woolworths.com.au/shop/productdetails/66487/oscar-orsen-mini-polybands-black-clear,https://cdn0.woolworths.media/content/wowproductimages/medium/066487.jpg,2020-09-20 19:49:44,,0,,True
e1595082-8b64-4e9d-8c57-12b51cb0ed3f,Woolworths Supermarket,Health & Beauty,Oscar Orsen Hair Coils Slim Clear & Black each,066488,$6.00,,https://www.woolworths.com.au/shop/productdetails/66488/oscar-orsen-hair-coils-slim-clear-black,https://cdn0.woolworths.media/content/wowproductimages/medium/066488.jpg,2020-09-20 19:49:44,,0,,True
80c14dbc-f9b7-4bf4-9f54-40b7c8bacc4b,Woolworths Supermarket,Health & Beauty,Oscar Orsen Half Claws Black & Shell 2 pack,066490,$4.00,,https://www.woolworths.com.au/shop/productdetails/66490/oscar-orsen-half-claws-black-shell,https://cdn0.woolworths.media/content/wowproductimages/medium/066490.jpg,2020-09-20 19:49:44,,0,,True
638f0ee8-56c0-445e-8e46-b42840cb3eec,Woolworths Supermarket,Health & Beauty,Oscar Orsen Claw Grip Size Xxl each,066491,$6.00,$6.00 / 1EA,https://www.woolworths.com.au/shop/productdetails/66491/oscar-orsen-claw-grip-size-xxl,https://cdn0.woolworths.media/content/wowproductimages/medium/066491.jpg,2020-09-20 19:49:44,,0,,True
cb5a0463-ddf6-4d7c-9d57-ad1040883c3a,Woolworths Supermarket,Health & Beauty,Oscar Orsen Mini Travel Small Grooming Brush each,066492,$6.00,,https://www.woolworths.com.au/shop/productdetails/66492/oscar-orsen-mini-travel-small-grooming-brush,https://cdn0.woolworths.media/content/wowproductimages/medium/066492.jpg,2020-09-20 19:49:44,,0,,True
0cab240e-0716-4865-88e0-1126435fed69,Woolworths Supermarket,Health & Beauty,Oscar Orsen Mini Travel Small Round Brush each,066493,$6.00,$6.00 / 1EA,https://www.woolworths.com.au/shop/productdetails/66493/oscar-orsen-mini-travel-small-round-brush,https://cdn0.woolworths.media/content/wowproductimages/medium/066493.jpg,2020-09-20 19:49:44,,0,,True
0623e29a-cf99-49cd-a941-9f825d6b3105,Woolworths Supermarket,Health & Beauty,Oscar Orsen Mini Travel Small Pad Brush each,066494,$6.00,,https://www.woolworths.com.au/shop/productdetails/66494/oscar-orsen-mini-travel-small-pad-brush,https://cdn0.woolworths.media/content/wowproductimages/medium/066494.jpg,2020-09-20 19:49:44,,0,,True
dfe86de0-7e56-499d-a724-a317b563fc74,Woolworths Supermarket,Health & Beauty,Natures Organics Turning Point 2 In 1 Normal Shampoo & Conditioner 400ml,066751,$2.85,$0.71 / 100ML,https://www.woolworths.com.au/shop/productdetails/66751/natures-organics-turning-point-2-in-1-normal-shampoo-conditioner,https://cdn0.woolworths.media/content/wowproductimages/medium/066751.jpg,2020-09-20 19:49:44,Average product rating out of 5: 4.9. Product score is based on 17 ratings,17,,True
c7bba35b-dc1d-4075-ac18-2f090b295755,Woolworths Supermarket,Health & Beauty,Bodiez Protein Water Berry Optimum 500ml,066760,$5.50,$1.10 / 100ML,https://www.woolworths.com.au/shop/productdetails/66760/bodiez-protein-water-berry-optimum,https://cdn0.woolworths.media/content/wowproductimages/medium/066760.jpg,2020-09-20 19:49:44,Average product rating out of 5: 3.3. Product score is based on 6 ratings,6,,True
1655372f-9768-4055-9138-563c25944d4c,Woolworths Supermarket,Health & Beauty,Bodiez Protein Water Kiwi Optimum 500ml,066761,$5.50,$1.10 / 100ML,https://www.woolworths.com.au/shop/productdetails/66761/bodiez-protein-water-kiwi-optimum,https://cdn0.woolworths.media/content/wowproductimages/medium/066761.jpg,2020-09-20 19:49:44,Average product rating out of 5: 4.2. Product score is based on 6 ratings,6,,True
fa03ea7b-caca-4189-9396-9a47a024a5ed,Woolworths Supermarket,Health & Beauty,Neutrogena T/gel Anti-dandruff Therapeutic Shampoo 200ml,068003,$13.00,$6.50 / 100ML,https://www.woolworths.com.au/shop/productdetails/68003/neutrogena-t-gel-anti-dandruff-therapeutic-shampoo,https://cdn0.woolworths.media/content/wowproductimages/medium/068003.jpg,2020-09-20 19:49:44,Average product rating out of 5: 4.9. Product score is based on 16 ratings,16,,True
1c7afefb-09f1-4916-b8cb-be8dad452200,Woolworths Supermarket,Health & Beauty,Rexona Men Advanced Protection Sport 220ml,068800,$3.75,$1.70 / 100ML,https://www.woolworths.com.au/shop/productdetails/68800/rexona-men-advanced-protection-sport,https://cdn0.woolworths.media/content/wowproductimages/medium/068800.jpg,2020-09-20 19:49:44,,0,,True
1f3dc3c1-98c0-4e08-9889-16fbd0e9b36a,Woolworths Supermarket,Health & Beauty,Rexona Men Advanced Protection Invisible Dry Black & White 220ml,068801,$3.75,$1.70 / 100ML,https://www.woolworths.com.au/shop/productdetails/68801/rexona-men-advanced-protection-invisible-dry-black-white,https://cdn0.woolworths.media/content/wowproductimages/medium/068801.jpg,2020-09-20 19:49:44,,0,,True
b80288d8-e592-4415-aa60-f99340a072bd,Woolworths Supermarket,Health & Beauty,Rexona Men Advanced Protection Workout 220ml,068832,$3.75,$1.70 / 100ML,https://www.woolworths.com.au/shop/productdetails/68832/rexona-men-advanced-protection-workout,https://cdn0.woolworths.media/content/wowproductimages/medium/068832.jpg,2020-09-20 19:49:44,,0,,True
788b91b3-8aab-4981-9dd1-a6c17afbc6ef,Woolworths Supermarket,Health & Beauty,Rexona Women Advanced Protection Antiperspirant Bright Bouquet 220ml,068833,$3.75,$1.70 / 100ML,https://www.woolworths.com.au/shop/productdetails/68833/rexona-women-advanced-protection-antiperspirant-bright-bouquet,https://cdn0.woolworths.media/content/wowproductimages/medium/068833.jpg,2020-09-20 19:49:44,,0,,True
0ace0b06-de8f-4d17-b00f-546f49320f21,Woolworths Supermarket,Health & Beauty,Rexona Women Advanced Protection Antiperspirant Shower Fresh 220ml,068835,$3.75,$1.70 / 100ML,https://www.woolworths.com.au/shop/productdetails/68835/rexona-women-advanced-protection-antiperspirant-shower-fresh,https://cdn0.woolworths.media/content/wowproductimages/medium/068835.jpg,2020-09-20 19:49:44,Average product rating out of 5: 5.0. Product score is based on 1 ratings,1,,True
48eacf93-0903-42ef-b540-4fe129f06df2,Woolworths Supermarket,Health & Beauty,Rexona Women Advanced Protection Invisible Dry Pure 220ml,068836,$3.75,$1.70 / 100ML,https://www.woolworths.com.au/shop/productdetails/68836/rexona-women-advanced-protection-invisible-dry-pure,https://cdn0.woolworths.media/content/wowproductimages/medium/068836.jpg,2020-09-20 19:49:44,,0,,True
3afe4ba8-483a-429b-9273-3435ccfd1b5d,Woolworths Supermarket,Health & Beauty,St Tropez Bronzing Water Face Mist 80ml,069623,$21.00,$26.25 / 100ML,https://www.woolworths.com.au/shop/productdetails/69623/st-tropez-bronzing-water-face-mist,https://cdn0.woolworths.media/content/wowproductimages/medium/069623.jpg,2020-09-20 19:49:44,,0,,True
9cec958a-559f-43b5-af4a-346c6dc443ba,Woolworths Supermarket,Health & Beauty,Garnier Skinactive Hydra Bomb Tissue Face Mask Sakura each,071404,$4.20,$4.20 / 1EA,https://www.woolworths.com.au/shop/productdetails/71404/garnier-skinactive-hydra-bomb-tissue-face-mask-sakura,https://cdn0.woolworths.media/content/wowproductimages/medium/071404.jpg,2020-09-20 19:49:44,,0,,True
12a3dff5-164c-455d-a200-4d8358078e01,Woolworths Supermarket,Health & Beauty,Ultrafresh Breath Fresheners Cool Mint Spray 12ml,071945,$3.45,$28.75 / 100ML,https://www.woolworths.com.au/shop/productdetails/71945/ultrafresh-breath-fresheners-cool-mint-spray,https://cdn0.woolworths.media/content/wowproductimages/medium/071945.jpg,2020-09-20 19:49:44,Average product rating out of 5: 5.0. Product score is based on 2 ratings,2,,True
685a8639-5b59-430b-8dd1-18b36534efb3,Woolworths Supermarket,Health & Beauty,Neutrogena Beach Defence Lotion Spf 50 400ml,072133,$18.00,$4.50 / 100ML,https://www.woolworths.com.au/shop/productdetails/72133/neutrogena-beach-defence-lotion-spf-50,https://cdn0.woolworths.media/content/wowproductimages/medium/072133.jpg,2020-09-20 19:49:44,,0,,True
97e3de87-fc37-4b0a-b342-623f64ff4068,Woolworths Supermarket,Health & Beauty,Trishave 3in1 Anti-rash Shave Creme With Tea Tree Oil For Men 100g,072160,$6.50,$6.50 / 100G,https://www.woolworths.com.au/shop/productdetails/72160/trishave-3in1-anti-rash-shave-creme-with-tea-tree-oil-for-men,https://cdn0.woolworths.media/content/wowproductimages/medium/072160.jpg,2020-09-20 19:49:44,Average product rating out of 5: 5.0. Product score is based on 1 ratings,1,,True
f803d55e-7194-4ce4-986f-fb35570c80e0,Woolworths Supermarket,Health & Beauty,Nivea Body Lotion Aloe & Hydration Normal To Dry Skin 400ml,072569,$8.00,,https://www.woolworths.com.au/shop/productdetails/72569/nivea-body-lotion-aloe-hydration-normal-to-dry-skin,https://cdn0.woolworths.media/content/wowproductimages/medium/072569.jpg,2020-09-20 19:49:44,Average product rating out of 5: 4.5. Product score is based on 2 ratings,2,,True
fd6189a0-17f0-4056-9575-5dad951e7bea,Woolworths Supermarket,Health & Beauty,L'oreal Revitalift Lifting Sheet Mask each,072648,$4.00,$13.33 / 100G,https://www.woolworths.com.au/shop/productdetails/72648/l-oreal-revitalift-lifting-sheet-mask,https://cdn0.woolworths.media/content/wowproductimages/medium/072648.jpg,2020-09-20 19:49:44,Average product rating out of 5: 4.7. Product score is based on 3 ratings,3,,True
f6528812-9c18-477f-9c28-7d4011ebf0c0,Woolworths Supermarket,Health & Beauty,Nivea Q10 Power Mature Night Cream Anti-wrinkle & Replenishing 50ml,072668,$24.00,$48.00 / 100ML,https://www.woolworths.com.au/shop/productdetails/72668/nivea-q10-power-mature-night-cream-anti-wrinkle-replenishing,https://cdn0.woolworths.media/content/wowproductimages/medium/072668.jpg,2020-09-20 19:49:44,Average product rating out of 5: 4.5. Product score is based on 4 ratings,4,,True
5406cfb3-6d0d-4897-a6ec-fd359c6eda89,Woolworths Supermarket,Health & Beauty,Nair Hair Removal Cream Bleach Face & Body 28g,072704,$14.00,$50.00 / 100G,https://www.woolworths.com.au/shop/productdetails/72704/nair-hair-removal-cream-bleach-face-body,https://cdn0.woolworths.media/content/wowproductimages/medium/072704.jpg,2020-09-20 19:49:44,Average product rating out of 5: 5.0. Product score is based on 2 ratings,2,,True
844c2268-f824-429f-ab79-98a14b0652e4,Woolworths Supermarket,Health & Beauty,Nivea Mattifying Day Cream Combination To Oily Skin 50ml,072707,$7.70,$15.40 / 100ML,https://www.woolworths.com.au/shop/productdetails/72707/nivea-mattifying-day-cream-combination-to-oily-skin,https://cdn0.woolworths.media/content/wowproductimages/medium/072707.jpg,2020-09-20 19:49:44,,0,,True
9b577ad8-b412-4d82-a095-3e295e389c81,Woolworths Supermarket,Health & Beauty,Priya Soap Bar Natural Sandalwood 100g,072792,$2.00,$2.00 / 100G,https://www.woolworths.com.au/shop/productdetails/72792/priya-soap-bar-natural-sandalwood,https://cdn0.woolworths.media/content/wowproductimages/medium/072792.jpg,2020-09-20 19:49:44,Average product rating out of 5: 4.9. Product score is based on 21 ratings,21,,True
c7843a18-dcec-4c87-80ff-9f24bdb3f350,Woolworths Supermarket,Health & Beauty,Nivea Q10 Power Mature Day Cream Anti-wrinkle & Replenishing 50ml,073004,$24.00,,https://www.woolworths.com.au/shop/productdetails/73004/nivea-q10-power-mature-day-cream-anti-wrinkle-replenishing,https://cdn0.woolworths.media/content/wowproductimages/medium/073004.jpg,2020-09-20 19:49:44,Average product rating out of 5: 4.0. Product score is based on 1 ratings,1,,True
fb6b1245-f0d9-43d7-952e-3a54542e4219,Woolworths Supermarket,Health & Beauty,Blackmores Travel Calm Tablets With Ginger 45 pack,073124,$11.49,$25.53 / 100EA,https://www.woolworths.com.au/shop/productdetails/73124/blackmores-travel-calm-tablets-with-ginger,https://cdn0.woolworths.media/content/wowproductimages/medium/073124.jpg,2020-09-20 19:49:44,Average product rating out of 5: 4.5. Product score is based on 2 ratings,2,,True
63a2b0ce-8df3-4f9d-87db-e67f8479b9c9,Woolworths Supermarket,Health & Beauty,L'oreal Paris Revitalift Filler Serum 30ml,073225,$22.50,$75.00 / 100ML,https://www.woolworths.com.au/shop/productdetails/73225/l-oreal-paris-revitalift-filler-serum,https://cdn0.woolworths.media/content/wowproductimages/medium/073225.jpg,2020-09-20 19:49:44,Average product rating out of 5: 5.0. Product score is based on 2 ratings,2,,True
7c76ce41-f65c-4315-9362-a3df6a2675f3,Woolworths Supermarket,Health & Beauty,Nivea Q10 Power Multi-action Pampering Oil 30ml,073226,$25.00,$83.33 / 100ML,https://www.woolworths.com.au/shop/productdetails/73226/nivea-q10-power-multi-action-pampering-oil,https://cdn0.woolworths.media/content/wowproductimages/medium/073226.jpg,2020-09-20 19:49:44,,0,,True
a43c3889-55d4-4995-8ff0-686ea4822f91,Woolworths Supermarket,Health & Beauty,Garnier Micellar Rose Cleansing Water Clean & Glow 400ml,073490,$10.50,$2.63 / 100ML,https://www.woolworths.com.au/shop/productdetails/73490/garnier-micellar-rose-cleansing-water-clean-glow,https://cdn0.woolworths.media/content/wowproductimages/medium/073490.jpg,2020-09-20 19:49:44,,0,,True
d05b82d2-ddaf-4b59-8bd8-76e721b10185,Woolworths Supermarket,Health & Beauty,Bondi Sands Aero Ultra Dark Self Tanning Foam 225ml,073908,$27.00,$12.00 / 100ML,https://www.woolworths.com.au/shop/productdetails/73908/bondi-sands-aero-ultra-dark-self-tanning-foam,https://cdn0.woolworths.media/content/wowproductimages/medium/073908.jpg,2020-09-20 19:49:44,,0,,True
599836ea-767e-4da7-834c-5b1ad7233ed9,Woolworths Supermarket,Health & Beauty,Nair Hair Removal Wax Easiwax Mini Strips 20 pack,073999,$9.00,$0.45 / 1EA,https://www.woolworths.com.au/shop/productdetails/73999/nair-hair-removal-wax-easiwax-mini-strips,https://cdn0.woolworths.media/content/wowproductimages/medium/073999.jpg,2020-09-20 19:49:44,Average product rating out of 5: 4.3. Product score is based on 6 ratings,6,,True
17a9d40b-d5c1-4002-9bf2-f83f00ec1ef4,Woolworths Supermarket,Health & Beauty,Rennie Indigestion & Heartburn Relief Spearmint Chewable Tablets 48 pack,074034,$7.50,$0.16 / 1EA,https://www.woolworths.com.au/shop/productdetails/74034/rennie-indigestion-heartburn-relief-spearmint-chewable-tablets,https://cdn0.woolworths.media/content/wowproductimages/medium/074034.jpg,2020-09-20 19:49:44,Average product rating out of 5: 4.8. Product score is based on 20 ratings,20,,True
964b11b6-251f-4411-a96e-dff1f697e53d,Woolworths Supermarket,Health & Beauty,Maybelline Falsies Lashlift Blackest Black each,074217,$15.00,,https://www.woolworths.com.au/shop/productdetails/74217/maybelline-falsies-lashlift-blackest-black,https://cdn0.woolworths.media/content/wowproductimages/medium/074217.jpg,2020-09-20 19:49:44,Average product rating out of 5: 4.5. Product score is based on 4 ratings,4,,True
e8cedcb1-5060-464d-838e-5450a02e3965,Woolworths Supermarket,Health & Beauty,Nivea Biodegradable Cleansing Wipes All Skin Types Aloe Vera 25 pack,074222,$8.00,$0.32 / 1EA,https://www.woolworths.com.au/shop/productdetails/74222/nivea-biodegradable-cleansing-wipes-all-skin-types-aloe-vera,https://cdn0.woolworths.media/content/wowproductimages/medium/074222.jpg,2020-09-20 19:49:44,,0,,True
f12b66c2-f5d4-4b62-8127-180d52f453e5,Woolworths Supermarket,Health & Beauty,Miss So Love Potion Perfume Mist Wild Berries & Jasmine 140ml,074647,$12.00,$8.57 / 100ML,https://www.woolworths.com.au/shop/productdetails/74647/miss-so-love-potion-perfume-mist-wild-berries-jasmine,https://cdn0.woolworths.media/content/wowproductimages/medium/074647.jpg,2020-09-20 19:49:44,,0,,True
c098abaa-c364-4975-ae17-4933384ad34d,Woolworths Supermarket,Health & Beauty,Nyal Sprays Nasal Decongestant 15ml,074708,$7.20,$48.00 / 100ML,https://www.woolworths.com.au/shop/productdetails/74708/nyal-sprays-nasal-decongestant,https://cdn0.woolworths.media/content/wowproductimages/medium/074708.jpg,2020-09-20 19:49:44,Average product rating out of 5: 5.0. Product score is based on 4 ratings,4,,True
090cb45a-4224-4ede-b8cd-8581654f0a57,Woolworths Supermarket,Health & Beauty,Toni & Guy Strength Plex Bond Repair Shampoo 250ml,075678,$16.00,$6.40 / 100ML,https://www.woolworths.com.au/shop/productdetails/75678/toni-guy-strength-plex-bond-repair-shampoo,https://cdn0.woolworths.media/content/wowproductimages/medium/075678.jpg,2020-09-20 19:49:44,,0,2 for $25.00,True
b96e7f96-7bab-4155-bac1-b763c7234adf,Woolworths Supermarket,Health & Beauty,Toni & Guy Long Lengths Conditioner 250ml,075679,$16.00,$6.40 / 100ML,https://www.woolworths.com.au/shop/productdetails/75679/toni-guy-long-lengths-conditioner,https://cdn0.woolworths.media/content/wowproductimages/medium/075679.jpg,2020-09-20 19:49:44,,0,2 for $25.00,True
49726311-e61e-4dbb-97b9-64943e11ecb1,Woolworths Supermarket,Health & Beauty,Norsca 0% Aluminium Antiperspirant Rosewater & Lotus Roll-on 50ml,075705,$5.00,$10.00 / 100ML,https://www.woolworths.com.au/shop/productdetails/75705/norsca-0-aluminium-antiperspirant-rosewater-lotus-roll-on,https://cdn0.woolworths.media/content/wowproductimages/medium/075705.jpg,2020-09-20 19:49:44,,0,,True
e7a17bac-0ce0-45a8-9efb-83c8977b0c6c,Woolworths Supermarket,Health & Beauty,Toni & Guy Strength Plex Bond Repair Conditioner 250ml,075773,$16.00,,https://www.woolworths.com.au/shop/productdetails/75773/toni-guy-strength-plex-bond-repair-conditioner,https://cdn0.woolworths.media/content/wowproductimages/medium/075773.jpg,2020-09-20 19:49:44,Average product rating out of 5: 5.0. Product score is based on 1 ratings,1,2 for $25.00,True
d5d9d8c1-41c9-4a80-b0ee-eeb1442c8707,Woolworths Supermarket,Health & Beauty,Toni & Guy Long Lengths Shampoo 250ml,075774,$16.00,$6.40 / 100ML,https://www.woolworths.com.au/shop/productdetails/75774/toni-guy-long-lengths-shampoo,https://cdn0.woolworths.media/content/wowproductimages/medium/075774.jpg,2020-09-20 19:49:44,,0,2 for $25.00,True
f9bf8daa-83c7-46c7-bb6c-5e53fecef5be,Woolworths Supermarket,Health & Beauty,Norsca 0% Aluminium Antiperspirant Refreshing Vetiver Deodorant 245ml,076024,$8.00,$5.33 / 100G,https://www.woolworths.com.au/shop/productdetails/76024/norsca-0-aluminium-antiperspirant-refreshing-vetiver-deodorant,https://cdn0.woolworths.media/content/wowproductimages/medium/076024.jpg,2020-09-20 19:49:44,,0,,True
413eda95-9e8f-4fb6-acf4-6260eb4556ea,Woolworths Supermarket,Health & Beauty,Olay Ultimate Hydration Calming Aloe Leaf & Chamomile Extract 98ml,076117,$24.50,$25.00 / 100ML,https://www.woolworths.com.au/shop/productdetails/76117/olay-ultimate-hydration-calming-aloe-leaf-chamomile-extract,https://cdn0.woolworths.media/content/wowproductimages/medium/076117.jpg,2020-09-20 19:49:44,,0,,True
c3a47aa1-5b50-4687-8e55-a3ca56a510d4,Woolworths Supermarket,Health & Beauty,Olay Ultimate Hydration Energizing Vitamin C & Bergamot 98ml,076146,$24.50,$25.00 / 100ML,https://www.woolworths.com.au/shop/productdetails/76146/olay-ultimate-hydration-energizing-vitamin-c-bergamot,https://cdn0.woolworths.media/content/wowproductimages/medium/076146.jpg,2020-09-20 19:49:44,Average product rating out of 5: 5.0. Product score is based on 1 ratings,1,,True
aac1391f-f5d7-49dd-a036-c5791189d04f,Woolworths Supermarket,Health & Beauty,Olay Daily Facials Water Activated Dry Cloths 33 pack,076147,$15.00,$0.45 / 1EA,https://www.woolworths.com.au/shop/productdetails/76147/olay-daily-facials-water-activated-dry-cloths,https://cdn0.woolworths.media/content/wowproductimages/medium/076147.jpg,2020-09-20 19:49:44,,0,,True
f434e435-72c6-430b-99f4-359e9be2f0d0,Woolworths Supermarket,Health & Beauty,Tom's Of Maine No Aluminium Women Deodorant Wild Lavender Stick 64g,076156,$10.00,$15.63 / 100G,https://www.woolworths.com.au/shop/productdetails/76156/tom-s-of-maine-no-aluminium-women-deodorant-wild-lavender-stick,https://cdn0.woolworths.media/content/wowproductimages/medium/076156.jpg,2020-09-20 19:49:44,,0,,True
e64ee885-fad1-401f-a90e-0305237a4613,Woolworths Supermarket,Health & Beauty,Glow Lab Rhubarb & Rose Body Wash 900ml,076176,$10.00,$1.11 / 100ML,https://www.woolworths.com.au/shop/productdetails/76176/glow-lab-rhubarb-rose-body-wash,https://cdn0.woolworths.media/content/wowproductimages/medium/076176.jpg,2020-09-20 19:49:44,Average product rating out of 5: 4.6. Product score is based on 5 ratings,5,,True
b9d5a799-1439-4223-a6e3-3cd635a676a9,Woolworths Supermarket,Health & Beauty,Method Body Wash Energy Boost 532ml,076177,,,https://www.woolworths.com.au/shop/productdetails/76177/method-body-wash-energy-boost,https://cdn0.woolworths.media/content/wowproductimages/medium/076177.jpg,2020-09-20 19:49:44,,0,,False
274991f1-2860-4468-8a6a-5dccf604c1c6,Woolworths Supermarket,Health & Beauty,Method Gel Hand Wash Refill Pink Grapefruit 1l,076179,$10.00,$1.00 / 100ML,https://www.woolworths.com.au/shop/productdetails/76179/method-gel-hand-wash-refill-pink-grapefruit,https://cdn0.woolworths.media/content/wowproductimages/medium/076179.jpg,2020-09-20 19:49:44,Average product rating out of 5: 4.8. Product score is based on 6 ratings,6,,True
d1141865-5cdf-4529-9540-eff67281f25a,Woolworths Supermarket,Health & Beauty,Glow Lab Citrus & Bergamot Body Wash 900ml,076260,$10.00,$1.11 / 100ML,https://www.woolworths.com.au/shop/productdetails/76260/glow-lab-citrus-bergamot-body-wash,https://cdn0.woolworths.media/content/wowproductimages/medium/076260.jpg,2020-09-20 19:49:44,Average product rating out of 5: 5.0. Product score is based on 3 ratings,3,,True
0afed9fd-11d1-453e-b6f9-0cb64c0d1f98,Woolworths Supermarket,Health & Beauty,Method Body Wash Simply Nourish 532ml,076261,$6.40,$1.20 / 100ML,https://www.woolworths.com.au/shop/productdetails/76261/method-body-wash-simply-nourish,https://cdn0.woolworths.media/content/wowproductimages/medium/076261.jpg,2020-09-20 19:49:44,Average product rating out of 5: 4.5. Product score is based on 2 ratings,2,,True
5f037f2a-270d-4aa5-baec-d6d3cb811489,Woolworths Supermarket,Health & Beauty,Veet Hair Removal Wax Warm 375g,076401,$14.00,$3.73 / 100G,https://www.woolworths.com.au/shop/productdetails/76401/veet-hair-removal-wax-warm,https://cdn0.woolworths.media/content/wowproductimages/medium/076401.jpg,2020-09-20 19:49:44,Average product rating out of 5: 4.0. Product score is based on 8 ratings,8,,True
ab0be4bc-51b8-4d89-912a-8a092edb3235,Woolworths Supermarket,Health & Beauty,Nivea Deep Espresso Roll On Antiperspirant Deodorant 50ml,076582,$3.50,$7.00 / 100ML,https://www.woolworths.com.au/shop/productdetails/76582/nivea-deep-espresso-roll-on-antiperspirant-deodorant,https://cdn0.woolworths.media/content/wowproductimages/medium/076582.jpg,2020-09-20 19:49:44,,0,Was $4.00 23/06/2016,True
568d15b5-99f7-4916-b3e5-1d0680850703,Woolworths Supermarket,Health & Beauty,Tom's Of Maine Natural Powder Women Antiperspirant Deodorant Stick 64g,076633,$11.00,$17.19 / 100G,https://www.woolworths.com.au/shop/productdetails/76633/tom-s-of-maine-natural-powder-women-antiperspirant-deodorant-stick,https://cdn0.woolworths.media/content/wowproductimages/medium/076633.jpg,2020-09-20 19:49:44,,0,,True
820976cd-283c-490d-8c55-a5870942e4cd,Woolworths Supermarket,Health & Beauty,Nivea Deep Amazonia Roll On Antiperspirant Deodorant 50ml,076714,$3.50,$7.00 / 100ML,https://www.woolworths.com.au/shop/productdetails/76714/nivea-deep-amazonia-roll-on-antiperspirant-deodorant,https://cdn0.woolworths.media/content/wowproductimages/medium/076714.jpg,2020-09-20 19:49:44,,0,Was $4.00 23/06/2016,True
dddf3c73-403a-4426-b928-ff860c55e310,Woolworths Supermarket,Health & Beauty,Mitchum Women Roll-on Antiperspirant & Deodorant 50ml,076752,$3.80,$7.60 / 100ML,https://www.woolworths.com.au/shop/productdetails/76752/mitchum-women-roll-on-antiperspirant-deodorant,https://cdn0.woolworths.media/content/wowproductimages/medium/076752.jpg,2020-09-20 19:49:44,Average product rating out of 5: 5.0. Product score is based on 4 ratings,4,,True
de36b574-c383-4598-8632-63aa23c63a27,Woolworths Supermarket,Health & Beauty,Tom's Of Maine Natural Men Antiperspirant Deodorant North Woods Stick 64g,076805,$11.00,$17.19 / 100G,https://www.woolworths.com.au/shop/productdetails/76805/tom-s-of-maine-natural-men-antiperspirant-deodorant-north-woods-stick,https://cdn0.woolworths.media/content/wowproductimages/medium/076805.jpg,2020-09-20 19:49:44,,0,,True
15e74da3-5338-4417-888c-bf4718489350,Woolworths Supermarket,Health & Beauty,Norsca 0% Aluminium Antiperspirant Rosewater & Lotus Deodorant 245ml,077192,$8.00,$5.33 / 100G,https://www.woolworths.com.au/shop/productdetails/77192/norsca-0-aluminium-antiperspirant-rosewater-lotus-deodorant,https://cdn0.woolworths.media/content/wowproductimages/medium/077192.jpg,2020-09-20 19:49:44,,0,,True
81b509a5-9bb1-4ce8-880c-dfc69cdb2966,Woolworths Supermarket,Health & Beauty,Stayfree Pads Super No Wings 18 pack,077341,$3.90,$0.22 / 1EA,https://www.woolworths.com.au/shop/productdetails/77341/stayfree-pads-super-no-wings,https://cdn0.woolworths.media/content/wowproductimages/medium/077341.jpg,2020-09-20 19:49:44,,0,,True
7f87db3a-c442-4c9d-9f6d-488c2008fcb6,Woolworths Supermarket,Health & Beauty,Stayfree Pads Regular No Wings 20 pack,077342,$3.90,$0.20 / 1EA,https://www.woolworths.com.au/shop/productdetails/77342/stayfree-pads-regular-no-wings,https://cdn0.woolworths.media/content/wowproductimages/medium/077342.jpg,2020-09-20 19:49:44,,0,,True
d35c3f49-5857-4c42-81af-6cc14327d2a7,Woolworths Supermarket,Health & Beauty,Miss So Secret Crush Perfume Mist Peony & Musk 140ml,077367,$12.00,$8.57 / 100ML,https://www.woolworths.com.au/shop/productdetails/77367/miss-so-secret-crush-perfume-mist-peony-musk,https://cdn0.woolworths.media/content/wowproductimages/medium/077367.jpg,2020-09-20 19:49:44,,0,,True
bfeebb97-a96e-4f95-9a1a-c02f50b31836,Woolworths Supermarket,Health & Beauty,Anusol Haemorrhoidal Ointment 50g,077551,$9.40,$18.80 / 100G,https://www.woolworths.com.au/shop/productdetails/77551/anusol-haemorrhoidal-ointment,https://cdn0.woolworths.media/content/wowproductimages/medium/077551.jpg,2020-09-20 19:49:44,Average product rating out of 5: 5.0. Product score is based on 3 ratings,3,,True
e0f19f72-49ce-4aa2-9a45-75c673d03d4c,Woolworths Supermarket,Health & Beauty,Anusol Haemorrhoidal Suppositories 12pk,077556,$8.20,$0.68 / 1EA,https://www.woolworths.com.au/shop/productdetails/77556/anusol-haemorrhoidal-suppositories,https://cdn0.woolworths.media/content/wowproductimages/medium/077556.jpg,2020-09-20 19:49:44,Average product rating out of 5: 5.0. Product score is based on 1 ratings,1,,True
99cff327-08e5-4861-a27b-eecaf2c06eaa,Woolworths Supermarket,Health & Beauty,Dettol Parents Approval Handwash Refill Jasmine 950ml,077664,$8.50,$0.89 / 100ML,https://www.woolworths.com.au/shop/productdetails/77664/dettol-parents-approval-handwash-refill-jasmine,https://cdn0.woolworths.media/content/wowproductimages/medium/077664.jpg,2020-09-20 19:49:44,Average product rating out of 5: 4.0. Product score is based on 5 ratings,5,,True
bea6946f-bd9e-4357-81d2-9714c23faf5a,Woolworths Supermarket,Health & Beauty,Dettol Parents Approval Handwash Refill Citrus 950ml,077665,$8.50,$0.89 / 100ML,https://www.woolworths.com.au/shop/productdetails/77665/dettol-parents-approval-handwash-refill-citrus,https://cdn0.woolworths.media/content/wowproductimages/medium/077665.jpg,2020-09-20 19:49:44,,0,,True
e2b192be-441f-4c26-a537-17e5f465092e,Woolworths Supermarket,Health & Beauty,Nivea Men Deep Amazonia Aerosol Antiperspirant Deodorant 250ml,077792,$6.50,$2.60 / 100ML,https://www.woolworths.com.au/shop/productdetails/77792/nivea-men-deep-amazonia-aerosol-antiperspirant-deodorant,https://cdn0.woolworths.media/content/wowproductimages/medium/077792.jpg,2020-09-20 19:49:44,,0,,True
4e55236c-f5e7-4a9f-ab52-8aa9a7d958d9,Woolworths Supermarket,Health & Beauty,Organic Care Pump Handwash Vanilla Shea 400ml,077827,$5.00,$1.25 / 100ML,https://www.woolworths.com.au/shop/productdetails/77827/organic-care-pump-handwash-vanilla-shea,https://cdn0.woolworths.media/content/wowproductimages/medium/077827.jpg,2020-09-20 19:49:44,Average product rating out of 5: 4.3. Product score is based on 9 ratings,9,,True
8a50dca0-3957-4715-adb1-679dbe25379f,Woolworths Supermarket,Health & Beauty,Nivea Men Deep Espresso Aerosol Antiperspirant Deodorant 250ml,077832,$6.50,$2.60 / 100ML,https://www.woolworths.com.au/shop/productdetails/77832/nivea-men-deep-espresso-aerosol-antiperspirant-deodorant,https://cdn0.woolworths.media/content/wowproductimages/medium/077832.jpg,2020-09-20 19:49:44,Average product rating out of 5: 5.0. Product score is based on 1 ratings,1,,True
b258c7e1-6cbb-4810-bc31-79dad6b71318,Woolworths Supermarket,Health & Beauty,Mcobeauty Big Lash Maximum Volume Mascara Black each,077836,$11.90,$8.50 / 10ML,https://www.woolworths.com.au/shop/productdetails/77836/mcobeauty-big-lash-maximum-volume-mascara-black,https://cdn0.woolworths.media/content/wowproductimages/medium/077836.jpg,2020-09-20 19:49:44,,0,,True
a6cf508b-d823-4950-949d-f8c4a15daa0c,Woolworths Supermarket,Health & Beauty,Panadol Rapid Soluble Tablets For Pain Relief Paracetamol 500mg 20 pack,077838,$5.50,$0.28 / 1EA,https://www.woolworths.com.au/shop/productdetails/77838/panadol-rapid-soluble-tablets-for-pain-relief-paracetamol-500mg,https://cdn0.woolworths.media/content/wowproductimages/medium/077838.jpg,2020-09-20 19:49:44,Average product rating out of 5: 4.5. Product score is based on 16 ratings,16,,True
3b600156-5a49-4e6d-9d25-07312a5bf88a,Woolworths Supermarket,Health & Beauty,Freshwater Farm Australia Kakadu Plum & Australian Red Clay Replenishing Body Bar 200g,077845,$4.50,$2.25 / 100G,https://www.woolworths.com.au/shop/productdetails/77845/freshwater-farm-australia-kakadu-plum-australian-red-clay-replenishing-body-bar,https://cdn0.woolworths.media/content/wowproductimages/medium/077845.jpg,2020-09-20 19:49:44,Average product rating out of 5: 5.0. Product score is based on 4 ratings,4,,True
ddbfb6d8-9814-4d4c-ab51-4a229cf947d6,Woolworths Supermarket,Health & Beauty,Cover Girl & Olay Simply Ageless Foundation 225 Buff Beige 12g,077847,$26.00,$21.67 / 10G,https://www.woolworths.com.au/shop/productdetails/77847/cover-girl-olay-simply-ageless-foundation-225-buff-beige,https://cdn0.woolworths.media/content/wowproductimages/medium/077847.jpg,2020-09-20 19:49:44,,0,,True
cc437394-35b0-47b6-b673-4d265be55928,Woolworths Supermarket,Health & Beauty,White Glo Accelerator Refill Whitening Gel 100ml,077848,$15.00,$15.00 / 100ML,https://www.woolworths.com.au/shop/productdetails/77848/white-glo-accelerator-refill-whitening-gel,https://cdn0.woolworths.media/content/wowproductimages/medium/077848.jpg,2020-09-20 19:49:44,,0,,True
1c65c06c-d3c5-46f3-b6c1-662a3cdef812,Woolworths Supermarket,Health & Beauty,Palmolive Micellar Body Wash Cotton 0% Shower Gel 400ml,077851,$7.00,$1.75 / 100ML,https://www.woolworths.com.au/shop/productdetails/77851/palmolive-micellar-body-wash-cotton-0-shower-gel,https://cdn0.woolworths.media/content/wowproductimages/medium/077851.jpg,2020-09-20 19:49:44,,0,,True
261e5fc3-cb62-4798-adc6-85fd0fb851ef,Woolworths Supermarket,Health & Beauty,Mcobeauty Instant Erase Concealer 03 Medium 6ml,077864,$11.20,$18.67 / 10ML,https://www.woolworths.com.au/shop/productdetails/77864/mcobeauty-instant-erase-concealer-03-medium,https://cdn0.woolworths.media/content/wowproductimages/medium/077864.jpg,2020-09-20 19:49:44,,0,,True
a5ff5171-1dc8-4a64-99e1-684f50565695,Woolworths Supermarket,Health & Beauty,Mcobeauty Duo Brow Crayon & Highlighter Medium/dark each,077865,$10.50,$109.38 / 10G,https://www.woolworths.com.au/shop/productdetails/77865/mcobeauty-duo-brow-crayon-highlighter-medium-dark,https://cdn0.woolworths.media/content/wowproductimages/medium/077865.jpg,2020-09-20 19:49:44,,0,,True
ee2072c6-60bb-45a8-a1d2-15651d0c2707,Woolworths Supermarket,Health & Beauty,Rimmel Matte Primer 30ml,077868,$15.00,$5.00 / 10ML,https://www.woolworths.com.au/shop/productdetails/77868/rimmel-matte-primer,https://cdn0.woolworths.media/content/wowproductimages/medium/077868.jpg,2020-09-20 19:49:44,,0,,True
479c4501-3af3-4f12-bf23-a1ac76ad96b2,Woolworths Supermarket,Health & Beauty,Bic Flex 3 Hybrid Shaver 5 pack,077869,$4.00,$0.80 / 1EA,https://www.woolworths.com.au/shop/productdetails/77869/bic-flex-3-hybrid-shaver,https://cdn0.woolworths.media/content/wowproductimages/medium/077869.jpg,2020-09-20 19:49:44,,0,,True
676e0369-7d15-40bb-b62c-cd7a4a008de6,Woolworths Supermarket,Health & Beauty,Mcobeauty Duo Brow Crayon & Highlighter Medium Brown each,077953,$10.50,$109.38 / 10G,https://www.woolworths.com.au/shop/productdetails/77953/mcobeauty-duo-brow-crayon-highlighter-medium-brown,https://cdn0.woolworths.media/content/wowproductimages/medium/077953.jpg,2020-09-20 19:49:44,,0,,True
f1506a21-d516-44bb-99af-501a3b9d5901,Woolworths Supermarket,Health & Beauty,Myaura Antiperspirant Roll On Deodorant Geranium Lavender 75ml,077959,$9.00,$12.00 / 100ML,https://www.woolworths.com.au/shop/productdetails/77959/myaura-antiperspirant-roll-on-deodorant-geranium-lavender,https://cdn0.woolworths.media/content/wowproductimages/medium/077959.jpg,2020-09-20 19:49:44,,0,,True
a8b1f9d4-43d1-4b28-9492-070b8b9f69ec,Woolworths Supermarket,Health & Beauty,Caredent Interbrush In A Box 30 pack,078060,$7.00,$0.23 / 1EA,https://www.woolworths.com.au/shop/productdetails/78060/caredent-interbrush-in-a-box,https://cdn0.woolworths.media/content/wowproductimages/medium/078060.jpg,2020-09-20 19:49:44,,0,,True
f6350cce-44be-46f7-a3a6-3eac716821f5,Woolworths Supermarket,Health & Beauty,"Palmolive Travel Hand Sanitiser, Shampoo , Conditioner & Body Wash each",078075,$8.00,$8.00 / 1EA,https://www.woolworths.com.au/shop/productdetails/78075/palmolive-travel-hand-sanitiser-shampoo-conditioner-body-wash,https://cdn0.woolworths.media/content/wowproductimages/medium/078075.jpg,2020-09-20 19:49:44,,0,,True
237e59d1-4bfa-497c-943b-a7eb975c3516,Woolworths Supermarket,Health & Beauty,Mcobeauty Long Lasting Liquid Metallic Eyeshadow Luna 8ml,078085,$10.50,$13.13 / 10ML,https://www.woolworths.com.au/shop/productdetails/78085/mcobeauty-long-lasting-liquid-metallic-eyeshadow-luna,https://cdn0.woolworths.media/content/wowproductimages/medium/078085.jpg,2020-09-20 19:49:44,,0,,True
bfcd46f8-6753-422e-8ebc-08f8d9876e3b,Woolworths Supermarket,Health & Beauty,Mcobeauty Duo Brow Crayon & Highlighter Blonde Light/medium each,078086,$10.50,$109.38 / 10G,https://www.woolworths.com.au/shop/productdetails/78086/mcobeauty-duo-brow-crayon-highlighter-blonde-light-medium,https://cdn0.woolworths.media/content/wowproductimages/medium/078086.jpg,2020-09-20 19:49:44,,0,,True
aae5ce4c-5966-42d0-9b9a-87cb9a851fe6,Woolworths Supermarket,Health & Beauty,Mcobeauty Cheek & Lip Tint Tango each,078087,,,https://www.woolworths.com.au/shop/productdetails/78087/mcobeauty-cheek-lip-tint-tango,https://cdn0.woolworths.media/content/wowproductimages/medium/078087.jpg,2020-09-20 19:49:44,,0,,False
279b39f2-773f-4aac-894c-c67081bc88f1,Woolworths Supermarket,Health & Beauty,Rimmel Wonder Ink Eyeliner/traceur Black 1.6g,078100,$17.00,$106.25 / 10G,https://www.woolworths.com.au/shop/productdetails/78100/rimmel-wonder-ink-eyeliner-traceur-black,https://cdn0.woolworths.media/content/wowproductimages/medium/078100.jpg,2020-09-20 19:49:44,,0,,True
244e947b-2c5b-4474-b29f-df80f206f0eb,Woolworths Supermarket,Health & Beauty,Bic Flex 2 Hybrid Shaver 10 pack,078108,$4.75,$0.48 / 1EA,https://www.woolworths.com.au/shop/productdetails/78108/bic-flex-2-hybrid-shaver,https://cdn0.woolworths.media/content/wowproductimages/medium/078108.jpg,2020-09-20 19:49:44,,0,,True
ea32e28a-6a65-4382-92a1-474e319a27b2,Woolworths Supermarket,Health & Beauty,Mcobeauty Sheer Lip Balm Peach 15g,078113,$7.00,$4.67 / 10G,https://www.woolworths.com.au/shop/productdetails/78113/mcobeauty-sheer-lip-balm-peach,https://cdn0.woolworths.media/content/wowproductimages/medium/078113.jpg,2020-09-20 19:49:44,,0,,True
5839cbd9-dd0f-4be4-886a-d5eb2f812a3f,Woolworths Supermarket,Health & Beauty,Brutal Truth Antiperspirant Roll On Rustic & Woody 75ml,078120,$10.00,$13.33 / 100ML,https://www.woolworths.com.au/shop/productdetails/78120/brutal-truth-antiperspirant-roll-on-rustic-woody,https://cdn0.woolworths.media/content/wowproductimages/medium/078120.jpg,2020-09-20 19:49:44,,0,,True
5a9c9fd0-0688-4683-aaac-78061ce15610,Woolworths Supermarket,Health & Beauty,Thankyou. Body Wash Botanical Cedarwood 1l,078178,$13.00,$1.30 / 100ML,https://www.woolworths.com.au/shop/productdetails/78178/thankyou-body-wash-botanical-cedarwood,https://cdn0.woolworths.media/content/wowproductimages/medium/078178.jpg,2020-09-20 19:49:44,Average product rating out of 5: 4.7. Product score is based on 3 ratings,3,,True
388056d0-55a1-4e6d-b1c6-8c99fff82703,Woolworths Supermarket,Health & Beauty,Mcobeauty Matte Cream Lip Crayon Bliss 2.8g,078182,$7.00,$25.00 / 10G,https://www.woolworths.com.au/shop/productdetails/78182/mcobeauty-matte-cream-lip-crayon-bliss,https://cdn0.woolworths.media/content/wowproductimages/medium/078182.jpg,2020-09-20 19:49:44,,0,,True
0af6b81c-eb6a-4c43-b137-0cea99916cb9,Woolworths Supermarket,Health & Beauty,Rimmel Volume On Demand Mascara Black each,078183,$19.00,$15.83 / 10ML,https://www.woolworths.com.au/shop/productdetails/78183/rimmel-volume-on-demand-mascara-black,https://cdn0.woolworths.media/content/wowproductimages/medium/078183.jpg,2020-09-20 19:49:44,,0,,True
a212917c-e066-46ac-8f8f-3680cda53373,Woolworths Supermarket,Health & Beauty,Dencorub Cream Arthritis Cream 100g,078193,$5.60,$5.60 / 100G,https://www.woolworths.com.au/shop/productdetails/78193/dencorub-cream-arthritis-cream,https://cdn0.woolworths.media/content/wowproductimages/medium/078193.jpg,2020-09-20 19:49:44,Average product rating out of 5: 4.8. Product score is based on 5 ratings,5,,True
3fec8e58-2675-4853-a71c-9f198dad0a57,Woolworths Supermarket,Health & Beauty,Mcobeauty Instant Erase Concealer 02 Light 6ml,078204,$11.20,$18.67 / 10ML,https://www.woolworths.com.au/shop/productdetails/78204/mcobeauty-instant-erase-concealer-02-light,https://cdn0.woolworths.media/content/wowproductimages/medium/078204.jpg,2020-09-20 19:49:44,,0,,True
6556d0c9-cf87-453d-bbdc-91fbf24292b9,Woolworths Supermarket,Health & Beauty,Mcobeauty Moisturising Pressed Glitter Palette each,078205,$7.00,$200.00 / 10G,https://www.woolworths.com.au/shop/productdetails/78205/mcobeauty-moisturising-pressed-glitter-palette,https://cdn0.woolworths.media/content/wowproductimages/medium/078205.jpg,2020-09-20 19:49:44,,0,,True
94caf9e6-2330-474a-af5f-602bb7c62983,Woolworths Supermarket,Health & Beauty,Ecostore Body Wash Vanilla & Coconut 900ml,078207,$14.00,$1.56 / 100ML,https://www.woolworths.com.au/shop/productdetails/78207/ecostore-body-wash-vanilla-coconut,https://cdn0.woolworths.media/content/wowproductimages/medium/078207.jpg,2020-09-20 19:49:44,,0,,True
48719945-b2d3-47c2-bec9-022905123a01,Woolworths Supermarket,Health & Beauty,Carmex Moisturising Lip Balm Watermelon 7.5g,078211,$5.50,$7.33 / 10G,https://www.woolworths.com.au/shop/productdetails/78211/carmex-moisturising-lip-balm-watermelon,https://cdn0.woolworths.media/content/wowproductimages/medium/078211.jpg,2020-09-20 19:49:44,,0,,True
54254b8b-8e0c-40b6-9a70-46829b349bec,Woolworths Supermarket,Health & Beauty,Thankyou. Body Wash Botanical Cedarwood 500ml,078282,$8.00,$1.60 / 100ML,https://www.woolworths.com.au/shop/productdetails/78282/thankyou-body-wash-botanical-cedarwood,https://cdn0.woolworths.media/content/wowproductimages/medium/078282.jpg,2020-09-20 19:49:44,Average product rating out of 5: 4.7. Product score is based on 3 ratings,3,,True
f9438dd3-6107-4ecb-96f3-f0914088cc3b,Woolworths Supermarket,Health & Beauty,Mcobeauty Matte Cream Lip Crayon Dream 2.8g,078283,$7.00,$25.00 / 10G,https://www.woolworths.com.au/shop/productdetails/78283/mcobeauty-matte-cream-lip-crayon-dream,https://cdn0.woolworths.media/content/wowproductimages/medium/078283.jpg,2020-09-20 19:49:44,,0,,True
41442070-75eb-40c9-9fdf-e9d402af1e2a,Woolworths Supermarket,Health & Beauty,Mcobeauty Cheek & Lip Tint Dusk each,078308,$7.00,$205.88 / 10ML,https://www.woolworths.com.au/shop/productdetails/78308/mcobeauty-cheek-lip-tint-dusk,https://cdn0.woolworths.media/content/wowproductimages/medium/078308.jpg,2020-09-20 19:49:44,,0,,True
1b91480b-0e45-4671-bdb6-9b958d701159,Woolworths Supermarket,Health & Beauty,Colgate Proclinical 500r Whitening Electric Toothbrush each,078345,$70.00,$70.00 / 1EA,https://www.woolworths.com.au/shop/productdetails/78345/colgate-proclinical-500r-whitening-electric-toothbrush,https://cdn0.woolworths.media/content/wowproductimages/medium/078345.jpg,2020-09-20 19:49:44,,0,,True
b075b9ba-2721-4625-ae66-ed79c39d1777,Woolworths Supermarket,Health & Beauty,Ogx Extra Volume Biotin & Collagen Shampoo 385ml,078350,$10.50,$2.73 / 100ML,https://www.woolworths.com.au/shop/productdetails/78350/ogx-extra-volume-biotin-collagen-shampoo,https://cdn0.woolworths.media/content/wowproductimages/medium/078350.jpg,2020-09-20 19:49:44,,0,,True
85e7930b-a41c-43a7-a71f-8ad1f160c5be,Woolworths Supermarket,Health & Beauty,Rimmel Volume On Demand Mascara Brown each,078586,$19.00,$15.83 / 10ML,https://www.woolworths.com.au/shop/productdetails/78586/rimmel-volume-on-demand-mascara-brown,https://cdn0.woolworths.media/content/wowproductimages/medium/078586.jpg,2020-09-20 19:49:44,,0,,True
3e5872cd-f964-454c-8a53-656f4fb4ea37,Woolworths Supermarket,Health & Beauty,Freshwater Farm Australia Lemon Myrtle Oil + Manuka Honey Soothing Body Bar 200g,078588,$4.50,$2.25 / 100G,https://www.woolworths.com.au/shop/productdetails/78588/freshwater-farm-australia-lemon-myrtle-oil-manuka-honey-soothing-body-bar,https://cdn0.woolworths.media/content/wowproductimages/medium/078588.jpg,2020-09-20 19:49:44,Average product rating out of 5: 4.7. Product score is based on 14 ratings,14,,True
f8a21759-d659-43f4-a9b8-da5eab7b793a,Woolworths Supermarket,Health & Beauty,Impulse Body Spray Burnt Marshmallow & Leather Jacket 75ml,078719,$4.00,$5.33 / 100ML,https://www.woolworths.com.au/shop/productdetails/78719/impulse-body-spray-burnt-marshmallow-leather-jacket,https://cdn0.woolworths.media/content/wowproductimages/medium/078719.jpg,2020-09-20 19:49:44,Average product rating out of 5: 4.3. Product score is based on 6 ratings,6,Was $5 23/06/16,True
2bb0dafb-7d14-4b9e-87ed-6de289b032c5,Woolworths Supermarket,Health & Beauty,Lynx Dark Temptation Deodorant Bodyspray 165ml,078738,$4.90,$2.97 / 100ML,https://www.woolworths.com.au/shop/productdetails/78738/lynx-dark-temptation-deodorant-bodyspray,https://cdn0.woolworths.media/content/wowproductimages/medium/078738.jpg,2020-09-20 19:49:44,Average product rating out of 5: 5.0. Product score is based on 2 ratings,2,,True
dbb1b955-f4c8-4eb3-b1fb-74a3f4b5ed21,Woolworths Supermarket,Health & Beauty,Lynx Anarchy For Her Deodorant Spray 165ml,078739,$4.90,$2.97 / 100ML,https://www.woolworths.com.au/shop/productdetails/78739/lynx-anarchy-for-her-deodorant-spray,https://cdn0.woolworths.media/content/wowproductimages/medium/078739.jpg,2020-09-20 19:49:44,Average product rating out of 5: 5.0. Product score is based on 1 ratings,1,,True
afc20061-e4c7-44fa-9872-71137727c721,Woolworths Supermarket,Health & Beauty,Lynx Lift Your Game Deodorant Bodyspray 165ml,078741,$4.90,$2.97 / 100ML,https://www.woolworths.com.au/shop/productdetails/78741/lynx-lift-your-game-deodorant-bodyspray,https://cdn0.woolworths.media/content/wowproductimages/medium/078741.jpg,2020-09-20 19:49:44,Average product rating out of 5: 4.3. Product score is based on 6 ratings,6,,True
bd39aa12-2fe7-447d-b21c-b9ab08155663,Woolworths Supermarket,Health & Beauty,Dettol Instant Hand Sanitiser 500ml,078747,$12.00,$2.40 / 100ML,https://www.woolworths.com.au/shop/productdetails/78747/dettol-instant-hand-sanitiser,https://cdn0.woolworths.media/content/wowproductimages/medium/078747.jpg,2020-09-20 19:49:44,,0,,True
39739cde-06e6-4f8c-9c6a-d9e24399cd13,Woolworths Supermarket,Health & Beauty,Lynx Black Deodorant Bodyspray 165ml,078754,$4.90,$2.97 / 100ML,https://www.woolworths.com.au/shop/productdetails/78754/lynx-black-deodorant-bodyspray,https://cdn0.woolworths.media/content/wowproductimages/medium/078754.jpg,2020-09-20 19:49:44,Average product rating out of 5: 5.0. Product score is based on 1 ratings,1,,True
ca25e81a-e6da-42b8-852e-ef90948dbcaf,Woolworths Supermarket,Health & Beauty,Lynx Black Night Deodorant Bodyspray 165ml,078756,$4.90,$2.97 / 100ML,https://www.woolworths.com.au/shop/productdetails/78756/lynx-black-night-deodorant-bodyspray,https://cdn0.woolworths.media/content/wowproductimages/medium/078756.jpg,2020-09-20 19:49:44,Average product rating out of 5: 2.0. Product score is based on 1 ratings,1,,True
89f02033-1728-45f0-b40b-2da485de11af,Woolworths Supermarket,Health & Beauty,Lynx Africa Deodorant Bodyspray 165ml,078757,$4.90,$2.97 / 100ML,https://www.woolworths.com.au/shop/productdetails/78757/lynx-africa-deodorant-bodyspray,https://cdn0.woolworths.media/content/wowproductimages/medium/078757.jpg,2020-09-20 19:49:44,Average product rating out of 5: 4.5. Product score is based on 4 ratings,4,,True
f7e08f1b-bff9-47fa-81d3-d965387d114d,Woolworths Supermarket,Health & Beauty,Lynx Black Antiperspirant Deodorant 165ml,078760,$4.90,$2.97 / 100ML,https://www.woolworths.com.au/shop/productdetails/78760/lynx-black-antiperspirant-deodorant,https://cdn0.woolworths.media/content/wowproductimages/medium/078760.jpg,2020-09-20 19:49:44,Average product rating out of 5: 5.0. Product score is based on 2 ratings,2,,True
81a65a89-d47e-4496-905a-279fa3f3dcc6,Woolworths Supermarket,Health & Beauty,Lynx Africa Antiperspirant 165ml,078762,$4.90,$2.97 / 100ML,https://www.woolworths.com.au/shop/productdetails/78762/lynx-africa-antiperspirant,https://cdn0.woolworths.media/content/wowproductimages/medium/078762.jpg,2020-09-20 19:49:44,,0,,True
72c7ff64-49d9-4fa2-a544-a367dc24d623,Woolworths Supermarket,Health & Beauty,Lynx Collision Leather & Cookies Deodorant Bodyspray 165ml,078763,$4.90,$2.97 / 100ML,https://www.woolworths.com.au/shop/productdetails/78763/lynx-collision-leather-cookies-deodorant-bodyspray,https://cdn0.woolworths.media/content/wowproductimages/medium/078763.jpg,2020-09-20 19:49:44,Average product rating out of 5: 5.0. Product score is based on 4 ratings,4,,True
a6249b01-d9a9-4262-994d-e723f506ec54,Woolworths Supermarket,Health & Beauty,Essentials Aspirin 300mg Tablets 24 pack,078972,$0.95,$0.04 / 1EA,https://www.woolworths.com.au/shop/productdetails/78972/essentials-aspirin-300mg-tablets,https://cdn0.woolworths.media/content/wowproductimages/medium/078972.jpg,2020-09-20 19:49:44,Average product rating out of 5: 4.7. Product score is based on 14 ratings,14,,True
d8a7babe-3c0f-4e42-a2f8-96b170c8e7ba,Woolworths Supermarket,Health & Beauty,Mcobeauty Long Lasting Liquid Metallic Eyeshadow Showstopper 8ml,079119,$10.50,$13.13 / 10ML,https://www.woolworths.com.au/shop/productdetails/79119/mcobeauty-long-lasting-liquid-metallic-eyeshadow-showstopper,https://cdn0.woolworths.media/content/wowproductimages/medium/079119.jpg,2020-09-20 19:49:44,,0,,True
91f01e65-413f-453f-b25b-1bb8f70d5988,Woolworths Supermarket,Health & Beauty,Schick Intuition Island Berry Blades 6 pack,079129,$20.00,$3.33 / 1EA,https://www.woolworths.com.au/shop/productdetails/79129/schick-intuition-island-berry-blades,https://cdn0.woolworths.media/content/wowproductimages/medium/079129.jpg,2020-09-20 19:49:44,,0,,True
008cc273-aeca-4f1d-9d97-4b96bc633ce2,Woolworths Supermarket,Health & Beauty,Dove Nourishing Body Wash Glowing Mango & Almond Butter 1l,079131,$13.70,$1.37 / 100ML,https://www.woolworths.com.au/shop/productdetails/79131/dove-nourishing-body-wash-glowing-mango-almond-butter,https://cdn0.woolworths.media/content/wowproductimages/medium/079131.jpg,2020-09-20 19:49:44,,0,,True
56beba21-3c65-4045-8bac-ebeb54e0f55a,Woolworths Supermarket,Health & Beauty,Myaura Deodorant Stick Mandarin Grapefruit 65g,079178,$9.00,$13.85 / 100G,https://www.woolworths.com.au/shop/productdetails/79178/myaura-deodorant-stick-mandarin-grapefruit,https://cdn0.woolworths.media/content/wowproductimages/medium/079178.jpg,2020-09-20 19:49:44,,0,,True
8e03d6df-ff9e-460d-9837-cd4a50870b17,Woolworths Supermarket,Health & Beauty,Myaura Antiperspirant Roll On Deodorant Mandarin Grapefruit 75ml,079179,$9.00,$12.00 / 100ML,https://www.woolworths.com.au/shop/productdetails/79179/myaura-antiperspirant-roll-on-deodorant-mandarin-grapefruit,https://cdn0.woolworths.media/content/wowproductimages/medium/079179.jpg,2020-09-20 19:49:44,,0,,True
53ae492f-0cc9-408e-bf80-65186e849ad2,Woolworths Supermarket,Health & Beauty,Impulse Body Mist Burnt Marshmallow & Leather Jacket 100ml,079520,$9.00,$9.00 / 100ML,https://www.woolworths.com.au/shop/productdetails/79520/impulse-body-mist-burnt-marshmallow-leather-jacket,https://cdn0.woolworths.media/content/wowproductimages/medium/079520.jpg,2020-09-20 19:49:44,,0,,True
20af69fc-166b-4d1d-bb31-b014aa2fa9dc,Woolworths Supermarket,Health & Beauty,Sally Hansen Miracle Gel Rhapsody Red each,079587,$17.00,$11.33 / 10ML,https://www.woolworths.com.au/shop/productdetails/79587/sally-hansen-miracle-gel-rhapsody-red,https://cdn0.woolworths.media/content/wowproductimages/medium/079587.jpg,2020-09-20 19:49:44,,0,,True
ec3138fc-a3f0-421c-aca6-b238764ba61a,Woolworths Supermarket,Health & Beauty,Sally Hansen Miracle Gel Little Peonie each,079589,$20.00,$13.33 / 10ML,https://www.woolworths.com.au/shop/productdetails/79589/sally-hansen-miracle-gel-little-peonie,https://cdn0.woolworths.media/content/wowproductimages/medium/079589.jpg,2020-09-20 19:49:44,,0,,True
1d261fc5-3eb6-4ff4-bfbb-233e99165ddb,Woolworths Supermarket,Health & Beauty,Sally Hansen Xtreme Wear Nail Polish White On 11.8ml,079591,$7.00,,https://www.woolworths.com.au/shop/productdetails/79591/sally-hansen-xtreme-wear-nail-polish-white-on,https://cdn0.woolworths.media/content/wowproductimages/medium/079591.jpg,2020-09-20 19:49:44,,0,,True
53e1de1f-d7ae-43de-b971-26e2e176b45f,Woolworths Supermarket,Health & Beauty,Dove Go Fresh Antiperspirant Apple & White Tea Scent 250ml,079703,$7.00,$2.80 / 100ML,https://www.woolworths.com.au/shop/productdetails/79703/dove-go-fresh-antiperspirant-apple-white-tea-scent,https://cdn0.woolworths.media/content/wowproductimages/medium/079703.jpg,2020-09-20 19:49:44,,0,,True
c9f8d68c-2168-4e3a-986e-33ca521c50ab,Woolworths Supermarket,Health & Beauty,Brutal Truth Antiperspirant Roll On Clean & Crisp 75ml,079706,$10.00,$13.33 / 100ML,https://www.woolworths.com.au/shop/productdetails/79706/brutal-truth-antiperspirant-roll-on-clean-crisp,https://cdn0.woolworths.media/content/wowproductimages/medium/079706.jpg,2020-09-20 19:49:44,,0,,True
0c2beb5f-f5dc-44ca-a5f9-1ac125bda31d,Woolworths Supermarket,Health & Beauty,Maybelline Dream Radiant Liquid Foundation Classic Ivory 30ml,079707,,,https://www.woolworths.com.au/shop/productdetails/79707/maybelline-dream-radiant-liquid-foundation-classic-ivory,https://cdn0.woolworths.media/content/wowproductimages/medium/079707.jpg,2020-09-20 19:49:44,,0,,False
7343c6b5-32a7-40f8-854d-1391b91ff98a,Woolworths Supermarket,Health & Beauty,Cover Girl & Olay Simply Ageless Foundation 210 Classic Ivory 12g,079774,$26.00,$21.67 / 10G,https://www.woolworths.com.au/shop/productdetails/79774/cover-girl-olay-simply-ageless-foundation-210-classic-ivory,https://cdn0.woolworths.media/content/wowproductimages/medium/079774.jpg,2020-09-20 19:49:44,,0,,True
3ddec68b-543d-4845-b0cc-27f2d2ae1ed8,Woolworths Supermarket,Health & Beauty,Oral-b Cross Action Charcoal Manual Toothbrush 3 pack,079840,$12.00,$4.00 / 1EA,https://www.woolworths.com.au/shop/productdetails/79840/oral-b-cross-action-charcoal-manual-toothbrush,https://cdn0.woolworths.media/content/wowproductimages/medium/079840.jpg,2020-09-20 19:49:44,,0,,True
ce2080b1-e47e-4d6a-bcb8-64dffec372ae,Woolworths Supermarket,Health & Beauty,Olay Daily Facials Sensitive Clean Water-activated Dry Cloths 33 cloths,079841,$15.00,$0.45 / 1EA,https://www.woolworths.com.au/shop/productdetails/79841/olay-daily-facials-sensitive-clean-water-activated-dry-cloths,https://cdn0.woolworths.media/content/wowproductimages/medium/079841.jpg,2020-09-20 19:49:44,,0,,True
5b5e67ca-1b1c-4a6a-b049-8dfa185149e5,Woolworths Supermarket,Health & Beauty,Nivea Men Sensitive Stubble Shave Gel 200ml,079894,$4.20,$2.10 / 100ML,https://www.woolworths.com.au/shop/productdetails/79894/nivea-men-sensitive-stubble-shave-gel,https://cdn0.woolworths.media/content/wowproductimages/medium/079894.jpg,2020-09-20 19:49:44,,0,,True
c5d5a1a4-1624-4ee7-aae6-b79624d2cb1b,Woolworths Supermarket,Health & Beauty,Nivea Men Sensitive Instant Relief 125ml,079895,$10.50,$8.40 / 100ML,https://www.woolworths.com.au/shop/productdetails/79895/nivea-men-sensitive-instant-relief,https://cdn0.woolworths.media/content/wowproductimages/medium/079895.jpg,2020-09-20 19:49:44,,0,,True
95bf2219-b3aa-4a3a-af57-67bccfc99533,Woolworths Supermarket,Health & Beauty,White Glo Instant White Toothpaste 150g,079918,,,https://www.woolworths.com.au/shop/productdetails/79918/white-glo-instant-white-toothpaste,https://cdn0.woolworths.media/content/wowproductimages/medium/079918.jpg,2020-09-20 19:49:44,Average product rating out of 5: 4.0. Product score is based on 5 ratings,5,,False
c06cc51a-15cd-42ab-b089-3d411c3a20ba,Woolworths Supermarket,Health & Beauty,L'oreal Revitalift Brightening Sheet Mask each,079920,$4.00,$13.33 / 100G,https://www.woolworths.com.au/shop/productdetails/79920/l-oreal-revitalift-brightening-sheet-mask,https://cdn0.woolworths.media/content/wowproductimages/medium/079920.jpg,2020-09-20 19:49:44,,0,,True
32abc852-f09a-4925-8c87-a1b905410d19,Woolworths Supermarket,Health & Beauty,Rimmel Natural Bronzer Sunlight 14g,079953,$16.00,$11.43 / 10G,https://www.woolworths.com.au/shop/productdetails/79953/rimmel-natural-bronzer-sunlight,https://cdn0.woolworths.media/content/wowproductimages/medium/079953.jpg,2020-09-20 19:49:44,,0,,True
440043f9-42db-44aa-bc03-34b140c97c04,Woolworths Supermarket,Health & Beauty,Neutrogena Bright Boost Gel Cream 50ml,079966,$21.00,$42.00 / 100ML,https://www.woolworths.com.au/shop/productdetails/79966/neutrogena-bright-boost-gel-cream,https://cdn0.woolworths.media/content/wowproductimages/medium/079966.jpg,2020-09-20 19:49:44,,0,,True
86f47aad-40c8-4c07-88d4-7a50a9040ec2,Woolworths Supermarket,Health & Beauty,Neutrogena Bright Boost Resurfacing Micro Polish 75ml,079967,$20.00,$26.67 / 100ML,https://www.woolworths.com.au/shop/productdetails/79967/neutrogena-bright-boost-resurfacing-micro-polish,https://cdn0.woolworths.media/content/wowproductimages/medium/079967.jpg,2020-09-20 19:49:44,,0,,True
73b626bd-ce4b-4cb8-845f-5c1ec530e611,Woolworths Supermarket,Health & Beauty,Neutrogena Bright Boost Illuminating Serum 30ml,079968,$23.80,$79.33 / 100ML,https://www.woolworths.com.au/shop/productdetails/79968/neutrogena-bright-boost-illuminating-serum,https://cdn0.woolworths.media/content/wowproductimages/medium/079968.jpg,2020-09-20 19:49:44,,0,,True
2851f6a0-06de-46a6-a47c-2c529a618b60,Woolworths Supermarket,Health & Beauty,Neutrogena Hydro Boost 3d Treatment Face Mask 50g,079969,$30.00,$60.00 / 100G,https://www.woolworths.com.au/shop/productdetails/79969/neutrogena-hydro-boost-3d-treatment-face-mask,https://cdn0.woolworths.media/content/wowproductimages/medium/079969.jpg,2020-09-20 19:49:44,,0,,True
9f447079-195c-477f-9c6f-fa687920253f,Woolworths Supermarket,Health & Beauty,Palmolive Micellar Body Wash Rose 0% Shower Gel 400ml,079977,$7.00,$1.75 / 100ML,https://www.woolworths.com.au/shop/productdetails/79977/palmolive-micellar-body-wash-rose-0-shower-gel,https://cdn0.woolworths.media/content/wowproductimages/medium/079977.jpg,2020-09-20 19:49:44,,0,,True
c7ebe9f1-6d27-4464-add6-8762500484b4,Woolworths Supermarket,Health & Beauty,Schick Mens Razor Disposable Xtreme 3 Pivot Ball 5 pack,079981,$8.00,$8.00 / 1EA,https://www.woolworths.com.au/shop/productdetails/79981/schick-mens-razor-disposable-xtreme-3-pivot-ball,https://cdn0.woolworths.media/content/wowproductimages/medium/079981.jpg,2020-09-20 19:49:44,Average product rating out of 5: 5.0. Product score is based on 1 ratings,1,,True
ba29f456-273e-4e4e-9efc-8ef3e344867f,Woolworths Supermarket,Health & Beauty,Impulse Maddie Ziegler Body Mist Tropical Beach & Espresso 100ml,080014,$9.00,$9.00 / 100ML,https://www.woolworths.com.au/shop/productdetails/80014/impulse-maddie-ziegler-body-mist-tropical-beach-espresso,https://cdn0.woolworths.media/content/wowproductimages/medium/080014.jpg,2020-09-20 19:49:44,,0,,True
3717630f-7f4b-48a9-ae17-d6967245efe7,Woolworths Supermarket,Health & Beauty,E45 Moisturising Cream Pump For Dry Skin & Eczema 500g,080030,$27.00,$5.40 / 100G,https://www.woolworths.com.au/shop/productdetails/80030/e45-moisturising-cream-pump-for-dry-skin-eczema,https://cdn0.woolworths.media/content/wowproductimages/medium/080030.jpg,2020-09-20 19:49:44,Average product rating out of 5: 4.3. Product score is based on 3 ratings,3,,True
988177f0-86c3-49f0-b415-6ce64494c04a,Woolworths Supermarket,Health & Beauty,Jiinju Hydrating Sheet Mask With Hyaluronic Acid each,080032,$5.00,$5.00 / 1EA,https://www.woolworths.com.au/shop/productdetails/80032/jiinju-hydrating-sheet-mask-with-hyaluronic-acid,https://cdn0.woolworths.media/content/wowproductimages/medium/080032.jpg,2020-09-20 19:49:44,,0,,True
a4d9132b-1827-4779-8818-83ea0dfde252,Woolworths Supermarket,Health & Beauty,Maybelline Dream Radiant Liquid Foundation Nude 30ml,080043,$15.00,$5.00 / 10ML,https://www.woolworths.com.au/shop/productdetails/80043/maybelline-dream-radiant-liquid-foundation-nude,https://cdn0.woolworths.media/content/wowproductimages/medium/080043.jpg,2020-09-20 19:49:44,,0,,True
08128cde-0eb8-4e36-9422-0a52280675a1,Woolworths Supermarket,Health & Beauty,Maybelline Dream Radiant Liquid Foundation Creamy Natural 30ml,080044,$15.00,$5.00 / 10ML,https://www.woolworths.com.au/shop/productdetails/80044/maybelline-dream-radiant-liquid-foundation-creamy-natural,https://cdn0.woolworths.media/content/wowproductimages/medium/080044.jpg,2020-09-20 19:49:44,,0,,True
60938830-b65c-4d8e-8d47-97a749baaa04,Woolworths Supermarket,Health & Beauty,Durex Play Feel Gel 100ml,080091,$8.00,$8.00 / 100ML,https://www.woolworths.com.au/shop/productdetails/80091/durex-play-feel-gel,https://cdn0.woolworths.media/content/wowproductimages/medium/080091.jpg,2020-09-20 19:49:44,,0,,True
a4bccbe0-3eea-4f02-b354-12fe38ec8af7,Woolworths Supermarket,Health & Beauty,Schick Intuition Island Berry Kit each,080116,$12.50,$12.50 / 1EA,https://www.woolworths.com.au/shop/productdetails/80116/schick-intuition-island-berry-kit,https://cdn0.woolworths.media/content/wowproductimages/medium/080116.jpg,2020-09-20 19:49:44,,0,,True
40b91f2e-4a8c-41c9-8097-3a9c76386d44,Woolworths Supermarket,Health & Beauty,Maybelline Dream Radiant Liquid Foundation Natural Beige 30ml,080171,$15.00,$5.00 / 10ML,https://www.woolworths.com.au/shop/productdetails/80171/maybelline-dream-radiant-liquid-foundation-natural-beige,https://cdn0.woolworths.media/content/wowproductimages/medium/080171.jpg,2020-09-20 19:49:44,,0,,True
a6b2a327-da9f-4545-8c5a-0521b1e4661a,Woolworths Supermarket,Health & Beauty,Help@hand Pawpaw Ointment 25g,080324,$2.55,$10.20 / 100G,https://www.woolworths.com.au/shop/productdetails/80324/help-hand-pawpaw-ointment,https://cdn0.woolworths.media/content/wowproductimages/medium/080324.jpg,2020-09-20 19:49:44,,0,,True
f9386a20-a645-4a17-a52c-1de518cedeba,Woolworths Supermarket,Health & Beauty,Bisolvon Duo Syrup 100ml,080417,$12.00,$12.00 / 100ML,https://www.woolworths.com.au/shop/productdetails/80417/bisolvon-duo-syrup,https://cdn0.woolworths.media/content/wowproductimages/medium/080417.jpg,2020-09-20 19:49:44,Average product rating out of 5: 5.0. Product score is based on 1 ratings,1,,True
e489c249-dde3-4151-9678-39eb5523eb90,Woolworths Supermarket,Health & Beauty,Cover Girl Outlast Lipstick Always Rose 30g,080502,$21.00,$7.00 / 10G,https://www.woolworths.com.au/shop/productdetails/80502/cover-girl-outlast-lipstick-always-rose,https://cdn0.woolworths.media/content/wowproductimages/medium/080502.jpg,2020-09-20 19:49:44,,0,,True
d4912ed5-0f6c-4071-b66d-f2f453678777,Woolworths Supermarket,Health & Beauty,Colgate Plax Ice Fusion Antibacterial Mouthwash Cold Mint 500ml,080505,$3.50,$0.70 / 100ML,https://www.woolworths.com.au/shop/productdetails/80505/colgate-plax-ice-fusion-antibacterial-mouthwash-cold-mint,https://cdn0.woolworths.media/content/wowproductimages/medium/080505.jpg,2020-09-20 19:49:44,Average product rating out of 5: 5.0. Product score is based on 3 ratings,3,,True
31ad20c8-a062-4c2d-bf71-1f1d471ad3df,Woolworths Supermarket,Health & Beauty,Maybelline Superstay Matte Ink 80 Ruler 5ml,080516,$11.00,$22.00 / 10ML,https://www.woolworths.com.au/shop/productdetails/80516/maybelline-superstay-matte-ink-80-ruler,https://cdn0.woolworths.media/content/wowproductimages/medium/080516.jpg,2020-09-20 19:49:44,,0,,True
6e611770-26ab-4937-8dd3-fdc1fc4db651,Woolworths Supermarket,Health & Beauty,Maybelline Dream Radiant Liquid Foundation Pure Beige 30ml,080517,$15.00,$5.00 / 10ML,https://www.woolworths.com.au/shop/productdetails/80517/maybelline-dream-radiant-liquid-foundation-pure-beige,https://cdn0.woolworths.media/content/wowproductimages/medium/080517.jpg,2020-09-20 19:49:44,,0,,True
6907f938-50c2-443c-8fba-9a6cc55f5552,Woolworths Supermarket,Health & Beauty,Betadine Anaesthetic Lozenges Berry Flavour 36 pack,080524,$12.00,$0.33 / 1EA,https://www.woolworths.com.au/shop/productdetails/80524/betadine-anaesthetic-lozenges-berry-flavour,https://cdn0.woolworths.media/content/wowproductimages/medium/080524.jpg,2020-09-20 19:49:44,,0,,True
945205dc-3a85-4ce0-9b13-111ac7fa6dd3,Woolworths Supermarket,Health & Beauty,Maybelline Matte Ink Longwear Liquid Lipstick - Pathfinder 150 5ml,080542,$11.00,$22.00 / 10ML,https://www.woolworths.com.au/shop/productdetails/80542/maybelline-matte-ink-longwear-liquid-lipstick-pathfinder-150,https://cdn0.woolworths.media/content/wowproductimages/medium/080542.jpg,2020-09-20 19:49:44,,0,,True
460a40e7-3848-4a92-b5f4-162cf446b996,Woolworths Supermarket,Health & Beauty,Oral-b Cross Action Charcoal Manual Toothbrush each,080548,$6.00,$6.00 / 1EA,https://www.woolworths.com.au/shop/productdetails/80548/oral-b-cross-action-charcoal-manual-toothbrush,https://cdn0.woolworths.media/content/wowproductimages/medium/080548.jpg,2020-09-20 19:49:44,,0,,True
277973b1-cd31-47e5-ba79-1f249d27c33d,Woolworths Supermarket,Health & Beauty,Cover Girl Outlast Lip Universal Nude 30g,080552,$21.00,$7.00 / 10G,https://www.woolworths.com.au/shop/productdetails/80552/cover-girl-outlast-lip-universal-nude,https://cdn0.woolworths.media/content/wowproductimages/medium/080552.jpg,2020-09-20 19:49:44,,0,,True
44899378-6ef3-4433-899f-3d27648cc836,Woolworths Supermarket,Health & Beauty,Palmolive Micellar Body Wash Aloe Vera 0% Shower Gel 400ml,080562,$7.00,$1.75 / 100ML,https://www.woolworths.com.au/shop/productdetails/80562/palmolive-micellar-body-wash-aloe-vera-0-shower-gel,https://cdn0.woolworths.media/content/wowproductimages/medium/080562.jpg,2020-09-20 19:49:44,,0,,True
67dda4f7-330f-4e7d-b12d-ad02be134c0a,Woolworths Supermarket,Health & Beauty,Listerine Coconut & Lime Mouthwash Limited Edition 500ml,080567,$8.50,$1.70 / 100ML,https://www.woolworths.com.au/shop/productdetails/80567/listerine-coconut-lime-mouthwash-limited-edition,https://cdn0.woolworths.media/content/wowproductimages/medium/080567.jpg,2020-09-20 19:49:44,Average product rating out of 5: 4.6. Product score is based on 5 ratings,5,,True
429cff3e-cf8c-4f41-8d4f-629b67236b9f,Woolworths Supermarket,Health & Beauty,Freshwater Farm Australia Hemp Seed Oil Hydrating Castile Hand Wash 500ml,080734,$10.00,$2.00 / 100ML,https://www.woolworths.com.au/shop/productdetails/80734/freshwater-farm-australia-hemp-seed-oil-hydrating-castile-hand-wash,https://cdn0.woolworths.media/content/wowproductimages/medium/080734.jpg,2020-09-20 19:49:44,Average product rating out of 5: 5.0. Product score is based on 4 ratings,4,,True
298e1a5a-372d-4367-a431-5c14c4c1e0b1,Woolworths Supermarket,Health & Beauty,Tom's Of Maine Natural Antiplaque & Whitening Fluoride Free Toothpaste 113g,080784,$12.00,$10.62 / 100G,https://www.woolworths.com.au/shop/productdetails/80784/tom-s-of-maine-natural-antiplaque-whitening-fluoride-free-toothpaste,https://cdn0.woolworths.media/content/wowproductimages/medium/080784.jpg,2020-09-20 19:49:44,,0,,True
9674419a-16de-4e42-8e7b-941d6b455afa,Woolworths Supermarket,Health & Beauty,Le Tan Uber Stay Self Tanning Foam Violet Base each,080813,$21.00,$21.00 / 1EA,https://www.woolworths.com.au/shop/productdetails/80813/le-tan-uber-stay-self-tanning-foam-violet-base,https://cdn0.woolworths.media/content/wowproductimages/medium/080813.jpg,2020-09-20 19:49:44,,0,,True
fb43acd5-49e4-4b54-aeda-7fae7ec5637f,Woolworths Supermarket,Health & Beauty,Colgate Optic White Renewal Vibrant Clean Whitening Toothpaste 85g,080817,$15.00,$17.65 / 100G,https://www.woolworths.com.au/shop/productdetails/80817/colgate-optic-white-renewal-vibrant-clean-whitening-toothpaste,https://cdn0.woolworths.media/content/wowproductimages/medium/080817.jpg,2020-09-20 19:49:44,,0,,True
abaa41d5-53e7-4f2e-8d03-a6aeee745c41,Woolworths Supermarket,Health & Beauty,Colgate Optic White Renewal Lasting Fresh Whitening Toothpaste 85g,080818,$15.00,$17.65 / 100G,https://www.woolworths.com.au/shop/productdetails/80818/colgate-optic-white-renewal-lasting-fresh-whitening-toothpaste,https://cdn0.woolworths.media/content/wowproductimages/medium/080818.jpg,2020-09-20 19:49:44,,0,,True
fb895f6f-5cd6-4195-9064-0952e16ff8e2,Woolworths Supermarket,Health & Beauty,Colgate Kids Anticavity Fluoride Toothpaste 0-3 Yrs Mild Fruit 80g,080820,$4.00,$5.00 / 100G,https://www.woolworths.com.au/shop/productdetails/80820/colgate-kids-anticavity-fluoride-toothpaste-0-3-yrs-mild-fruit,https://cdn0.woolworths.media/content/wowproductimages/medium/080820.jpg,2020-09-20 19:49:44,,0,,True
7c14a4fc-14f1-4fcd-a3e4-31e8af2c03de,Woolworths Supermarket,Health & Beauty,Oral-b 3d Whitening Therapy Charcoal 95g,080824,$12.00,$12.63 / 100G,https://www.woolworths.com.au/shop/productdetails/80824/oral-b-3d-whitening-therapy-charcoal,https://cdn0.woolworths.media/content/wowproductimages/medium/080824.jpg,2020-09-20 19:49:44,,0,,True
4b13bb7a-50cf-4af0-a71a-ae6dee35a7eb,Woolworths Supermarket,Health & Beauty,Tom's Of Maine Natural Whole Care Fluoride Anticavity Toothpaste 113g,080826,$12.00,$10.62 / 100G,https://www.woolworths.com.au/shop/productdetails/80826/tom-s-of-maine-natural-whole-care-fluoride-anticavity-toothpaste,https://cdn0.woolworths.media/content/wowproductimages/medium/080826.jpg,2020-09-20 19:49:44,,0,,True
5fe69a10-76f9-4ae9-8c22-2c4758016054,Woolworths Supermarket,Health & Beauty,Hydralyte Lemon Lime Effervescent Tablets 10 pack,080829,$8.00,$0.80 / 1EA,https://www.woolworths.com.au/shop/productdetails/80829/hydralyte-lemon-lime-effervescent-tablets,https://cdn0.woolworths.media/content/wowproductimages/medium/080829.jpg,2020-09-20 19:49:44,,0,,True
c88d4e65-6598-4bdd-9002-528826faaef0,Woolworths Supermarket,Health & Beauty,Pain Away Arthritis Pain Relief Cream 125g,080833,$24.00,$19.20 / 100G,https://www.woolworths.com.au/shop/productdetails/80833/pain-away-arthritis-pain-relief-cream,https://cdn0.woolworths.media/content/wowproductimages/medium/080833.jpg,2020-09-20 19:49:44,,0,,True
ed5300df-089d-464f-8ef7-378213010411,Woolworths Supermarket,Health & Beauty,Pain Away Ultra Pro Joint Muscle Pain Relief Cream 125g,080916,$24.00,$19.20 / 100G,https://www.woolworths.com.au/shop/productdetails/80916/pain-away-ultra-pro-joint-muscle-pain-relief-cream,https://cdn0.woolworths.media/content/wowproductimages/medium/080916.jpg,2020-09-20 19:49:44,,0,,True
8046066e-4c4f-4eb7-b845-2b17d4aedf6c,Woolworths Supermarket,Health & Beauty,Freshwater Farm Australia Coconut & Desert Lime Refreshing Body Bar 200g,080924,$4.50,$2.25 / 100G,https://www.woolworths.com.au/shop/productdetails/80924/freshwater-farm-australia-coconut-desert-lime-refreshing-body-bar,https://cdn0.woolworths.media/content/wowproductimages/medium/080924.jpg,2020-09-20 19:49:44,,0,,True
14d98b0e-d796-43a0-b2f7-4c49bb8832c4,Woolworths Supermarket,Health & Beauty,Colgate Cushion Clean Soft Manual Toothbrush each,080925,$6.00,$6.00 / 1EA,https://www.woolworths.com.au/shop/productdetails/80925/colgate-cushion-clean-soft-manual-toothbrush,https://cdn0.woolworths.media/content/wowproductimages/medium/080925.jpg,2020-09-20 19:49:44,,0,,True
fd340984-4d98-4317-877d-5ad994dbaea4,Woolworths Supermarket,Health & Beauty,Neat Feat Spray On Foot & Heel Balm 125ml,081220,$13.60,$10.88 / 100ML,https://www.woolworths.com.au/shop/productdetails/81220/neat-feat-spray-on-foot-heel-balm,https://cdn0.woolworths.media/content/wowproductimages/medium/081220.jpg,2020-09-20 19:49:44,,0,,True
5a86521d-8813-4a7a-80c1-021a6390d038,Woolworths Supermarket,Health & Beauty,Colgate Optic White Overnight Teeth Whitening Treatment 2.5ml,081256,$35.00,$35.00 / 1EA,https://www.woolworths.com.au/shop/productdetails/81256/colgate-optic-white-overnight-teeth-whitening-treatment,https://cdn0.woolworths.media/content/wowproductimages/medium/081256.jpg,2020-09-20 19:49:44,Average product rating out of 5: 2.0. Product score is based on 1 ratings,1,,True
6f8ef31b-3ffb-411b-83ca-10f720b3e2dc,Woolworths Supermarket,Health & Beauty,Neat Feat Foot & Heal Balm 2 pack,081260,$13.60,$18.13 / 100G,https://www.woolworths.com.au/shop/productdetails/81260/neat-feat-foot-heal-balm,https://cdn0.woolworths.media/content/wowproductimages/medium/081260.jpg,2020-09-20 19:49:44,,0,,True
afde9ad2-253a-4349-8791-b33b6e391de5,Woolworths Supermarket,Health & Beauty,Sambucol Soothing Throat Lozenges Black Elderberry 16 pack,081263,$8.00,$0.50 / 1EA,https://www.woolworths.com.au/shop/productdetails/81263/sambucol-soothing-throat-lozenges-black-elderberry,https://cdn0.woolworths.media/content/wowproductimages/medium/081263.jpg,2020-09-20 19:49:44,,0,,True
6fccc44b-e522-4577-a36c-76f637637fcf,Woolworths Supermarket,Health & Beauty,Jack N' Jill Kids Bio Toothbrush each,081270,$5.00,$5.00 / 1EA,https://www.woolworths.com.au/shop/productdetails/81270/jack-n-jill-kids-bio-toothbrush,https://cdn0.woolworths.media/content/wowproductimages/medium/081270.jpg,2020-09-20 19:49:44,,0,,True
e2ff935a-58c4-41ae-be58-729e5c6a1ca6,Woolworths Supermarket,Health & Beauty,Red Seal Whitening Toothpaste 100g,081278,$6.00,$6.00 / 100G,https://www.woolworths.com.au/shop/productdetails/81278/red-seal-whitening-toothpaste,https://cdn0.woolworths.media/content/wowproductimages/medium/081278.jpg,2020-09-20 19:49:44,Average product rating out of 5: 5.0. Product score is based on 2 ratings,2,,True
eef512b5-3d9f-4b4a-9aff-5731bdf80667,Woolworths Supermarket,Health & Beauty,Hydralyte Effervescent Electrolyte Tablets Apple Blackcurrant 40 pack,081281,$22.00,$0.55 / 1EA,https://www.woolworths.com.au/shop/productdetails/81281/hydralyte-effervescent-electrolyte-tablets-apple-blackcurrant,https://cdn0.woolworths.media/content/wowproductimages/medium/081281.jpg,2020-09-20 19:49:44,,0,,True
a71f0036-95b6-4ebd-82fd-fa24c7dabba3,Woolworths Supermarket,Health & Beauty,Oral-b Pro-health Advanced All Around Protection Toothpaste 110g,081286,$5.00,$4.55 / 100G,https://www.woolworths.com.au/shop/productdetails/81286/oral-b-pro-health-advanced-all-around-protection-toothpaste,https://cdn0.woolworths.media/content/wowproductimages/medium/081286.jpg,2020-09-20 19:49:44,,0,,True
0007f291-3586-4fb1-98e0-d6ed8b1156c6,Woolworths Supermarket,Health & Beauty,Toni & Guy Strength Plex Bond Repair Mask 285ml,081499,$16.00,$5.61 / 100ML,https://www.woolworths.com.au/shop/productdetails/81499/toni-guy-strength-plex-bond-repair-mask,https://cdn0.woolworths.media/content/wowproductimages/medium/081499.jpg,2020-09-20 19:49:44,,0,2 for $25.00,True
a38d27f1-aa21-4f34-9aa5-7b524c17a25a,Woolworths Supermarket,Health & Beauty,Pantene Pro-v Daily Moisture Renewal Shampoo 375ml,081515,$6.00,$1.60 / 100ML,https://www.woolworths.com.au/shop/productdetails/81515/pantene-pro-v-daily-moisture-renewal-shampoo,https://cdn0.woolworths.media/content/wowproductimages/medium/081515.jpg,2020-09-20 19:49:44,,0,Was $8.00 01/06/2020,True
262605f7-0027-4c54-b3d2-40a98c222492,Woolworths Supermarket,Health & Beauty,Pantene Pro-v Daily Moisture Renewal Conditioner 375ml,081516,$6.00,$1.60 / 100ML,https://www.woolworths.com.au/shop/productdetails/81516/pantene-pro-v-daily-moisture-renewal-conditioner,https://cdn0.woolworths.media/content/wowproductimages/medium/081516.jpg,2020-09-20 19:49:44,,0,Was $8.00 01/06/2020,True
a0c5b4a2-a963-483c-98ea-b182b7f8af78,Woolworths Supermarket,Health & Beauty,Pantene Pro-v Long & Strong Conditioner 375ml,081517,$6.00,$1.60 / 100ML,https://www.woolworths.com.au/shop/productdetails/81517/pantene-pro-v-long-strong-conditioner,https://cdn0.woolworths.media/content/wowproductimages/medium/081517.jpg,2020-09-20 19:49:44,,0,Was $8.00 01/06/2020,True
6d07ca17-5290-491f-8702-2247a8c5f199,Woolworths Supermarket,Health & Beauty,Pantene Pro-v Colour Protection Shampoo 375ml,081518,$6.00,$1.60 / 100ML,https://www.woolworths.com.au/shop/productdetails/81518/pantene-pro-v-colour-protection-shampoo,https://cdn0.woolworths.media/content/wowproductimages/medium/081518.jpg,2020-09-20 19:49:44,,0,Was $8.00 01/06/2020,True
27634a44-d993-4e3d-90b9-8490376370a0,Woolworths Supermarket,Health & Beauty,Pantene Pro-v Classic Clean Shampoo 375ml,081519,$6.00,$1.60 / 100ML,https://www.woolworths.com.au/shop/productdetails/81519/pantene-pro-v-classic-clean-shampoo,https://cdn0.woolworths.media/content/wowproductimages/medium/081519.jpg,2020-09-20 19:49:44,,0,Was $8.00 01/06/2020,True
2590b2c8-3d8e-4c98-8862-9c4097a11d76,Woolworths Supermarket,Health & Beauty,Pantene Pro-v Classic Clean Conditioner 375ml,081520,$6.00,$1.60 / 100ML,https://www.woolworths.com.au/shop/productdetails/81520/pantene-pro-v-classic-clean-conditioner,https://cdn0.woolworths.media/content/wowproductimages/medium/081520.jpg,2020-09-20 19:49:44,,0,Was $8.00 01/06/2020,True
a2c7be46-0240-48e4-a9c1-5e5b8359f3c0,Woolworths Supermarket,Health & Beauty,Pantene Pro-v Ultimate 10 Repair & Protect Shampoo 375ml,081521,$6.00,$1.60 / 100ML,https://www.woolworths.com.au/shop/productdetails/81521/pantene-pro-v-ultimate-10-repair-protect-shampoo,https://cdn0.woolworths.media/content/wowproductimages/medium/081521.jpg,2020-09-20 19:49:44,,0,Was $8.00 01/06/2020,True
bd26cf52-d853-4bc2-aa16-d3b60c4a3c15,Woolworths Supermarket,Health & Beauty,Oral-b Pure Enamel Care Fluoride Toothpaste Soft Mint 100g,081562,$7.00,$7.00 / 100G,https://www.woolworths.com.au/shop/productdetails/81562/oral-b-pure-enamel-care-fluoride-toothpaste-soft-mint,https://cdn0.woolworths.media/content/wowproductimages/medium/081562.jpg,2020-09-20 19:49:44,,0,,True
5e99004e-2bf8-48ae-a2e2-5b1d55b4576d,Woolworths Supermarket,Health & Beauty,Oral-b Cross Action Ultrathin Manual Toothbrush 3 pack,081591,$12.00,$4.00 / 1EA,https://www.woolworths.com.au/shop/productdetails/81591/oral-b-cross-action-ultrathin-manual-toothbrush,https://cdn0.woolworths.media/content/wowproductimages/medium/081591.jpg,2020-09-20 19:49:44,,0,,True
055e1815-1bad-4a41-ad5b-edcabd50a1eb,Woolworths Supermarket,Health & Beauty,Cover Girl Perfect Blend Eye Pencil 130 Smokey Taupe each,081606,$13.00,$13.00 / 1EA,https://www.woolworths.com.au/shop/productdetails/81606/cover-girl-perfect-blend-eye-pencil-130-smokey-taupe,https://cdn0.woolworths.media/content/wowproductimages/medium/081606.jpg,2020-09-20 19:49:44,,0,,True
458ac045-d84b-4652-9710-994331301d88,Woolworths Supermarket,Health & Beauty,Epzen Soothe Magnesium Bath Crystals 900g,081608,$10.00,$1.11 / 100G,https://www.woolworths.com.au/shop/productdetails/81608/epzen-soothe-magnesium-bath-crystals,https://cdn0.woolworths.media/content/wowproductimages/medium/081608.jpg,2020-09-20 19:49:44,,0,,True
af6b1e2c-5add-4e20-bcc0-041c75db29c4,Woolworths Supermarket,Health & Beauty,Oral-b Pure Multi-protect Fluoride Toothpaste Eucalyptus Mint 100g,081610,$7.00,$7.00 / 100G,https://www.woolworths.com.au/shop/productdetails/81610/oral-b-pure-multi-protect-fluoride-toothpaste-eucalyptus-mint,https://cdn0.woolworths.media/content/wowproductimages/medium/081610.jpg,2020-09-20 19:49:44,,0,,True
87f09dd3-c2e6-4a9d-a8bf-1f10665cc229,Woolworths Supermarket,Health & Beauty,Iberogast Oral Liquid 50ml,081640,$22.50,$45.00 / 100ML,https://www.woolworths.com.au/shop/productdetails/81640/iberogast-oral-liquid,https://cdn0.woolworths.media/content/wowproductimages/medium/081640.jpg,2020-09-20 19:49:44,Average product rating out of 5: 5.0. Product score is based on 1 ratings,1,,True
51250c44-9995-43e2-8e53-899a53728ebc,Woolworths Supermarket,Health & Beauty,Grants Of Australia Fresh Mint Natural Toothpaste With Fluoride 110g,081653,$3.40,$3.09 / 100G,https://www.woolworths.com.au/shop/productdetails/81653/grants-of-australia-fresh-mint-natural-toothpaste-with-fluoride,https://cdn0.woolworths.media/content/wowproductimages/medium/081653.jpg,2020-09-20 19:49:44,,0,,True
a1170cf9-0462-47d6-92f3-6781397b7a3e,Woolworths Supermarket,Health & Beauty,Pantene Pro-v Ultimate 10 Repair & Protect Conditioner 375ml,081662,$6.00,$1.60 / 100ML,https://www.woolworths.com.au/shop/productdetails/81662/pantene-pro-v-ultimate-10-repair-protect-conditioner,https://cdn0.woolworths.media/content/wowproductimages/medium/081662.jpg,2020-09-20 19:49:44,,0,Was $8.00 01/06/2020,True
f97d7841-b3ed-479e-a671-dd6397fb8078,Woolworths Supermarket,Health & Beauty,Herbal Essences Argan Oil Repairing Hair Mask 50ml,081663,$5.00,$10.00 / 100ML,https://www.woolworths.com.au/shop/productdetails/81663/herbal-essences-argan-oil-repairing-hair-mask,https://cdn0.woolworths.media/content/wowproductimages/medium/081663.jpg,2020-09-20 19:49:44,,0,,True
7a054184-805d-4163-973e-e93f38708971,Woolworths Supermarket,Health & Beauty,Herbal Essences Coconut Milk Hydrating Hair Mask 50ml,081664,$5.00,$10.00 / 100ML,https://www.woolworths.com.au/shop/productdetails/81664/herbal-essences-coconut-milk-hydrating-hair-mask,https://cdn0.woolworths.media/content/wowproductimages/medium/081664.jpg,2020-09-20 19:49:44,,0,,True
258c74c5-da22-4a2a-b560-c9d31b738b4f,Woolworths Supermarket,Health & Beauty,Betadine Sore Throat Gargle + Anaesthetic Lozenges Kit 16 pack + 15ml,081671,$17.00,$17.00 / 1EA,https://www.woolworths.com.au/shop/productdetails/81671/betadine-sore-throat-gargle-anaesthetic-lozenges-kit,https://cdn0.woolworths.media/content/wowproductimages/medium/081671.jpg,2020-09-20 19:49:44,,0,,True
59969d5e-28e5-4b9a-8b0e-0ab978e99a3a,Woolworths Supermarket,Health & Beauty,Epzen Relax Magnesium Bath Crystals 900g,081713,$10.00,$1.11 / 100G,https://www.woolworths.com.au/shop/productdetails/81713/epzen-relax-magnesium-bath-crystals,https://cdn0.woolworths.media/content/wowproductimages/medium/081713.jpg,2020-09-20 19:49:44,Average product rating out of 5: 5.0. Product score is based on 1 ratings,1,,True
c75497a0-f5ac-45f5-9f34-e0bee6345ef5,Woolworths Supermarket,Health & Beauty,White Glo Probiotic Whitening Toothpaste 150g,081771,$6.00,$4.00 / 100G,https://www.woolworths.com.au/shop/productdetails/81771/white-glo-probiotic-whitening-toothpaste,https://cdn0.woolworths.media/content/wowproductimages/medium/081771.jpg,2020-09-20 19:49:44,Average product rating out of 5: 5.0. Product score is based on 1 ratings,1,,True
f25c7fab-2c81-498b-aac1-ec289d7640d2,Woolworths Supermarket,Health & Beauty,Olay Facials Deeply Purifying Water-activated Dry Cloths 33 cloths,081772,$15.00,$0.45 / 1EA,https://www.woolworths.com.au/shop/productdetails/81772/olay-facials-deeply-purifying-water-activated-dry-cloths,https://cdn0.woolworths.media/content/wowproductimages/medium/081772.jpg,2020-09-20 19:49:44,,0,,True
9099c98e-8b22-4296-921a-4cbd2c7f1fb3,Woolworths Supermarket,Health & Beauty,Head & Shoulders Supreme Purify & Volume Shampoo 400ml,081861,$15.00,$3.75 / 100ML,https://www.woolworths.com.au/shop/productdetails/81861/head-shoulders-supreme-purify-volume-shampoo,https://cdn0.woolworths.media/content/wowproductimages/medium/081861.jpg,2020-09-20 19:49:44,,0,,True
f50178b4-cb2b-434f-8187-083f0ce5afaf,Woolworths Supermarket,Health & Beauty,Jack N' Jill Natural Toothpaste Milkshake 50g,081879,$6.50,$13.00 / 100G,https://www.woolworths.com.au/shop/productdetails/81879/jack-n-jill-natural-toothpaste-milkshake,https://cdn0.woolworths.media/content/wowproductimages/medium/081879.jpg,2020-09-20 19:49:44,,0,,True
66a5a488-d7fa-4276-9406-5eb456f381aa,Woolworths Supermarket,Health & Beauty,Head & Shoulders Supreme Purify & Volume Shampoo 550ml,081881,$19.00,$3.45 / 100ML,https://www.woolworths.com.au/shop/productdetails/81881/head-shoulders-supreme-purify-volume-shampoo,https://cdn0.woolworths.media/content/wowproductimages/medium/081881.jpg,2020-09-20 19:49:44,,0,,True
7ae72845-ce80-434b-a714-6a2476534709,Woolworths Supermarket,Health & Beauty,Head & Shoulders Supreme Purrify & Volume Conditioner 200ml,081902,$5.60,$2.80 / 100ML,https://www.woolworths.com.au/shop/productdetails/81902/head-shoulders-supreme-purrify-volume-conditioner,https://cdn0.woolworths.media/content/wowproductimages/medium/081902.jpg,2020-09-20 19:49:44,,0,,True
b37e372f-6666-47fe-affa-0de96b1fccc1,Woolworths Supermarket,Health & Beauty,Head & Shoulders Supreme Purify & Volume Conditioner 400ml,081903,$15.00,$3.75 / 100ML,https://www.woolworths.com.au/shop/productdetails/81903/head-shoulders-supreme-purify-volume-conditioner,https://cdn0.woolworths.media/content/wowproductimages/medium/081903.jpg,2020-09-20 19:49:44,,0,,True
45d9cae8-6155-42b0-8fe5-eb5bea543c5f,Woolworths Supermarket,Health & Beauty,Head & Shoulders Supreme Purify & Volume Shampoo 200ml,081904,$5.60,$2.80 / 100ML,https://www.woolworths.com.au/shop/productdetails/81904/head-shoulders-supreme-purify-volume-shampoo,https://cdn0.woolworths.media/content/wowproductimages/medium/081904.jpg,2020-09-20 19:49:44,,0,,True
0cff5c6b-eb9e-4b0d-87c9-25f10188a60b,Woolworths Supermarket,Health & Beauty,Head & Shoulders Supreme Purify & Volume Creme Conditioner 550ml,081912,$19.00,$3.45 / 100ML,https://www.woolworths.com.au/shop/productdetails/81912/head-shoulders-supreme-purify-volume-creme-conditioner,https://cdn0.woolworths.media/content/wowproductimages/medium/081912.jpg,2020-09-20 19:49:44,Average product rating out of 5: 4.0. Product score is based on 1 ratings,1,,True
baebb23f-a7f6-4d71-a256-8e6b659eedd5,Woolworths Supermarket,Health & Beauty,John Frieda Detox & Repair Shampoo 250ml,081915,$18.00,$7.20 / 100ML,https://www.woolworths.com.au/shop/productdetails/81915/john-frieda-detox-repair-shampoo,https://cdn0.woolworths.media/content/wowproductimages/medium/081915.jpg,2020-09-20 19:49:44,Average product rating out of 5: 5.0. Product score is based on 1 ratings,1,,True
1556c448-c4e8-4774-a9a1-85f82a767022,Woolworths Supermarket,Health & Beauty,John Frieda Detox & Repair Conditioner 250ml,081916,$18.00,$7.20 / 100ML,https://www.woolworths.com.au/shop/productdetails/81916/john-frieda-detox-repair-conditioner,https://cdn0.woolworths.media/content/wowproductimages/medium/081916.jpg,2020-09-20 19:49:44,Average product rating out of 5: 5.0. Product score is based on 1 ratings,1,,True
28c6aa3e-5ddb-41f8-a3a0-f305bc63146f,Woolworths Supermarket,Health & Beauty,Epzen Relax Magnesium Body Lotion 100ml,081917,$9.00,$9.00 / 100ML,https://www.woolworths.com.au/shop/productdetails/81917/epzen-relax-magnesium-body-lotion,https://cdn0.woolworths.media/content/wowproductimages/medium/081917.jpg,2020-09-20 19:49:44,Average product rating out of 5: 5.0. Product score is based on 1 ratings,1,,True
987eb67b-a5be-4851-875c-befaa5ba5fb5,Woolworths Supermarket,Health & Beauty,Epzen Soothe Magnesium Body Lotion 100ml,081967,$9.00,$9.00 / 100ML,https://www.woolworths.com.au/shop/productdetails/81967/epzen-soothe-magnesium-body-lotion,https://cdn0.woolworths.media/content/wowproductimages/medium/081967.jpg,2020-09-20 19:49:44,,0,,True
e41f915b-3c1b-45ea-b5b1-e47c664784fb,Woolworths Supermarket,Health & Beauty,Skyn Condoms Close Feel 10 pack,082051,$10.00,$1.00 / 1EA,https://www.woolworths.com.au/shop/productdetails/82051/skyn-condoms-close-feel,https://cdn0.woolworths.media/content/wowproductimages/medium/082051.jpg,2020-09-20 19:49:44,,0,,True
8eac5d9b-799a-401f-9d8a-7bf2fe59e6bb,Woolworths Supermarket,Health & Beauty,Batiste Dry Shampoo Colour Protect 200ml,082075,$6.50,$3.25 / 100ML,https://www.woolworths.com.au/shop/productdetails/82075/batiste-dry-shampoo-colour-protect,https://cdn0.woolworths.media/content/wowproductimages/medium/082075.jpg,2020-09-20 19:49:44,,0,,True
4a6b8f70-ac7f-45dc-865e-dc8b15b0997a,Woolworths Supermarket,Health & Beauty,Oral-b Pro-health Advanced Gum Protect Toothpaste 110g,082143,$5.00,$4.55 / 100G,https://www.woolworths.com.au/shop/productdetails/82143/oral-b-pro-health-advanced-gum-protect-toothpaste,https://cdn0.woolworths.media/content/wowproductimages/medium/082143.jpg,2020-09-20 19:49:44,,0,,True
df3ca5fe-fe56-42e4-920b-1e6bef082231,Woolworths Supermarket,Health & Beauty,"Cenovis Echinacea, Garlic, Zinc + C Tablets 60 pack",082194,$16.00,$26.67 / 100EA,https://www.woolworths.com.au/shop/productdetails/82194/cenovis-echinacea-garlic-zinc-c-tablets,https://cdn0.woolworths.media/content/wowproductimages/medium/082194.jpg,2020-09-20 19:49:44,Average product rating out of 5: 4.8. Product score is based on 4 ratings,4,,True
0de5cac2-07e8-4288-9f50-37ea204009bd,Woolworths Supermarket,Health & Beauty,Sambucol Cold & Flu Adult Cough Liquid Black Elderberry 120ml,082201,$18.00,$15.00 / 100ML,https://www.woolworths.com.au/shop/productdetails/82201/sambucol-cold-flu-adult-cough-liquid-black-elderberry,https://cdn0.woolworths.media/content/wowproductimages/medium/082201.jpg,2020-09-20 19:49:44,,0,,True
72fff537-2dad-4a0f-8157-ad1021199376,Woolworths Supermarket,Health & Beauty,L'oreal Men Expert Hydra Energetic Taurine Shower 300ml,082259,$3.00,$1.00 / 100ML,https://www.woolworths.com.au/shop/productdetails/82259/l-oreal-men-expert-hydra-energetic-taurine-shower,https://cdn0.woolworths.media/content/wowproductimages/medium/082259.jpg,2020-09-20 19:49:44,,0,,True
93f9bfc5-e0af-4b21-8deb-1a11333583b7,Woolworths Supermarket,Health & Beauty,Clairol Root Touch-up Color Blending Gel Dark Brown 45ml,082358,$18.00,$40.00 / 100ML,https://www.woolworths.com.au/shop/productdetails/82358/clairol-root-touch-up-color-blending-gel-dark-brown,https://cdn0.woolworths.media/content/wowproductimages/medium/082358.jpg,2020-09-20 19:49:44,,0,,True
96a7c947-8075-4dd4-9d32-de0662623cf7,Woolworths Supermarket,Health & Beauty,Tresemme Colour Shineplex Shampoo 350ml,082387,$9.00,$2.57 / 100ML,https://www.woolworths.com.au/shop/productdetails/82387/tresemme-colour-shineplex-shampoo,https://cdn0.woolworths.media/content/wowproductimages/medium/082387.jpg,2020-09-20 19:49:44,,0,,True
d7bf41dc-4c62-4932-9358-ef8cfca90e2c,Woolworths Supermarket,Health & Beauty,Tresemme Colour Shineplex Conditioner 350ml,082388,$9.00,$2.57 / 100ML,https://www.woolworths.com.au/shop/productdetails/82388/tresemme-colour-shineplex-conditioner,https://cdn0.woolworths.media/content/wowproductimages/medium/082388.jpg,2020-09-20 19:49:44,,0,,True
6a9be3a7-30c1-404a-afdf-4c907dd60eaf,Woolworths Supermarket,Health & Beauty,Ogx Strength & Length Golden Turmeric Conditioner 385ml,082399,$10.00,$2.60 / 100ML,https://www.woolworths.com.au/shop/productdetails/82399/ogx-strength-length-golden-turmeric-conditioner,https://cdn0.woolworths.media/content/wowproductimages/medium/082399.jpg,2020-09-20 19:49:44,,0,,True
bc70fe64-430f-456f-b715-0a09d36de55a,Woolworths Supermarket,Health & Beauty,D3 Waterproof Kinesiology Tape 6m each,082440,$15.00,$15.00 / 1EA,https://www.woolworths.com.au/shop/productdetails/82440/d3-waterproof-kinesiology-tape-6m,https://cdn0.woolworths.media/content/wowproductimages/medium/082440.jpg,2020-09-20 19:49:44,,0,,True
0d8ca0e5-9265-4caa-80d1-a51ec2cb64a0,Woolworths Supermarket,Health & Beauty,Four Seasons Naked Delay Stimulation Condoms 12 pack,082468,$7.00,$0.58 / 1EA,https://www.woolworths.com.au/shop/productdetails/82468/four-seasons-naked-delay-stimulation-condoms,https://cdn0.woolworths.media/content/wowproductimages/medium/082468.jpg,2020-09-20 19:49:44,,0,,True
44ceebdd-7e4c-45df-a535-5c8311dc026e,Woolworths Supermarket,Health & Beauty,Four Seasons Glow In The Dark Condoms 4 pack,082469,$4.90,$1.23 / 1EA,https://www.woolworths.com.au/shop/productdetails/82469/four-seasons-glow-in-the-dark-condoms,https://cdn0.woolworths.media/content/wowproductimages/medium/082469.jpg,2020-09-20 19:49:44,,0,,True
dc318c1b-c9a8-45b0-8df7-b3c550fbe2d8,Woolworths Supermarket,Health & Beauty,L'oreal Revitalift Eye Cream 15ml,082515,$16.50,$110.00 / 100ML,https://www.woolworths.com.au/shop/productdetails/82515/l-oreal-revitalift-eye-cream,https://cdn0.woolworths.media/content/wowproductimages/medium/082515.jpg,2020-09-20 19:49:44,Average product rating out of 5: 5.0. Product score is based on 4 ratings,4,,True
bc117a7d-5776-4619-9071-d311e604f577,Woolworths Supermarket,Health & Beauty,Dove Shampoo Dermacare Anti Dandruff Clean & Fresh 300ml,082541,$11.00,$3.67 / 100ML,https://www.woolworths.com.au/shop/productdetails/82541/dove-shampoo-dermacare-anti-dandruff-clean-fresh,https://cdn0.woolworths.media/content/wowproductimages/medium/082541.jpg,2020-09-20 19:49:44,,0,,True
1a0c3560-38aa-44f6-b009-8ada5ecadf95,Woolworths Supermarket,Health & Beauty,40ea,082558,$22.00,$55.00 / 100EA,https://www.woolworths.com.au/shop/productdetails/82558,https://cdn0.woolworths.media/content/wowproductimages/medium/082558.jpg,2020-09-20 19:49:44,,0,,True
95ed481f-c757-4bbd-b21c-571dcc1710ee,Woolworths Supermarket,Health & Beauty,Dove Dermacare Scalp Anti-dundruff Conditioner Soothing Moisture 300ml,082560,$11.00,$3.67 / 100ML,https://www.woolworths.com.au/shop/productdetails/82560/dove-dermacare-scalp-anti-dundruff-conditioner-soothing-moisture,https://cdn0.woolworths.media/content/wowproductimages/medium/082560.jpg,2020-09-20 19:49:44,,0,,True
313fb991-9feb-42da-879b-02460ee366f3,Woolworths Supermarket,Health & Beauty,Lynx Australia Deodorant Bodyspray 165ml,082602,$4.90,$2.97 / 100ML,https://www.woolworths.com.au/shop/productdetails/82602/lynx-australia-deodorant-bodyspray,https://cdn0.woolworths.media/content/wowproductimages/medium/082602.jpg,2020-09-20 19:49:44,,0,,True
de8c1d51-2bb1-4aff-a178-95d009d51be0,Woolworths Supermarket,Health & Beauty,Voltaren 12 Hourly Osteo Gel 100g,082708,$28.00,$28.00 / 100G,https://www.woolworths.com.au/shop/productdetails/82708/voltaren-12-hourly-osteo-gel,https://cdn0.woolworths.media/content/wowproductimages/medium/082708.jpg,2020-09-20 19:49:44,,0,,True
33ee6003-464b-4d9c-b088-40824d0a6eb9,Woolworths Supermarket,Health & Beauty,Strepsils Extra Blackcurrant Fast Numbing Pain Relief Lozenges 36 pack,082798,$10.00,$10.00 / 1EA,https://www.woolworths.com.au/shop/productdetails/82798/strepsils-extra-blackcurrant-fast-numbing-pain-relief-lozenges,https://cdn0.woolworths.media/content/wowproductimages/medium/082798.jpg,2020-09-20 19:49:44,,0,,True
fb425e50-3198-466b-ae92-05752719ed70,Woolworths Supermarket,Health & Beauty,Strepsils Plus Blocked Nose 16 pack,082799,$7.50,$0.47 / 1EA,https://www.woolworths.com.au/shop/productdetails/82799/strepsils-plus-blocked-nose,https://cdn0.woolworths.media/content/wowproductimages/medium/082799.jpg,2020-09-20 19:49:44,,0,,True
10eac1a7-048f-4530-9782-0d69c39040e6,Woolworths Supermarket,Health & Beauty,Nyal Gentle Relief Saline 30ml,082831,$8.00,$26.67 / 100ML,https://www.woolworths.com.au/shop/productdetails/82831/nyal-gentle-relief-saline,https://cdn0.woolworths.media/content/wowproductimages/medium/082831.jpg,2020-09-20 19:49:44,,0,,True
e22afd96-472d-4cbc-a4c3-8a92c4b6fcbd,Woolworths Supermarket,Health & Beauty,Dove Dermacare Scalp Anti-dundruff Conditioner Dry Scalp Relief 300ml,082849,$11.00,$3.67 / 100ML,https://www.woolworths.com.au/shop/productdetails/82849/dove-dermacare-scalp-anti-dundruff-conditioner-dry-scalp-relief,https://cdn0.woolworths.media/content/wowproductimages/medium/082849.jpg,2020-09-20 19:49:44,,0,,True
0852eb12-406e-447a-a231-fe5c523959a9,Woolworths Supermarket,Health & Beauty,Gillette Foam Sensitive Skin 333g,082913,$4.60,$1.38 / 100G,https://www.woolworths.com.au/shop/productdetails/82913/gillette-foam-sensitive-skin,https://cdn0.woolworths.media/content/wowproductimages/medium/082913.jpg,2020-09-20 19:49:44,,0,,True
4ae17808-aabf-4f5b-a153-3fd53757a2af,Woolworths Supermarket,Health & Beauty,Gillette Foam Lemon Lime 333g,082914,$4.60,$1.38 / 100G,https://www.woolworths.com.au/shop/productdetails/82914/gillette-foam-lemon-lime,https://cdn0.woolworths.media/content/wowproductimages/medium/082914.jpg,2020-09-20 19:49:44,,0,,True
93e350e1-b860-4000-91f9-11f47e191045,Woolworths Supermarket,Health & Beauty,Caredent Cosmic Flashing Toothbrush For Kids each,083090,$5.00,$5.00 / 1EA,https://www.woolworths.com.au/shop/productdetails/83090/caredent-cosmic-flashing-toothbrush-for-kids,https://cdn0.woolworths.media/content/wowproductimages/medium/083090.jpg,2020-09-20 19:49:44,,0,,True
f4c63858-58a4-40c3-9776-711200bd192a,Woolworths Supermarket,Health & Beauty,Travacalm Natural Tablets 10 pack,083118,$5.00,$0.50 / 1EA,https://www.woolworths.com.au/shop/productdetails/83118/travacalm-natural-tablets,https://cdn0.woolworths.media/content/wowproductimages/medium/083118.jpg,2020-09-20 19:49:44,,0,,True
d91ad086-2ab3-4198-bcc0-df2d1dbe896b,Woolworths Supermarket,Health & Beauty,Bronchodual Cough Syrup 120ml,083121,$7.20,$6.00 / 100ML,https://www.woolworths.com.au/shop/productdetails/83121/bronchodual-cough-syrup,https://cdn0.woolworths.media/content/wowproductimages/medium/083121.jpg,2020-09-20 19:49:44,,0,,True
c7e92955-5a19-415e-8cae-2e04f9f0b3bf,Woolworths Supermarket,Health & Beauty,Oral-b Cross Action Ultrathin Manual Toothbrush each,083122,$6.00,$6.00 / 1EA,https://www.woolworths.com.au/shop/productdetails/83122/oral-b-cross-action-ultrathin-manual-toothbrush,https://cdn0.woolworths.media/content/wowproductimages/medium/083122.jpg,2020-09-20 19:49:44,,0,,True
952ecac9-d26a-45e3-8026-f584d8367f46,Woolworths Supermarket,Health & Beauty,Dove Conditioner Dermacare Anti Dandruff Clean & Fresh 300ml,083128,$11.00,$3.67 / 100ML,https://www.woolworths.com.au/shop/productdetails/83128/dove-conditioner-dermacare-anti-dandruff-clean-fresh,https://cdn0.woolworths.media/content/wowproductimages/medium/083128.jpg,2020-09-20 19:49:44,,0,,True
42dee603-a657-4671-8439-b210453247e2,Woolworths Supermarket,Health & Beauty,Pantene Pro-v Smooth & Sleek Conditioner 375ml,083228,$6.00,$1.60 / 100ML,https://www.woolworths.com.au/shop/productdetails/83228/pantene-pro-v-smooth-sleek-conditioner,https://cdn0.woolworths.media/content/wowproductimages/medium/083228.jpg,2020-09-20 19:49:44,Average product rating out of 5: 5.0. Product score is based on 2 ratings,2,Was $8.00 01/06/2020,True
fc279be7-b5d0-434a-8af6-61f499c168ba,Woolworths Supermarket,Health & Beauty,Pantene Pro-v Colour Protection Conditioner 375ml,083229,$6.00,$1.60 / 100ML,https://www.woolworths.com.au/shop/productdetails/83229/pantene-pro-v-colour-protection-conditioner,https://cdn0.woolworths.media/content/wowproductimages/medium/083229.jpg,2020-09-20 19:49:44,Average product rating out of 5: 5.0. Product score is based on 1 ratings,1,Was $8.00 01/06/2020,True
b94d44c5-50e4-4cae-b86d-2277464077ce,Woolworths Supermarket,Health & Beauty,Pantene Pro-v Blends Rosewater Moisture Restoring Shampoo 530ml,083230,$12.60,$2.38 / 100ML,https://www.woolworths.com.au/shop/productdetails/83230/pantene-pro-v-blends-rosewater-moisture-restoring-shampoo,https://cdn0.woolworths.media/content/wowproductimages/medium/083230.jpg,2020-09-20 19:49:44,Average product rating out of 5: 5.0. Product score is based on 2 ratings,2,,True
13eb47a2-f5bb-426b-b14b-36043cde68b9,Woolworths Supermarket,Health & Beauty,Pantene Prov Blend Rosewater Moisture Restoring Conditioner 530ml,083239,$12.60,$2.38 / 100ML,https://www.woolworths.com.au/shop/productdetails/83239/pantene-prov-blend-rosewater-moisture-restoring-conditioner,https://cdn0.woolworths.media/content/wowproductimages/medium/083239.jpg,2020-09-20 19:49:44,Average product rating out of 5: 2.5. Product score is based on 2 ratings,2,,True
7fd839fc-ae46-41a1-b13c-8a1913313735,Woolworths Supermarket,Health & Beauty,Pantene Prov Blend Rosewater Moisture Restoring Conditioner 300ml,083240,$9.10,,https://www.woolworths.com.au/shop/productdetails/83240/pantene-prov-blend-rosewater-moisture-restoring-conditioner,https://cdn0.woolworths.media/content/wowproductimages/medium/083240.jpg,2020-09-20 19:49:44,Average product rating out of 5: 5.0. Product score is based on 1 ratings,1,,True
0b55f627-5066-40be-8882-9c9fd321874d,Woolworths Supermarket,Health & Beauty,Pantene Pro-v Sheer Volume Conditioner 375ml,083242,$6.00,$1.60 / 100ML,https://www.woolworths.com.au/shop/productdetails/83242/pantene-pro-v-sheer-volume-conditioner,https://cdn0.woolworths.media/content/wowproductimages/medium/083242.jpg,2020-09-20 19:49:44,Average product rating out of 5: 5.0. Product score is based on 2 ratings,2,Was $8.00 01/06/2020,True
3be6391f-13c0-4bf4-a4b4-6391635be94f,Woolworths Supermarket,Health & Beauty,Schwarzkopf Extra Care Bio Tech Colour Shampoo 500ml,083248,$10.20,$2.04 / 100ML,https://www.woolworths.com.au/shop/productdetails/83248/schwarzkopf-extra-care-bio-tech-colour-shampoo,https://cdn0.woolworths.media/content/wowproductimages/medium/083248.jpg,2020-09-20 19:49:44,,0,,True
d604fd87-9946-4d51-bb14-25b6f1bad6c3,Woolworths Supermarket,Health & Beauty,Pantene Pro-v Long & Strong Shampoo 375ml,083253,$6.00,$1.60 / 100ML,https://www.woolworths.com.au/shop/productdetails/83253/pantene-pro-v-long-strong-shampoo,https://cdn0.woolworths.media/content/wowproductimages/medium/083253.jpg,2020-09-20 19:49:44,Average product rating out of 5: 5.0. Product score is based on 1 ratings,1,Was $8.00 01/06/2020,True
1e78d9c4-0f60-4379-9df6-5cf7cca06904,Woolworths Supermarket,Health & Beauty,Pantene Pro-v Smooth & Sleek Shampoo 375ml,083254,$6.00,$1.60 / 100ML,https://www.woolworths.com.au/shop/productdetails/83254/pantene-pro-v-smooth-sleek-shampoo,https://cdn0.woolworths.media/content/wowproductimages/medium/083254.jpg,2020-09-20 19:49:44,Average product rating out of 5: 4.3. Product score is based on 3 ratings,3,Was $8.00 01/06/2020,True
7c2e2850-a641-4a52-86c0-4202e09d03e0,Woolworths Supermarket,Health & Beauty,Schwarzkopf Extra Care Bio Tech Colour Conditioner 500ml,083260,$10.20,$2.04 / 100ML,https://www.woolworths.com.au/shop/productdetails/83260/schwarzkopf-extra-care-bio-tech-colour-conditioner,https://cdn0.woolworths.media/content/wowproductimages/medium/083260.jpg,2020-09-20 19:49:44,Average product rating out of 5: 5.0. Product score is based on 1 ratings,1,,True
5eaad622-617e-4315-bd01-b268e01986f4,Woolworths Supermarket,Health & Beauty,Tresemme Thick & Full Shampoo 675ml,083266,$13.00,$1.93 / 100ML,https://www.woolworths.com.au/shop/productdetails/83266/tresemme-thick-full-shampoo,https://cdn0.woolworths.media/content/wowproductimages/medium/083266.jpg,2020-09-20 19:49:44,,0,,True
85454ff8-01f0-42b3-981e-13223567a9d9,Woolworths Supermarket,Health & Beauty,Zeiss Lens Wipes 50 pack,083274,$7.00,$0.14 / 1EA,https://www.woolworths.com.au/shop/productdetails/83274/zeiss-lens-wipes,https://cdn0.woolworths.media/content/wowproductimages/medium/083274.jpg,2020-09-20 19:49:44,,0,,True
70c75132-801f-43f2-9a34-3a69afe59470,Woolworths Supermarket,Health & Beauty,Neutrogena Black Head Eliminating Scrub 150ml,083283,$14.50,$9.67 / 100ML,https://www.woolworths.com.au/shop/productdetails/83283/neutrogena-black-head-eliminating-scrub,https://cdn0.woolworths.media/content/wowproductimages/medium/083283.jpg,2020-09-20 19:49:44,,0,,True
853c070f-2795-479d-99cf-f0c8b87d9820,Woolworths Supermarket,Health & Beauty,Astroglide Gel Water Based Personal Lubricant 113g,083350,$9.10,$8.05 / 100G,https://www.woolworths.com.au/shop/productdetails/83350/astroglide-gel-water-based-personal-lubricant,https://cdn0.woolworths.media/content/wowproductimages/medium/083350.jpg,2020-09-20 19:49:44,,0,,True
7d0829c8-b473-43c1-8381-b2f3f8178109,Woolworths Supermarket,Health & Beauty,Strepsils Double Antibacterial Lozenges Menthol & Mint 36 pack,083378,$10.50,$0.29 / 1EA,https://www.woolworths.com.au/shop/productdetails/83378/strepsils-double-antibacterial-lozenges-menthol-mint,https://cdn0.woolworths.media/content/wowproductimages/medium/083378.jpg,2020-09-20 19:49:44,,0,,True
e4be1978-3fdc-4fb8-a0cf-daf0ddbc0bb5,Woolworths Supermarket,Health & Beauty,Woobamboo Kids Toothbrush 2 pack,083429,$8.00,,https://www.woolworths.com.au/shop/productdetails/83429/woobamboo-kids-toothbrush,https://cdn0.woolworths.media/content/wowproductimages/medium/083429.jpg,2020-09-20 19:49:44,Average product rating out of 5: 5.0. Product score is based on 2 ratings,2,,True
35b0e1a1-78a0-4851-840d-6534bf72566e,Woolworths Supermarket,Health & Beauty,Schwarzkopf Extra Care Bio Tech Pro-balance Shampoo 500ml,083439,$10.20,$2.04 / 100ML,https://www.woolworths.com.au/shop/productdetails/83439/schwarzkopf-extra-care-bio-tech-pro-balance-shampoo,https://cdn0.woolworths.media/content/wowproductimages/medium/083439.jpg,2020-09-20 19:49:44,Average product rating out of 5: 2.5. Product score is based on 2 ratings,2,,True
6449f138-54a0-4285-99ae-f5b66260abc5,Woolworths Supermarket,Health & Beauty,Schwarzkopf Extra Care Bio Tech Repair Shampoo 500ml,083446,$10.20,$2.04 / 100ML,https://www.woolworths.com.au/shop/productdetails/83446/schwarzkopf-extra-care-bio-tech-repair-shampoo,https://cdn0.woolworths.media/content/wowproductimages/medium/083446.jpg,2020-09-20 19:49:44,Average product rating out of 5: 5.0. Product score is based on 2 ratings,2,,True
0dd47967-ae6f-4bf1-a0a7-3222fddc2a80,Woolworths Supermarket,Health & Beauty,Schwarzkopf Extra Care Bio Tech Pro-balance Conditioner 500ml,083447,$10.20,$2.04 / 100ML,https://www.woolworths.com.au/shop/productdetails/83447/schwarzkopf-extra-care-bio-tech-pro-balance-conditioner,https://cdn0.woolworths.media/content/wowproductimages/medium/083447.jpg,2020-09-20 19:49:44,Average product rating out of 5: 2.0. Product score is based on 1 ratings,1,,True
dfb6031f-0ea4-4a79-9569-63578608f2dc,Woolworths Supermarket,Health & Beauty,Schwarzkopf Extra Care Bio Tech 4in1 Repair Treatment 250ml,083448,$9.00,$3.60 / 100ML,https://www.woolworths.com.au/shop/productdetails/83448/schwarzkopf-extra-care-bio-tech-4in1-repair-treatment,https://cdn0.woolworths.media/content/wowproductimages/medium/083448.jpg,2020-09-20 19:49:44,Average product rating out of 5: 4.0. Product score is based on 2 ratings,2,,True
0f236501-d039-4cbb-ba3a-784e5e47a086,Woolworths Supermarket,Health & Beauty,Ogx Tame & Shine Cream 177ml,083469,$10.50,$5.93 / 100ML,https://www.woolworths.com.au/shop/productdetails/83469/ogx-tame-shine-cream,https://cdn0.woolworths.media/content/wowproductimages/medium/083469.jpg,2020-09-20 19:49:44,,0,,True
f1e3d107-de06-4856-a37e-e9b66473ca1c,Woolworths Supermarket,Health & Beauty,Piksters Interdental Brushes Size 00 10 pack,083515,$6.50,,https://www.woolworths.com.au/shop/productdetails/83515/piksters-interdental-brushes-size-00,https://cdn0.woolworths.media/content/wowproductimages/medium/083515.jpg,2020-09-20 19:49:44,Average product rating out of 5: 4.0. Product score is based on 1 ratings,1,,True
e1453a90-fbf0-4b88-b75c-1bb750768bd3,Woolworths Supermarket,Health & Beauty,Piksters Spearmint Silk Floss 25m each,083516,$5.00,,https://www.woolworths.com.au/shop/productdetails/83516/piksters-spearmint-silk-floss-25m,https://cdn0.woolworths.media/content/wowproductimages/medium/083516.jpg,2020-09-20 19:49:44,,0,,True
2f3d635d-326a-41ea-beef-2c59851e7060,Woolworths Supermarket,Health & Beauty,Sensodyne Gum Dual Action Extra Fresh Toothpaste 100g,083518,$11.50,$11.50 / 100G,https://www.woolworths.com.au/shop/productdetails/83518/sensodyne-gum-dual-action-extra-fresh-toothpaste,https://cdn0.woolworths.media/content/wowproductimages/medium/083518.jpg,2020-09-20 19:49:44,Average product rating out of 5: 4.8. Product score is based on 5 ratings,5,,True
7daf626c-f8ef-4d77-9cc1-ea41e89e3b4a,Woolworths Supermarket,Health & Beauty,Piksters Bamboo Straight Interdental Brushes & Caps Size 1 8 pack,083528,$8.00,,https://www.woolworths.com.au/shop/productdetails/83528/piksters-bamboo-straight-interdental-brushes-caps-size-1,https://cdn0.woolworths.media/content/wowproductimages/medium/083528.jpg,2020-09-20 19:49:44,Average product rating out of 5: 3.8. Product score is based on 4 ratings,4,,True
40a51256-d2c4-4ee0-8cd6-96fce4140b55,Woolworths Supermarket,Health & Beauty,Piksters Eco Floss Picks 30 pack,083529,$3.50,,https://www.woolworths.com.au/shop/productdetails/83529/piksters-eco-floss-picks,https://cdn0.woolworths.media/content/wowproductimages/medium/083529.jpg,2020-09-20 19:49:44,Average product rating out of 5: 4.8. Product score is based on 4 ratings,4,,True
bdb7c117-ffe8-4698-89f7-41d2493b86ad,Woolworths Supermarket,Health & Beauty,Schwarzkopf Extra Care Bio Tech Repair Conditioner 500ml,083542,$10.20,$2.04 / 100ML,https://www.woolworths.com.au/shop/productdetails/83542/schwarzkopf-extra-care-bio-tech-repair-conditioner,https://cdn0.woolworths.media/content/wowproductimages/medium/083542.jpg,2020-09-20 19:49:44,Average product rating out of 5: 4.0. Product score is based on 2 ratings,2,,True
08eefad1-ee17-43a2-ab02-7260652e97bf,Woolworths Supermarket,Health & Beauty,Polident 3 Minute Denture Cleanser 66 pack,083545,$10.00,,https://www.woolworths.com.au/shop/productdetails/83545/polident-3-minute-denture-cleanser,https://cdn0.woolworths.media/content/wowproductimages/medium/083545.jpg,2020-09-20 19:49:44,Average product rating out of 5: 5.0. Product score is based on 2 ratings,2,,True
8e66152c-eafe-4543-bad1-c76be747a8e2,Woolworths Supermarket,Health & Beauty,Sensodyne Dual Action Toothpaste 100g,083546,$11.50,,https://www.woolworths.com.au/shop/productdetails/83546/sensodyne-dual-action-toothpaste,https://cdn0.woolworths.media/content/wowproductimages/medium/083546.jpg,2020-09-20 19:49:44,Average product rating out of 5: 5.0. Product score is based on 2 ratings,2,,True
ec87da3e-8948-43bc-96d6-d39f9fbd24a5,Woolworths Supermarket,Health & Beauty,Provoke Liquid Blonde Touch Of Silver Leave In Purple Conditioner 150ml,083573,$10.00,$6.67 / 100ML,https://www.woolworths.com.au/shop/productdetails/83573/provoke-liquid-blonde-touch-of-silver-leave-in-purple-conditioner,https://cdn0.woolworths.media/content/wowproductimages/medium/083573.jpg,2020-09-20 19:49:44,,0,,True
584cadc5-9e9d-49c0-aa73-5f12e01a98bd,Woolworths Supermarket,Health & Beauty,Oral-b Pro 800 Electric Toothbrush each,083607,$100.00,$100.00 / 1EA,https://www.woolworths.com.au/shop/productdetails/83607/oral-b-pro-800-electric-toothbrush,https://cdn0.woolworths.media/content/wowproductimages/medium/083607.jpg,2020-09-20 19:49:44,,0,,True
a95318c5-a1f3-42a5-8b6d-a72f421224cb,Woolworths Supermarket,Health & Beauty,Bronchodual Cough Pastilles 20 pack,083618,$7.20,$0.36 / 1EA,https://www.woolworths.com.au/shop/productdetails/83618/bronchodual-cough-pastilles,https://cdn0.woolworths.media/content/wowproductimages/medium/083618.jpg,2020-09-20 19:49:44,,0,,True
3cf0f072-223e-45e3-bdc9-1076e4c1a0e9,Woolworths Supermarket,Health & Beauty,Difflam Plus Anaesthetic Pinelime 16 pack,083809,$8.00,$0.50 / 1EA,https://www.woolworths.com.au/shop/productdetails/83809/difflam-plus-anaesthetic-pinelime,https://cdn0.woolworths.media/content/wowproductimages/medium/083809.jpg,2020-09-20 19:49:44,,0,,True
5610018a-0fd8-4824-9125-335fdd64c603,Woolworths Supermarket,Health & Beauty,Difflam Rtu Iodine Gargle 200ml,083823,$7.00,$3.50 / 100ML,https://www.woolworths.com.au/shop/productdetails/83823/difflam-rtu-iodine-gargle,https://cdn0.woolworths.media/content/wowproductimages/medium/083823.jpg,2020-09-20 19:49:44,,0,,True
1da05d63-98d6-417d-96e3-8b22b98cbe09,Woolworths Supermarket,Health & Beauty,Maui Moisture Hibiscus Water Shampoo 385ml,083824,$22.00,$5.71 / 100ML,https://www.woolworths.com.au/shop/productdetails/83824/maui-moisture-hibiscus-water-shampoo,https://cdn0.woolworths.media/content/wowproductimages/medium/083824.jpg,2020-09-20 19:49:44,,0,,True
4778d671-bd13-46aa-b462-fa82be46a123,Woolworths Supermarket,Health & Beauty,Crampfix Rapid Mouth Spray Sour Cherry Flavour 30ml,083829,$25.00,$83.33 / 100ML,https://www.woolworths.com.au/shop/productdetails/83829/crampfix-rapid-mouth-spray-sour-cherry-flavour,https://cdn0.woolworths.media/content/wowproductimages/medium/083829.jpg,2020-09-20 19:49:44,,0,,True
14e6e3d3-51b4-4efd-a294-aaf3c60370e4,Woolworths Supermarket,Health & Beauty,Dove Conditioner Dermacare Anti Dandruff Coconut & Hydration 300ml,083839,$11.00,$3.67 / 100ML,https://www.woolworths.com.au/shop/productdetails/83839/dove-conditioner-dermacare-anti-dandruff-coconut-hydration,https://cdn0.woolworths.media/content/wowproductimages/medium/083839.jpg,2020-09-20 19:49:44,,0,,True
98a029fc-2fc7-46b3-962e-9b56154251c4,Woolworths Supermarket,Health & Beauty,Palmer's Cocoa Butter Formula Skin Therapy Oil 60ml,083960,$10.40,$17.33 / 100ML,https://www.woolworths.com.au/shop/productdetails/83960/palmer-s-cocoa-butter-formula-skin-therapy-oil,https://cdn0.woolworths.media/content/wowproductimages/medium/083960.jpg,2020-09-20 19:49:44,,0,,True
cef426ed-719f-4882-a4f2-376322832f3d,Woolworths Supermarket,Health & Beauty,Ogx Shine & Heat Protect Spray 177m,083973,$10.50,$5.93 / 100ML,https://www.woolworths.com.au/shop/productdetails/83973/ogx-shine-heat-protect-spray,https://cdn0.woolworths.media/content/wowproductimages/medium/083973.jpg,2020-09-20 19:49:44,,0,,True
5fa0ae42-f63e-4dd0-98c8-b8b13be4e582,Woolworths Supermarket,Health & Beauty,Ogx Flexible Hold Hairspray 177ml,083980,$10.50,$5.93 / 100ML,https://www.woolworths.com.au/shop/productdetails/83980/ogx-flexible-hold-hairspray,https://cdn0.woolworths.media/content/wowproductimages/medium/083980.jpg,2020-09-20 19:49:44,,0,,True
baec97bf-1bea-4256-a76a-069ccb90be9f,Woolworths Supermarket,Health & Beauty,Tru Colour Skin Tone Bandages Orange 20 pack,084029,$5.00,$0.25 / 1EA,https://www.woolworths.com.au/shop/productdetails/84029/tru-colour-skin-tone-bandages-orange,https://cdn0.woolworths.media/content/wowproductimages/medium/084029.jpg,2020-09-20 19:49:44,,0,,True
f2d5b764-1bd5-4a51-9b0a-51d253fb082c,Woolworths Supermarket,Health & Beauty,Dove Dermacare Scalp Anti-dundruff Shampoo Soothing Moisture 300ml,084272,$11.00,$3.67 / 100ML,https://www.woolworths.com.au/shop/productdetails/84272/dove-dermacare-scalp-anti-dundruff-shampoo-soothing-moisture,https://cdn0.woolworths.media/content/wowproductimages/medium/084272.jpg,2020-09-20 19:49:44,Average product rating out of 5: 5.0. Product score is based on 1 ratings,1,,True
2d0a3710-e251-45cf-9846-9429a6479c1b,Woolworths Supermarket,Health & Beauty,Tru Colour Skin Tone Bandages Purple 20 pack,084298,$5.00,$0.25 / 1EA,https://www.woolworths.com.au/shop/productdetails/84298/tru-colour-skin-tone-bandages-purple,https://cdn0.woolworths.media/content/wowproductimages/medium/084298.jpg,2020-09-20 19:49:44,,0,,True
eaef0f7b-c519-4350-a88a-b0577c299466,Woolworths Supermarket,Health & Beauty,Strepsils Plus Blocked Nose 36 pack,084531,$10.00,$0.28 / 1EA,https://www.woolworths.com.au/shop/productdetails/84531/strepsils-plus-blocked-nose,https://cdn0.woolworths.media/content/wowproductimages/medium/084531.jpg,2020-09-20 19:49:44,,0,,True
d97bac86-6cf3-44fe-bb7d-8135d65cb06f,Woolworths Supermarket,Health & Beauty,Vicks Vapodrops Original Menthol Lozenges 42 pack,084576,$6.00,$14.29 / 100EA,https://www.woolworths.com.au/shop/productdetails/84576/vicks-vapodrops-original-menthol-lozenges,https://cdn0.woolworths.media/content/wowproductimages/medium/084576.jpg,2020-09-20 19:49:44,Average product rating out of 5: 5.0. Product score is based on 1 ratings,1,,True
47612cff-2578-432b-b72a-90ea00fca676,Woolworths Supermarket,Health & Beauty,Vicks Vapodrops & Anti-inflammatory Lemon Menthol Lozenges 16 pack,084577,$6.40,$0.40 / 1EA,https://www.woolworths.com.au/shop/productdetails/84577/vicks-vapodrops-anti-inflammatory-lemon-menthol-lozenges,https://cdn0.woolworths.media/content/wowproductimages/medium/084577.jpg,2020-09-20 19:49:44,,0,,True
056d5fb0-c795-46b3-bde0-7f6cb71235e0,Woolworths Supermarket,Health & Beauty,Vicks Vapodrops Butter Menthol Lozenges 42 pack,084578,$6.00,$14.29 / 100EA,https://www.woolworths.com.au/shop/productdetails/84578/vicks-vapodrops-butter-menthol-lozenges,https://cdn0.woolworths.media/content/wowproductimages/medium/084578.jpg,2020-09-20 19:49:44,Average product rating out of 5: 4.0. Product score is based on 1 ratings,1,,True
06d1a962-608e-4694-87b6-b3cf30c575fb,Woolworths Supermarket,Health & Beauty,Vicks Cough Syrup Dry & Chesty 200ml,084579,$15.00,$7.50 / 100ML,https://www.woolworths.com.au/shop/productdetails/84579/vicks-cough-syrup-dry-chesty,https://cdn0.woolworths.media/content/wowproductimages/medium/084579.jpg,2020-09-20 19:49:44,,0,,True
c6824d64-0e24-4591-84f4-3ae3155d2602,Woolworths Supermarket,Health & Beauty,Pantene Pro-v Sheer Volume Shampoo 375ml,084702,$6.00,$1.60 / 100ML,https://www.woolworths.com.au/shop/productdetails/84702/pantene-pro-v-sheer-volume-shampoo,https://cdn0.woolworths.media/content/wowproductimages/medium/084702.jpg,2020-09-20 19:49:44,Average product rating out of 5: 4.5. Product score is based on 4 ratings,4,Was $8.00 01/06/2020,True
ba1029fc-3ef1-4a79-bbd3-03854437d37f,Woolworths Supermarket,Health & Beauty,Maui Moisture Hibiscus Water Conditioner 385ml,084920,$22.00,$5.71 / 100ML,https://www.woolworths.com.au/shop/productdetails/84920/maui-moisture-hibiscus-water-conditioner,https://cdn0.woolworths.media/content/wowproductimages/medium/084920.jpg,2020-09-20 19:49:44,,0,,True
f14685f4-eb55-4368-bcf6-347ff18b6ab3,Woolworths Supermarket,Health & Beauty,Ogx Strength & Length Golden Turmeric Shampoo 385ml,084952,$10.00,$2.60 / 100ML,https://www.woolworths.com.au/shop/productdetails/84952/ogx-strength-length-golden-turmeric-shampoo,https://cdn0.woolworths.media/content/wowproductimages/medium/084952.jpg,2020-09-20 19:49:44,,0,,True
4fcf5757-f5d1-4094-bc12-974e6628818a,Woolworths Supermarket,Health & Beauty,Sup Multi Essentials Gummies Berry Orange & Lemon Flavour 65 pack,084961,$20.00,$30.77 / 100EA,https://www.woolworths.com.au/shop/productdetails/84961/sup-multi-essentials-gummies-berry-orange-lemon-flavour,https://cdn0.woolworths.media/content/wowproductimages/medium/084961.jpg,2020-09-20 19:49:44,,0,,True
a77d0289-44b0-433a-a757-1693d397d92c,Woolworths Supermarket,Health & Beauty,Ogx Coconut Milk Dry Shampoo 200ml,084979,$10.00,$5.00 / 100ML,https://www.woolworths.com.au/shop/productdetails/84979/ogx-coconut-milk-dry-shampoo,https://cdn0.woolworths.media/content/wowproductimages/medium/084979.jpg,2020-09-20 19:49:44,,0,,True
b910a81a-29f7-446b-993b-7f7d6cbc4e3e,Woolworths Supermarket,Health & Beauty,Dove Dermacare Scalp Anti-dundruff Shampoo Dry Scalp Relief 300ml,085051,$11.00,$3.67 / 100ML,https://www.woolworths.com.au/shop/productdetails/85051/dove-dermacare-scalp-anti-dundruff-shampoo-dry-scalp-relief,https://cdn0.woolworths.media/content/wowproductimages/medium/085051.jpg,2020-09-20 19:49:44,,0,,True
3a1eb30f-5b5c-4439-ace5-19dee58c6803,Woolworths Supermarket,Health & Beauty,Ogx Coconut Oil Air Dry Cream 177ml,085060,$10.50,$5.93 / 100ML,https://www.woolworths.com.au/shop/productdetails/85060/ogx-coconut-oil-air-dry-cream,https://cdn0.woolworths.media/content/wowproductimages/medium/085060.jpg,2020-09-20 19:49:44,,0,,True
ff599cba-3590-477a-a077-803d45e5fd0a,Woolworths Supermarket,Health & Beauty,Meta Align Daily Probiotic Supplement 28 pack,085095,$37.00,$1.32 / 1EA,https://www.woolworths.com.au/shop/productdetails/85095/meta-align-daily-probiotic-supplement,https://cdn0.woolworths.media/content/wowproductimages/medium/085095.jpg,2020-09-20 19:49:44,,0,,True
1ad6be03-7e91-47ed-9c69-80730805a77f,Woolworths Supermarket,Health & Beauty,Nature's Way Beauty Collagen Mature Skin Gummies Orange Flavoured 40 pack,085103,$25.00,$62.50 / 100EA,https://www.woolworths.com.au/shop/productdetails/85103/nature-s-way-beauty-collagen-mature-skin-gummies-orange-flavoured,https://cdn0.woolworths.media/content/wowproductimages/medium/085103.jpg,2020-09-20 19:49:44,Average product rating out of 5: 3.0. Product score is based on 1 ratings,1,,True
733ba628-6386-4abc-bc49-066b699b906b,Woolworths Supermarket,Health & Beauty,Nature's Way Apple Cider Vinegar Gummies 65 pack,085116,$20.00,$30.77 / 100EA,https://www.woolworths.com.au/shop/productdetails/85116/nature-s-way-apple-cider-vinegar-gummies,https://cdn0.woolworths.media/content/wowproductimages/medium/085116.jpg,2020-09-20 19:49:44,Average product rating out of 5: 3.5. Product score is based on 2 ratings,2,,True
ce87dc36-0e1b-4893-b71a-8de37357caa4,Woolworths Supermarket,Health & Beauty,Herbal Essences Bio Renew Golden Moringa Oil Conditioner 600ml,085137,$18.00,$3.00 / 100ML,https://www.woolworths.com.au/shop/productdetails/85137/herbal-essences-bio-renew-golden-moringa-oil-conditioner,https://cdn0.woolworths.media/content/wowproductimages/medium/085137.jpg,2020-09-20 19:49:44,,0,,True
fec769dd-2e5b-4ea4-b90f-7c39341d8f9d,Woolworths Supermarket,Health & Beauty,Lemsip All In One Lemon Capsules 16 pack,085138,$10.00,$0.63 / 1EA,https://www.woolworths.com.au/shop/productdetails/85138/lemsip-all-in-one-lemon-capsules,https://cdn0.woolworths.media/content/wowproductimages/medium/085138.jpg,2020-09-20 19:49:44,,0,,True
c91aaf3f-c5b4-4c6b-a54d-5ff1887da3b2,Woolworths Supermarket,Health & Beauty,Herbal Essences Bio Renew Golden Moringa Oil Shampoo 600ml,085186,$18.00,$3.00 / 100ML,https://www.woolworths.com.au/shop/productdetails/85186/herbal-essences-bio-renew-golden-moringa-oil-shampoo,https://cdn0.woolworths.media/content/wowproductimages/medium/085186.jpg,2020-09-20 19:49:44,,0,,True
60c8bde0-26c4-4cdb-90de-84888680cd96,Woolworths Supermarket,Health & Beauty,Pantene Prov Blend Rosewater Moisture Restoring Shampoo 300ml,085187,$9.10,$3.03 / 100ML,https://www.woolworths.com.au/shop/productdetails/85187/pantene-prov-blend-rosewater-moisture-restoring-shampoo,https://cdn0.woolworths.media/content/wowproductimages/medium/085187.jpg,2020-09-20 19:49:44,,0,,True
c0712de5-fa22-4f4f-9c45-9c4d45c5f678,Woolworths Supermarket,Health & Beauty,Ogx Renewing & Argan Oil Extra Penetrating 100ml,085346,$13.50,$13.50 / 100ML,https://www.woolworths.com.au/shop/productdetails/85346/ogx-renewing-argan-oil-extra-penetrating,https://cdn0.woolworths.media/content/wowproductimages/medium/085346.jpg,2020-09-20 19:49:44,,0,,True
1c8674a7-dbec-46ef-9db2-0644014f4fd1,Woolworths Supermarket,Health & Beauty,Cenovis Glucosamine + Fish Oil Capsules 200 pack,085465,$25.00,$12.50 / 100EA,https://www.woolworths.com.au/shop/productdetails/85465/cenovis-glucosamine-fish-oil-capsules,https://cdn0.woolworths.media/content/wowproductimages/medium/085465.jpg,2020-09-20 19:49:44,,0,,True
c0b43311-4049-4def-a9fc-47e7f6b2062b,Woolworths Supermarket,Health & Beauty,Cenovis Once Daily Men's Multi + Performance Capsules 100 pack,085592,$30.00,$30.00 / 100EA,https://www.woolworths.com.au/shop/productdetails/85592/cenovis-once-daily-men-s-multi-performance-capsules,https://cdn0.woolworths.media/content/wowproductimages/medium/085592.jpg,2020-09-20 19:49:44,,0,,True
da5cd50e-8771-492a-b409-596e5d312ece,Woolworths Supermarket,Health & Beauty,Cenovis Sugarless C 500mg Tablets Orange Flavour 160 pack,085593,$6.00,$3.75 / 100EA,https://www.woolworths.com.au/shop/productdetails/85593/cenovis-sugarless-c-500mg-tablets-orange-flavour,https://cdn0.woolworths.media/content/wowproductimages/medium/085593.jpg,2020-09-20 19:49:44,Average product rating out of 5: 5.0. Product score is based on 2 ratings,2,,True
a44c32d5-92da-471c-9024-0657f5275fc4,Woolworths Supermarket,Health & Beauty,Cenovis Mega C 1000mg Chewable Tablets Orange Flavour 100 pack,085594,$15.00,$15.00 / 100EA,https://www.woolworths.com.au/shop/productdetails/85594/cenovis-mega-c-1000mg-chewable-tablets-orange-flavour,https://cdn0.woolworths.media/content/wowproductimages/medium/085594.jpg,2020-09-20 19:49:44,Average product rating out of 5: 5.0. Product score is based on 3 ratings,3,,True
2e152561-fb88-4999-b86a-e1169c327d32,Woolworths Supermarket,Health & Beauty,Cenovis Once Daily Women's Multi + Energy Boost Capsules 100 pack,085596,$30.00,$30.00 / 100EA,https://www.woolworths.com.au/shop/productdetails/85596/cenovis-once-daily-women-s-multi-energy-boost-capsules,https://cdn0.woolworths.media/content/wowproductimages/medium/085596.jpg,2020-09-20 19:49:44,,0,,True
572f1e16-07ff-4cde-ac28-0588dd374d14,Woolworths Supermarket,Health & Beauty,Le Tan Classic Foaming Mousse Light To Meddium 110ml,085603,$10.50,$9.55 / 100ML,https://www.woolworths.com.au/shop/productdetails/85603/le-tan-classic-foaming-mousse-light-to-meddium,https://cdn0.woolworths.media/content/wowproductimages/medium/085603.jpg,2020-09-20 19:49:44,,0,,True
21a35bea-9bb0-4579-8bd6-52c26ff91aea,Woolworths Supermarket,Health & Beauty,Dove Shampoo Dermacare Anti Dandruff Coconut & Hydration 300ml,085693,$11.00,$3.67 / 100ML,https://www.woolworths.com.au/shop/productdetails/85693/dove-shampoo-dermacare-anti-dandruff-coconut-hydration,https://cdn0.woolworths.media/content/wowproductimages/medium/085693.jpg,2020-09-20 19:49:44,,0,,True
aecb2638-1541-4860-a8cc-5b1a4cc3f9fb,Woolworths Supermarket,Health & Beauty,Ogx Argan Oil Of Morocco Dry Shampoo 200ml,085695,$10.00,$5.00 / 100ML,https://www.woolworths.com.au/shop/productdetails/85695/ogx-argan-oil-of-morocco-dry-shampoo,https://cdn0.woolworths.media/content/wowproductimages/medium/085695.jpg,2020-09-20 19:49:44,,0,,True
4494c3d8-836a-4221-b27b-fb4b4023c3ef,Woolworths Supermarket,Health & Beauty,Blackmores Vitamin C 500 Tablets 120 pack,085697,$12.50,$10.42 / 100EA,https://www.woolworths.com.au/shop/productdetails/85697/blackmores-vitamin-c-500-tablets,https://cdn0.woolworths.media/content/wowproductimages/medium/085697.jpg,2020-09-20 19:49:44,Average product rating out of 5: 4.0. Product score is based on 1 ratings,1,,True
1a0d01a2-69fc-45f4-a221-a72b67ff15e8,Woolworths Supermarket,Health & Beauty,Blackmores Echinacea Ace & Zinc 60 pack,085715,$20.00,$33.33 / 100EA,https://www.woolworths.com.au/shop/productdetails/85715/blackmores-echinacea-ace-zinc,https://cdn0.woolworths.media/content/wowproductimages/medium/085715.jpg,2020-09-20 19:49:44,Average product rating out of 5: 5.0. Product score is based on 1 ratings,1,,True
f436aed8-fac4-4d61-aa01-9c29491dada5,Woolworths Supermarket,Health & Beauty,Tresemme Violet Blonde Shine Conditioner 675ml,085768,$13.00,$1.93 / 100ML,https://www.woolworths.com.au/shop/productdetails/85768/tresemme-violet-blonde-shine-conditioner,https://cdn0.woolworths.media/content/wowproductimages/medium/085768.jpg,2020-09-20 19:49:44,Average product rating out of 5: 4.5. Product score is based on 4 ratings,4,,True
e56be758-d5e6-4dcf-bc18-928f24a9e933,Woolworths Supermarket,Health & Beauty,Nature's Way Beauty Collagen Dark Choc Balls 30 pack,085822,$20.00,$66.67 / 100EA,https://www.woolworths.com.au/shop/productdetails/85822/nature-s-way-beauty-collagen-dark-choc-balls,https://cdn0.woolworths.media/content/wowproductimages/medium/085822.jpg,2020-09-20 19:49:44,,0,,True
b92f5b34-170b-48bf-b1ad-61ffa8306497,Woolworths Supermarket,Health & Beauty,Tresemme Violet Blonde Shine Shampoo 675ml,085882,$13.00,$1.93 / 100ML,https://www.woolworths.com.au/shop/productdetails/85882/tresemme-violet-blonde-shine-shampoo,https://cdn0.woolworths.media/content/wowproductimages/medium/085882.jpg,2020-09-20 19:49:44,Average product rating out of 5: 4.5. Product score is based on 6 ratings,6,,True
75be1d37-ba97-410e-850f-eed9cc40dcf9,Woolworths Supermarket,Health & Beauty,Cenovis Hello Energy Tablets 30 pack,085956,$20.00,$0.67 / 1EA,https://www.woolworths.com.au/shop/productdetails/85956/cenovis-hello-energy-tablets,https://cdn0.woolworths.media/content/wowproductimages/medium/085956.jpg,2020-09-20 19:49:44,,0,,True
c4d7ca6e-774a-4578-9f84-6dfe1bfd3662,Woolworths Supermarket,Health & Beauty,Cenovis Hello Detox Capsules 30 pack,085958,$20.00,$0.67 / 1EA,https://www.woolworths.com.au/shop/productdetails/85958/cenovis-hello-detox-capsules,https://cdn0.woolworths.media/content/wowproductimages/medium/085958.jpg,2020-09-20 19:49:44,,0,,True
5bf7af32-a65d-4bca-b40c-7723c532ec35,Woolworths Supermarket,Health & Beauty,Cenovis Hello Calm Tablets 30 pack,085959,$20.00,$0.67 / 1EA,https://www.woolworths.com.au/shop/productdetails/85959/cenovis-hello-calm-tablets,https://cdn0.woolworths.media/content/wowproductimages/medium/085959.jpg,2020-09-20 19:49:44,,0,,True
cb1fe5af-5d37-4537-9006-01755531657d,Woolworths Supermarket,Health & Beauty,Cenovis Hello Focus Tablets 30 pack,085962,$20.00,$0.67 / 1EA,https://www.woolworths.com.au/shop/productdetails/85962/cenovis-hello-focus-tablets,https://cdn0.woolworths.media/content/wowproductimages/medium/085962.jpg,2020-09-20 19:49:44,,0,,True
94acd0fd-b61e-4a3d-81ed-016e6c121be0,Woolworths Supermarket,Health & Beauty,Cenovis Hello Immunity Chewable Tablets 30 pack,085963,$20.00,$0.67 / 1EA,https://www.woolworths.com.au/shop/productdetails/85963/cenovis-hello-immunity-chewable-tablets,https://cdn0.woolworths.media/content/wowproductimages/medium/085963.jpg,2020-09-20 19:49:44,,0,,True
847c624c-c200-4778-bc56-85dae246c409,Woolworths Supermarket,Health & Beauty,Blackmores Vegan Omega-3 Oil 60 pack,086293,$25.00,$41.67 / 100EA,https://www.woolworths.com.au/shop/productdetails/86293/blackmores-vegan-omega-3-oil,https://cdn0.woolworths.media/content/wowproductimages/medium/086293.jpg,2020-09-20 19:49:44,Average product rating out of 5: 5.0. Product score is based on 1 ratings,1,,True
ced31fee-4853-486d-ab9d-c911c1012b90,Woolworths Supermarket,Health & Beauty,Blackmores Multivitamin & Energy 50 pack,086294,$20.00,$40.00 / 100EA,https://www.woolworths.com.au/shop/productdetails/86294/blackmores-multivitamin-energy,https://cdn0.woolworths.media/content/wowproductimages/medium/086294.jpg,2020-09-20 19:49:44,,0,,True
210b2849-13d6-4b2e-8145-41150356d44f,Woolworths Supermarket,Health & Beauty,Sup Good Hair Day Tablets 30 pack,086378,$20.00,$66.67 / 100EA,https://www.woolworths.com.au/shop/productdetails/86378/sup-good-hair-day-tablets,https://cdn0.woolworths.media/content/wowproductimages/medium/086378.jpg,2020-09-20 19:49:44,,0,,True
3ccf84c6-47f5-4ad3-943d-6279c5ab71b3,Woolworths Supermarket,Health & Beauty,Blackmores Multivitamin & Immune 50 pack,086396,$20.00,$40.00 / 100EA,https://www.woolworths.com.au/shop/productdetails/86396/blackmores-multivitamin-immune,https://cdn0.woolworths.media/content/wowproductimages/medium/086396.jpg,2020-09-20 19:49:44,,0,,True
c1833776-ba20-4ad1-b25d-ac6831ad969e,Woolworths Supermarket,Health & Beauty,Sup Gut Love Debloat Capsules 30 pack,086400,$20.00,$66.67 / 100EA,https://www.woolworths.com.au/shop/productdetails/86400/sup-gut-love-debloat-capsules,https://cdn0.woolworths.media/content/wowproductimages/medium/086400.jpg,2020-09-20 19:49:44,,0,,True
92454792-9f38-471f-a7fa-d2ef77c4930c,Woolworths Supermarket,Health & Beauty,Sup Gut Love Probiotic Gummies Raspberry Flavour 65 pack,086464,$20.00,$30.77 / 100EA,https://www.woolworths.com.au/shop/productdetails/86464/sup-gut-love-probiotic-gummies-raspberry-flavour,https://cdn0.woolworths.media/content/wowproductimages/medium/086464.jpg,2020-09-20 19:49:44,,0,,True
01737d5e-946b-4a5d-8f8a-294233132aa1,Woolworths Supermarket,Health & Beauty,Nature's Way High Strength Magnesium Powder Citrus Flavour 210g,086475,$30.00,$14.29 / 100G,https://www.woolworths.com.au/shop/productdetails/86475/nature-s-way-high-strength-magnesium-powder-citrus-flavour,https://cdn0.woolworths.media/content/wowproductimages/medium/086475.jpg,2020-09-20 19:49:44,,0,,True
8ccdcca5-b217-44f0-9004-d38ba71656bc,Woolworths Supermarket,Health & Beauty,Voost Hydrate & Electrolyte Tablets Orange Flavour 20 pack,086477,$5.50,$27.50 / 100EA,https://www.woolworths.com.au/shop/productdetails/86477/voost-hydrate-electrolyte-tablets-orange-flavour,https://cdn0.woolworths.media/content/wowproductimages/medium/086477.jpg,2020-09-20 19:49:44,,0,,True
1de08eb3-27c5-4658-a4ca-8fb5f01789eb,Woolworths Supermarket,Health & Beauty,David Beckham Inspired By Respect Deodorant Spray 150ml,086481,$8.00,$5.33 / 100ML,https://www.woolworths.com.au/shop/productdetails/86481/david-beckham-inspired-by-respect-deodorant-spray,https://cdn0.woolworths.media/content/wowproductimages/medium/086481.jpg,2020-09-20 19:49:44,,0,,True
069e4528-8e2f-4ec8-a287-53838965c72d,Woolworths Supermarket,Health & Beauty,Blackmores Vitamin C & Elderberry Gummies 120 pack,086483,$25.00,$20.83 / 100EA,https://www.woolworths.com.au/shop/productdetails/86483/blackmores-vitamin-c-elderberry-gummies,https://cdn0.woolworths.media/content/wowproductimages/medium/086483.jpg,2020-09-20 19:49:44,,0,,True
9e6907b0-b494-4aa9-b4bf-6e36de101f14,Woolworths Supermarket,Health & Beauty,Nature's Way Beauty Rosehip & Collagen Gummies 40 pack,086512,$20.00,$50.00 / 100EA,https://www.woolworths.com.au/shop/productdetails/86512/nature-s-way-beauty-rosehip-collagen-gummies,https://cdn0.woolworths.media/content/wowproductimages/medium/086512.jpg,2020-09-20 19:49:44,Average product rating out of 5: 4.0. Product score is based on 1 ratings,1,,True
3bf5971c-ce7c-47b7-8c38-9a122a8fcc3e,Woolworths Supermarket,Health & Beauty,Blackmores Bio C Chewable 500 50 pack,086532,$7.50,$15.00 / 100EA,https://www.woolworths.com.au/shop/productdetails/86532/blackmores-bio-c-chewable-500,https://cdn0.woolworths.media/content/wowproductimages/medium/086532.jpg,2020-09-20 19:49:44,,0,,True
fcbb4560-2adb-4dea-bede-df6021595600,Woolworths Supermarket,Health & Beauty,Nature's Way Adult Vita Gummies Probiotic & Prebiotic Sugar Free 65 pack,086555,$20.00,$30.77 / 100EA,https://www.woolworths.com.au/shop/productdetails/86555/nature-s-way-adult-vita-gummies-probiotic-prebiotic-sugar-free,https://cdn0.woolworths.media/content/wowproductimages/medium/086555.jpg,2020-09-20 19:49:44,,0,,True
c538d97a-4565-4449-87c5-d4a866342b83,Woolworths Supermarket,Health & Beauty,Life Space Broad Spectrum Probiotic 40 pack,086556,$19.00,$47.50 / 100EA,https://www.woolworths.com.au/shop/productdetails/86556/life-space-broad-spectrum-probiotic,https://cdn0.woolworths.media/content/wowproductimages/medium/086556.jpg,2020-09-20 19:49:44,Average product rating out of 5: 4.0. Product score is based on 1 ratings,1,,True
e3e94ed4-570e-4d08-ae1f-0d95d899b931,Woolworths Supermarket,Health & Beauty,Blackmores Bio C Chewable 500 125 pack,086565,$15.00,$12.00 / 100EA,https://www.woolworths.com.au/shop/productdetails/86565/blackmores-bio-c-chewable-500,https://cdn0.woolworths.media/content/wowproductimages/medium/086565.jpg,2020-09-20 19:49:44,Average product rating out of 5: 5.0. Product score is based on 1 ratings,1,,True
ff8b617c-cf23-4bf3-aefa-f8d3293b9a80,Woolworths Supermarket,Health & Beauty,Sup Inner Glow Collagen Gummies Berry Flavour 40 pack,086673,$20.00,$50.00 / 100EA,https://www.woolworths.com.au/shop/productdetails/86673/sup-inner-glow-collagen-gummies-berry-flavour,https://cdn0.woolworths.media/content/wowproductimages/medium/086673.jpg,2020-09-20 19:49:44,,0,,True
881e6fb2-30e8-44ea-b4d5-615e269e123b,Woolworths Supermarket,Health & Beauty,Sup Hair Skin & Nails Gummies Raspberry Flavour 60 pack,086694,$20.00,$33.33 / 100EA,https://www.woolworths.com.au/shop/productdetails/86694/sup-hair-skin-nails-gummies-raspberry-flavour,https://cdn0.woolworths.media/content/wowproductimages/medium/086694.jpg,2020-09-20 19:49:44,,0,,True
fa9eaea6-7bba-4912-b9cf-2ae63d59bec9,Woolworths Supermarket,Health & Beauty,Polident Denture Adhesive Cream Fresh Mint 60g,086759,$13.00,$21.67 / 100G,https://www.woolworths.com.au/shop/productdetails/86759/polident-denture-adhesive-cream-fresh-mint,https://cdn0.woolworths.media/content/wowproductimages/medium/086759.jpg,2020-09-20 19:49:44,Average product rating out of 5: 4.3. Product score is based on 15 ratings,15,,True
e1bef930-b761-4c12-862b-5582d804662b,Woolworths Supermarket,Health & Beauty,Sup Clear Skin Capsules 30 pack,086765,$20.00,$66.67 / 100EA,https://www.woolworths.com.au/shop/productdetails/86765/sup-clear-skin-capsules,https://cdn0.woolworths.media/content/wowproductimages/medium/086765.jpg,2020-09-20 19:49:44,,0,,True
8cb4f8a7-2661-43f7-904b-9b361ea5f853,Woolworths Supermarket,Health & Beauty,Life Space Probiotic For 60+ Years 40 pack,087398,$19.00,$47.50 / 100EA,https://www.woolworths.com.au/shop/productdetails/87398/life-space-probiotic-for-60-years,https://cdn0.woolworths.media/content/wowproductimages/medium/087398.jpg,2020-09-20 19:49:44,Average product rating out of 5: 5.0. Product score is based on 1 ratings,1,,True
30add2ca-a4d5-466a-be6d-91829d1630b0,Woolworths Supermarket,Health & Beauty,Blackmores Probiotics & Kids Daily Chewable 30 pack,087562,$20.00,$66.67 / 100EA,https://www.woolworths.com.au/shop/productdetails/87562/blackmores-probiotics-kids-daily-chewable,https://cdn0.woolworths.media/content/wowproductimages/medium/087562.jpg,2020-09-20 19:49:44,,0,,True
19713329-73a5-48e4-a07e-1b90ea42f306,Woolworths Supermarket,Health & Beauty,Nature's Way Restore Probiotic Choc Balls 50 pack,087606,$30.00,$60.00 / 100EA,https://www.woolworths.com.au/shop/productdetails/87606/nature-s-way-restore-probiotic-choc-balls,https://cdn0.woolworths.media/content/wowproductimages/medium/087606.jpg,2020-09-20 19:49:44,Average product rating out of 5: 4.0. Product score is based on 1 ratings,1,,True
6c7a3e94-2f45-4a45-b227-412ef1770af8,Woolworths Supermarket,Health & Beauty,Nyal Cough Medicine For Dry Coughs 200ml,087740,$6.80,$3.40 / 100ML,https://www.woolworths.com.au/shop/productdetails/87740/nyal-cough-medicine-for-dry-coughs,https://cdn0.woolworths.media/content/wowproductimages/medium/087740.jpg,2020-09-20 19:49:44,Average product rating out of 5: 5.0. Product score is based on 3 ratings,3,,True
7409eccf-caca-4354-b2a7-230263e1bfc8,Woolworths Supermarket,Health & Beauty,L'oreal Men Expert Barber Club Matte Molding Clay Medium Hold 75ml,087850,$7.50,$10.00 / 100ML,https://www.woolworths.com.au/shop/productdetails/87850/l-oreal-men-expert-barber-club-matte-molding-clay-medium-hold,https://cdn0.woolworths.media/content/wowproductimages/medium/087850.jpg,2020-09-20 19:49:44,,0,,True
9f636e00-95d6-4bb8-91cb-032de2bc5742,Woolworths Supermarket,Health & Beauty,Scholl Corn Removal Foot Care Plaster Waterproof each,087862,$9.50,$1.19 / 1EA,https://www.woolworths.com.au/shop/productdetails/87862/scholl-corn-removal-foot-care-plaster-waterproof,https://cdn0.woolworths.media/content/wowproductimages/medium/087862.jpg,2020-09-20 19:49:44,Average product rating out of 5: 3.0. Product score is based on 2 ratings,2,,True
771369ed-2a18-4e38-9c04-b16b2742078b,Woolworths Supermarket,Health & Beauty,Bic Flex 5 Hybrid Shaver 6 pack,087930,$8.00,$1.33 / 1EA,https://www.woolworths.com.au/shop/productdetails/87930/bic-flex-5-hybrid-shaver,https://cdn0.woolworths.media/content/wowproductimages/medium/087930.jpg,2020-09-20 19:49:44,,0,,True
9d2597ad-6264-4930-89cb-cbc185f5c067,Woolworths Supermarket,Health & Beauty,Nivea Refreshing Face Cleansing Lotion + Vitamin E 200ml,087966,$10.00,$5.00 / 100ML,https://www.woolworths.com.au/shop/productdetails/87966/nivea-refreshing-face-cleansing-lotion-vitamin-e,https://cdn0.woolworths.media/content/wowproductimages/medium/087966.jpg,2020-09-20 19:49:44,Average product rating out of 5: 4.5. Product score is based on 8 ratings,8,,True
e94260d7-c834-4f6a-8e77-a8733d323e6f,Woolworths Supermarket,Health & Beauty,Nivea Daily Essentials Refreshing Facial Toner + Vitamin E 200ml,087967,$10.00,$5.00 / 100ML,https://www.woolworths.com.au/shop/productdetails/87967/nivea-daily-essentials-refreshing-facial-toner-vitamin-e,https://cdn0.woolworths.media/content/wowproductimages/medium/087967.jpg,2020-09-20 19:49:44,Average product rating out of 5: 4.4. Product score is based on 8 ratings,8,,True
2acb043f-5dc0-44e9-83b6-c5753aac01cf,Woolworths Supermarket,Health & Beauty,White Glo Toothpaste Professional + Toothbrush 150g,088169,$5.25,$3.50 / 100G,https://www.woolworths.com.au/shop/productdetails/88169/white-glo-toothpaste-professional-toothbrush,https://cdn0.woolworths.media/content/wowproductimages/medium/088169.jpg,2020-09-20 19:49:44,Average product rating out of 5: 4.5. Product score is based on 30 ratings,30,,True
7c544f56-94d4-4660-bdbd-a8c9a3b65823,Woolworths Supermarket,Health & Beauty,Swisse Ultiboost Daily Immune Support Tablets 60 pack,088341,$20.00,$33.33 / 100EA,https://www.woolworths.com.au/shop/productdetails/88341/swisse-ultiboost-daily-immune-support-tablets,https://cdn0.woolworths.media/content/wowproductimages/medium/088341.jpg,2020-09-20 19:49:44,Average product rating out of 5: 5.0. Product score is based on 1 ratings,1,,True
5e6b4b93-4a55-4225-bcd7-2213874e3016,Woolworths Supermarket,Health & Beauty,David Beckham Respect Deodorant Spray 150ml,088379,$8.00,$5.33 / 100ML,https://www.woolworths.com.au/shop/productdetails/88379/david-beckham-respect-deodorant-spray,https://cdn0.woolworths.media/content/wowproductimages/medium/088379.jpg,2020-09-20 19:49:44,,0,,True
4b81e91d-76f0-4d08-ba4d-615301be200f,Woolworths Supermarket,Health & Beauty,Jeer Gold Deodorant Body Spray 150ml,088512,$5.00,$3.33 / 100ML,https://www.woolworths.com.au/shop/productdetails/88512/jeer-gold-deodorant-body-spray,https://cdn0.woolworths.media/content/wowproductimages/medium/088512.jpg,2020-09-20 19:49:44,,0,,True
81c64602-4bc0-4f45-991d-da00de6a60ba,Woolworths Supermarket,Health & Beauty,L'oreal Men Expert Barber Club Slick Fixing Pomade Strong Hold 75ml,088633,$7.50,$10.00 / 100ML,https://www.woolworths.com.au/shop/productdetails/88633/l-oreal-men-expert-barber-club-slick-fixing-pomade-strong-hold,https://cdn0.woolworths.media/content/wowproductimages/medium/088633.jpg,2020-09-20 19:49:44,,0,,True
d0aa8069-1867-4486-b10f-deba2d70163c,Woolworths Supermarket,Health & Beauty,Swisse Ultiboost High Strength Magnesium Powder Berry 180g,088680,$30.00,$16.67 / 100G,https://www.woolworths.com.au/shop/productdetails/88680/swisse-ultiboost-high-strength-magnesium-powder-berry,https://cdn0.woolworths.media/content/wowproductimages/medium/088680.jpg,2020-09-20 19:49:44,,0,,True
106aca00-210b-4595-b844-605a897acc4b,Woolworths Supermarket,Health & Beauty,Swisse Beauty Collagen Renew Powder Natural Berry 120g,088681,$15.00,$12.50 / 100G,https://www.woolworths.com.au/shop/productdetails/88681/swisse-beauty-collagen-renew-powder-natural-berry,https://cdn0.woolworths.media/content/wowproductimages/medium/088681.jpg,2020-09-20 19:49:44,,0,,True
b6305b4e-9bcc-4a3a-99c2-28c190fc96c3,Woolworths Supermarket,Health & Beauty,Jack The Barber Military Hair & Beard Brush each,088848,$12.00,$12.00 / 1EA,https://www.woolworths.com.au/shop/productdetails/88848/jack-the-barber-military-hair-beard-brush,https://cdn0.woolworths.media/content/wowproductimages/medium/088848.jpg,2020-09-20 19:49:44,,0,,True
e28c3c76-18d1-4848-a001-5391d56e7c2b,Woolworths Supermarket,Health & Beauty,Musashi Pre Workout Growling Dog Peanut Butter Choc Flavour 65g,089083,$4.00,$6.15 / 100G,https://www.woolworths.com.au/shop/productdetails/89083/musashi-pre-workout-growling-dog-peanut-butter-choc-flavour,https://cdn0.woolworths.media/content/wowproductimages/medium/089083.jpg,2020-09-20 19:49:44,,0,,True
281b97fa-cc69-4f5f-9acb-d9f1921eeaaa,Woolworths Supermarket,Health & Beauty,Schick Hydro Sense Shave Gel Hydrate 198g,089103,$6.00,$3.03 / 100G,https://www.woolworths.com.au/shop/productdetails/89103/schick-hydro-sense-shave-gel-hydrate,https://cdn0.woolworths.media/content/wowproductimages/medium/089103.jpg,2020-09-20 19:49:44,,0,,True
9bf67106-c7be-42f1-93ab-0478ca5d2449,Woolworths Supermarket,Health & Beauty,Brutal Truth All In 1 Moisturiser 100ml,089145,$13.00,$13.00 / 100ML,https://www.woolworths.com.au/shop/productdetails/89145/brutal-truth-all-in-1-moisturiser,https://cdn0.woolworths.media/content/wowproductimages/medium/089145.jpg,2020-09-20 19:49:44,,0,,True
bd856ce6-846a-437e-91f8-fd04180e5466,Woolworths Supermarket,Health & Beauty,Swisse Ultiboost High Strength Vitamin C Tablets 20 pack,089206,$13.00,$65.00 / 100EA,https://www.woolworths.com.au/shop/productdetails/89206/swisse-ultiboost-high-strength-vitamin-c-tablets,https://cdn0.woolworths.media/content/wowproductimages/medium/089206.jpg,2020-09-20 19:49:44,,0,,True
1dfbc5ab-2354-4b25-804e-e4b3782b0dd3,Woolworths Supermarket,Health & Beauty,Brutal Truth Shower Gel Rustic & Woody 500ml,089209,$13.00,$2.60 / 100ML,https://www.woolworths.com.au/shop/productdetails/89209/brutal-truth-shower-gel-rustic-woody,https://cdn0.woolworths.media/content/wowproductimages/medium/089209.jpg,2020-09-20 19:49:44,,0,,True
c4908812-6235-4c86-bb86-bfba4bde5f37,Woolworths Supermarket,Health & Beauty,Jack The Barber Sandalwood Beard Balm 50g,089453,$15.00,$30.00 / 100G,https://www.woolworths.com.au/shop/productdetails/89453/jack-the-barber-sandalwood-beard-balm,https://cdn0.woolworths.media/content/wowproductimages/medium/089453.jpg,2020-09-20 19:49:44,,0,,True
7ca9b63f-6e86-4f61-8812-a807f32ab8f0,Woolworths Supermarket,Health & Beauty,Swisse Utliboost Vitamin C Chewable Tablets Orange Flavour 110 pack,089455,$5.50,$5.00 / 100EA,https://www.woolworths.com.au/shop/productdetails/89455/swisse-utliboost-vitamin-c-chewable-tablets-orange-flavour,https://cdn0.woolworths.media/content/wowproductimages/medium/089455.jpg,2020-09-20 19:49:44,Average product rating out of 5: 5.0. Product score is based on 2 ratings,2,,True
f0f140aa-8e12-4792-80f0-1788ada53b00,Woolworths Supermarket,Health & Beauty,Careline Care Touch Instant Hand Sanitiser 200ml,089474,$6.00,$3.00 / 100ML,https://www.woolworths.com.au/shop/productdetails/89474/careline-care-touch-instant-hand-sanitiser,https://cdn0.woolworths.media/content/wowproductimages/medium/089474.jpg,2020-09-20 19:49:44,Average product rating out of 5: 4.2. Product score is based on 32 ratings,32,,True
43e7d623-1d01-4059-b8a5-a44b8331d6e5,Woolworths Supermarket,Health & Beauty,Clairol Nice N Easy 4.5rb Natural Reddish Brown each,089573,$9.00,,https://www.woolworths.com.au/shop/productdetails/89573/clairol-nice-n-easy-4-5rb-natural-reddish-brown,https://cdn0.woolworths.media/content/wowproductimages/medium/089573.jpg,2020-09-20 19:49:44,Average product rating out of 5: 5.0. Product score is based on 3 ratings,3,Was $13.00 06/08/2018,True
6b9d8bbf-3d1a-4f57-b482-e5dbced5ee3d,Woolworths Supermarket,Health & Beauty,Swisse Ultiboost High Strength Magnesium Powder Orange 180g,089753,$30.00,$16.67 / 100EA,https://www.woolworths.com.au/shop/productdetails/89753/swisse-ultiboost-high-strength-magnesium-powder-orange,https://cdn0.woolworths.media/content/wowproductimages/medium/089753.jpg,2020-09-20 19:49:44,,0,,True
b2d67055-ddec-4e87-8508-a079b6c8f3c9,Woolworths Supermarket,Health & Beauty,Renovatio An Apple A Day Activated Phenolics Antioxidants 30 tablets,089786,$20.30,$67.67 / 100EA,https://www.woolworths.com.au/shop/productdetails/89786/renovatio-an-apple-a-day-activated-phenolics-antioxidants,https://cdn0.woolworths.media/content/wowproductimages/medium/089786.jpg,2020-09-20 19:49:44,Average product rating out of 5: 2.0. Product score is based on 4 ratings,4,,True
906828c1-4635-4d6b-9c78-ae4073719022,Woolworths Supermarket,Health & Beauty,Blackmores Milk Thistle Liver Tonic Tablets 42 pack,089860,,,https://www.woolworths.com.au/shop/productdetails/89860/blackmores-milk-thistle-liver-tonic-tablets,https://cdn0.woolworths.media/content/wowproductimages/medium/089860.jpg,2020-09-20 19:49:44,Average product rating out of 5: 5.0. Product score is based on 2 ratings,2,,False
a81ba5f5-d06c-4582-bb71-83320c8239e5,Woolworths Supermarket,Health & Beauty,Naturopathica Fat Blaster For Men Weight Loss Shake Chocolate 385g,090067,$29.00,$7.53 / 100G,https://www.woolworths.com.au/shop/productdetails/90067/naturopathica-fat-blaster-for-men-weight-loss-shake-chocolate,https://cdn0.woolworths.media/content/wowproductimages/medium/090067.jpg,2020-09-20 19:49:44,,0,,True
a746ba48-8822-4de1-b32d-e7ba28513c92,Woolworths Supermarket,Health & Beauty,Brutal Truth Hand Balm 75ml,090342,$8.00,$10.67 / 100ML,https://www.woolworths.com.au/shop/productdetails/90342/brutal-truth-hand-balm,https://cdn0.woolworths.media/content/wowproductimages/medium/090342.jpg,2020-09-20 19:49:44,,0,,True
dd25f766-ec2d-49d5-b4ce-ec2057272ea1,Woolworths Supermarket,Health & Beauty,Gillette Mach3 Turbo 3d Blades 8 pack,090399,$27.00,$3.38 / 1EA,https://www.woolworths.com.au/shop/productdetails/90399/gillette-mach3-turbo-3d-blades,https://cdn0.woolworths.media/content/wowproductimages/medium/090399.jpg,2020-09-20 19:49:44,,0,,True
acb9d7cb-29cf-4b56-9311-41ee78aa433f,Woolworths Supermarket,Health & Beauty,Gillette Mach3 Turbo 3d Razor each,090400,$15.00,$15.00 / 1EA,https://www.woolworths.com.au/shop/productdetails/90400/gillette-mach3-turbo-3d-razor,https://cdn0.woolworths.media/content/wowproductimages/medium/090400.jpg,2020-09-20 19:49:44,,0,,True
d53d9386-90cb-4167-8434-e72d3032487e,Woolworths Supermarket,Health & Beauty,Swisse Ultiboost Magensium Calcium & D3 Tablets 120 pack,090409,$25.00,$20.83 / 100EA,https://www.woolworths.com.au/shop/productdetails/90409/swisse-ultiboost-magensium-calcium-d3-tablets,https://cdn0.woolworths.media/content/wowproductimages/medium/090409.jpg,2020-09-20 19:49:44,,0,,True
ff98f91f-2362-4838-b5ab-24b773c1b451,Woolworths Supermarket,Health & Beauty,Tradie Workout Body Spray 160ml,090854,$6.00,$3.75 / 100ML,https://www.woolworths.com.au/shop/productdetails/90854/tradie-workout-body-spray,https://cdn0.woolworths.media/content/wowproductimages/medium/090854.jpg,2020-09-20 19:49:44,,0,,True
138b81bd-59b9-4b98-9cff-1c8c84892591,Woolworths Supermarket,Health & Beauty,Brutal Truth 2 In 1 Face Wash & Scrub 250ml,090868,$13.00,$5.20 / 100ML,https://www.woolworths.com.au/shop/productdetails/90868/brutal-truth-2-in-1-face-wash-scrub,https://cdn0.woolworths.media/content/wowproductimages/medium/090868.jpg,2020-09-20 19:49:44,,0,,True
ceae6bd5-8d88-426a-b816-94ebbe8cf246,Woolworths Supermarket,Health & Beauty,Gillette Mach3+ Blades 8 pack,090968,$26.00,$3.25 / 1EA,https://www.woolworths.com.au/shop/productdetails/90968/gillette-mach3-blades,https://cdn0.woolworths.media/content/wowproductimages/medium/090968.jpg,2020-09-20 19:49:44,,0,,True
63439bdf-a0d6-49a3-b51e-5e8357fcf713,Woolworths Supermarket,Health & Beauty,Gillette Mach3+ Razor each,090972,$12.00,$12.00 / 1EA,https://www.woolworths.com.au/shop/productdetails/90972/gillette-mach3-razor,https://cdn0.woolworths.media/content/wowproductimages/medium/090972.jpg,2020-09-20 19:49:44,,0,,True
245f32a5-ea82-4cf0-a75a-a2bc33d80178,Woolworths Supermarket,Health & Beauty,Vaseline Intensive Care Body Lotion Deep Restore 75ml,091018,,,https://www.woolworths.com.au/shop/productdetails/91018/vaseline-intensive-care-body-lotion-deep-restore,https://cdn0.woolworths.media/content/wowproductimages/medium/091018.jpg,2020-09-20 19:49:44,Average product rating out of 5: 4.0. Product score is based on 2 ratings,2,,False
db909982-7843-41bb-a2d1-e239e0561bfa,Woolworths Supermarket,Health & Beauty,Tradie Date Night Body Spray 160ml,091095,$6.00,$3.75 / 100ML,https://www.woolworths.com.au/shop/productdetails/91095/tradie-date-night-body-spray,https://cdn0.woolworths.media/content/wowproductimages/medium/091095.jpg,2020-09-20 19:49:44,,0,,True
1b6138f3-2f02-4ffb-8e68-e3e1a0d847f2,Woolworths Supermarket,Health & Beauty,Tradie Twenty Four 7 Body Spray 160ml,091117,$6.00,$3.75 / 100ML,https://www.woolworths.com.au/shop/productdetails/91117/tradie-twenty-four-7-body-spray,https://cdn0.woolworths.media/content/wowproductimages/medium/091117.jpg,2020-09-20 19:49:44,,0,,True
97e5fd21-a548-41d6-b55b-d92aa8f7ddf3,Woolworths Supermarket,Health & Beauty,Swisse Ultiboost Immune Action With Andrographis Tablets 60 pack,091142,$30.00,$50.00 / 100EA,https://www.woolworths.com.au/shop/productdetails/91142/swisse-ultiboost-immune-action-with-andrographis-tablets,https://cdn0.woolworths.media/content/wowproductimages/medium/091142.jpg,2020-09-20 19:49:44,,0,,True
720619c1-bc99-4ac5-9e32-60df0c6d4401,Woolworths Supermarket,Health & Beauty,Grenade Carb Killa Biscuit Salted Caramel 50g,091225,$2.25,$4.50 / 100G,https://www.woolworths.com.au/shop/productdetails/91225/grenade-carb-killa-biscuit-salted-caramel,https://cdn0.woolworths.media/content/wowproductimages/medium/091225.jpg,2020-09-20 19:49:44,,0,,True
42fb3fe4-55f8-4f94-845d-9421c2cb61e5,Woolworths Supermarket,Health & Beauty,Naturopathica Fat Blaster For Men Weight Loss Shake Vanilla 385g,091403,$29.00,$7.53 / 100G,https://www.woolworths.com.au/shop/productdetails/91403/naturopathica-fat-blaster-for-men-weight-loss-shake-vanilla,https://cdn0.woolworths.media/content/wowproductimages/medium/091403.jpg,2020-09-20 19:49:44,,0,,True
4cf0a50e-caef-461e-9aea-a4f56378c10d,Woolworths Supermarket,Health & Beauty,Gillette 5 Sport Blades 8 pack,091547,$36.00,$4.50 / 1EA,https://www.woolworths.com.au/shop/productdetails/91547/gillette-5-sport-blades,https://cdn0.woolworths.media/content/wowproductimages/medium/091547.jpg,2020-09-20 19:49:44,,0,,True
ad25a210-b7ea-4e12-b99d-ebea5a375464,Woolworths Supermarket,Health & Beauty,Aspro Clear Pain Relief Soluble Tablets 24 pack,091576,$5.00,$0.21 / 1EA,https://www.woolworths.com.au/shop/productdetails/91576/aspro-clear-pain-relief-soluble-tablets,https://cdn0.woolworths.media/content/wowproductimages/medium/091576.jpg,2020-09-20 19:49:44,Average product rating out of 5: 4.7. Product score is based on 7 ratings,7,,True
058811ad-7ecf-4fc8-b5cf-65bedd5eaa79,Woolworths Supermarket,Health & Beauty,Gillette 5 Sport Razor each,091582,$15.00,$15.00 / 1EA,https://www.woolworths.com.au/shop/productdetails/91582/gillette-5-sport-razor,https://cdn0.woolworths.media/content/wowproductimages/medium/091582.jpg,2020-09-20 19:49:44,,0,,True
3158743f-91c1-4e55-96f2-8f88b11a5126,Woolworths Supermarket,Health & Beauty,Brutal Truth Shave Cream 250ml,091643,$13.00,$5.20 / 100ML,https://www.woolworths.com.au/shop/productdetails/91643/brutal-truth-shave-cream,https://cdn0.woolworths.media/content/wowproductimages/medium/091643.jpg,2020-09-20 19:49:44,,0,,True
fe54c119-db58-4ba6-97bd-425b0180f846,Woolworths Supermarket,Health & Beauty,Renovatio Original Activated Phenolics Powder 150g,091654,$24.50,$16.33 / 100G,https://www.woolworths.com.au/shop/productdetails/91654/renovatio-original-activated-phenolics-powder,https://cdn0.woolworths.media/content/wowproductimages/medium/091654.jpg,2020-09-20 19:49:44,Average product rating out of 5: 5.0. Product score is based on 2 ratings,2,,True
1325342e-bb50-4a8c-98d7-4b69e6eeada4,Woolworths Supermarket,Health & Beauty,Nature's Way Slim Right Slimming Meal Vanilla Flavour 500g,091789,$20.00,$4.00 / 100G,https://www.woolworths.com.au/shop/productdetails/91789/nature-s-way-slim-right-slimming-meal-vanilla-flavour,https://cdn0.woolworths.media/content/wowproductimages/medium/091789.jpg,2020-09-20 19:49:44,,0,,True
fbfdea67-610e-481e-b27a-cb951c34d18d,Woolworths Supermarket,Health & Beauty,Tradie Weekender Body Spray 160ml,091802,$6.00,$3.75 / 100ML,https://www.woolworths.com.au/shop/productdetails/91802/tradie-weekender-body-spray,https://cdn0.woolworths.media/content/wowproductimages/medium/091802.jpg,2020-09-20 19:49:44,,0,,True
62c29059-41f9-4957-ab99-39934c58abb2,Woolworths Supermarket,Health & Beauty,Nature's Way Slim Right Slimming Meal Replacement Chocolate Flavour 500g,091808,$20.00,$4.00 / 100G,https://www.woolworths.com.au/shop/productdetails/91808/nature-s-way-slim-right-slimming-meal-replacement-chocolate-flavour,https://cdn0.woolworths.media/content/wowproductimages/medium/091808.jpg,2020-09-20 19:49:44,,0,,True
b7cea873-096f-4d50-8962-96ba15ca4d67,Woolworths Supermarket,Health & Beauty,Grenade Carb Killa High Protein Bar Cookies & Cream 60g,091910,$2.00,$3.33 / 100G,https://www.woolworths.com.au/shop/productdetails/91910/grenade-carb-killa-high-protein-bar-cookies-cream,https://cdn0.woolworths.media/content/wowproductimages/medium/091910.jpg,2020-09-20 19:49:44,,0,,True
f4d4b492-7e7b-4e0b-beb7-5d4e04a44df5,Woolworths Supermarket,Health & Beauty,Grenade Carb Killa High Protein Bar Caramel Chaos 60g,092058,$2.00,$3.33 / 100G,https://www.woolworths.com.au/shop/productdetails/92058/grenade-carb-killa-high-protein-bar-caramel-chaos,https://cdn0.woolworths.media/content/wowproductimages/medium/092058.jpg,2020-09-20 19:49:44,,0,,True
195e9c6b-83a3-4d07-a41b-97e11c4938d3,Woolworths Supermarket,Health & Beauty,Nature's Way Slim Right Slimming Meal Strawberry Swirl Flavour 500g,092059,$20.00,$4.00 / 100G,https://www.woolworths.com.au/shop/productdetails/92059/nature-s-way-slim-right-slimming-meal-strawberry-swirl-flavour,https://cdn0.woolworths.media/content/wowproductimages/medium/092059.jpg,2020-09-20 19:49:44,,0,,True
2213acff-2b57-411d-b136-c5b113d06019,Woolworths Supermarket,Health & Beauty,Grenade Carb Killa High Protein Bar Peanut Nutter 60g,092061,$2.00,$3.33 / 100G,https://www.woolworths.com.au/shop/productdetails/92061/grenade-carb-killa-high-protein-bar-peanut-nutter,https://cdn0.woolworths.media/content/wowproductimages/medium/092061.jpg,2020-09-20 19:49:44,,0,,True
9f5e19b1-352b-4483-852f-20905e1eeb0b,Woolworths Supermarket,Health & Beauty,Durex K-y Jelly Personal Lubricant 100g,092089,$10.00,$10.00 / 100G,https://www.woolworths.com.au/shop/productdetails/92089/durex-k-y-jelly-personal-lubricant,https://cdn0.woolworths.media/content/wowproductimages/medium/092089.jpg,2020-09-20 19:49:44,Average product rating out of 5: 3.7. Product score is based on 3 ratings,3,,True
08ab904e-10e9-46c9-9a63-d8917c001598,Woolworths Supermarket,Health & Beauty,Blackmores Pregnancy & Breastfeeding Gold Capsules 60 pack,092206,$20.50,$34.17 / 100EA,https://www.woolworths.com.au/shop/productdetails/92206/blackmores-pregnancy-breastfeeding-gold-capsules,https://cdn0.woolworths.media/content/wowproductimages/medium/092206.jpg,2020-09-20 19:49:44,Average product rating out of 5: 4.5. Product score is based on 4 ratings,4,,True
8763071c-7eb0-4c44-b3d5-61bed71e437e,Woolworths Supermarket,Health & Beauty,Grenade Carb Killa High Protein Bar Fudge Brownie 60g,092220,$2.00,$3.33 / 100G,https://www.woolworths.com.au/shop/productdetails/92220/grenade-carb-killa-high-protein-bar-fudge-brownie,https://cdn0.woolworths.media/content/wowproductimages/medium/092220.jpg,2020-09-20 19:49:44,,0,,True
20ac43dd-a9b6-41f6-b7f8-be729405af2d,Woolworths Supermarket,Health & Beauty,Oz Guard Hand Sanitiser 60ml,092261,$3.50,$5.83 / 100ML,https://www.woolworths.com.au/shop/productdetails/92261/oz-guard-hand-sanitiser,https://cdn0.woolworths.media/content/wowproductimages/medium/092261.jpg,2020-09-20 19:49:44,Average product rating out of 5: 4.1. Product score is based on 7 ratings,7,,True
12f777ab-5933-450d-89ca-74dcf666cdec,Woolworths Supermarket,Health & Beauty,Grenade Carb Killa High Protein Bar White Chocolate Cookie 60g,092326,$2.00,$3.33 / 100G,https://www.woolworths.com.au/shop/productdetails/92326/grenade-carb-killa-high-protein-bar-white-chocolate-cookie,https://cdn0.woolworths.media/content/wowproductimages/medium/092326.jpg,2020-09-20 19:49:44,,0,,True
4ac4f83b-64f2-4045-a08c-c4eb47041a80,Woolworths Supermarket,Health & Beauty,Olay Regenerist Retinol 24 Night Serum 30ml,092396,$41.30,,https://www.woolworths.com.au/shop/productdetails/92396/olay-regenerist-retinol-24-night-serum,https://cdn0.woolworths.media/content/wowproductimages/medium/092396.jpg,2020-09-20 19:49:44,,0,,True
310ef30d-6f91-46a9-bc88-e58b6ec81bdb,Woolworths Supermarket,Health & Beauty,Vaseline Fresh Glow Skin Serum 400ml,092403,$9.00,$2.25 / 100ML,https://www.woolworths.com.au/shop/productdetails/92403/vaseline-fresh-glow-skin-serum,https://cdn0.woolworths.media/content/wowproductimages/medium/092403.jpg,2020-09-20 19:49:44,,0,,True
6142c584-63d9-4b65-a81b-59cd5c4fe51d,Woolworths Supermarket,Health & Beauty,Instant Hand Sanitiser 30ml,092501,$4.00,$13.33 / 100ML,https://www.woolworths.com.au/shop/productdetails/92501/instant-hand-sanitiser,https://cdn0.woolworths.media/content/wowproductimages/medium/092501.jpg,2020-09-20 19:49:44,,0,,True
13afebe4-513b-49d8-9036-0462ca297084,Woolworths Supermarket,Health & Beauty,Vaseline Invigorating Glow Skin Serum Cranberry Juice 400ml,092504,$9.00,$2.25 / 100ML,https://www.woolworths.com.au/shop/productdetails/92504/vaseline-invigorating-glow-skin-serum-cranberry-juice,https://cdn0.woolworths.media/content/wowproductimages/medium/092504.jpg,2020-09-20 19:49:44,,0,,True
10c0dd2b-c09e-4571-8607-be82067fbb54,Woolworths Supermarket,Health & Beauty,Vaseline Invigorating Glow Skin Serum Green Tea Extract 400ml,092508,$9.00,$2.25 / 100ML,https://www.woolworths.com.au/shop/productdetails/92508/vaseline-invigorating-glow-skin-serum-green-tea-extract,https://cdn0.woolworths.media/content/wowproductimages/medium/092508.jpg,2020-09-20 19:49:44,,0,,True
3c4daf2d-76b1-4f57-a177-1192d5178c60,Woolworths Supermarket,Health & Beauty,Carefree Panty Liners Regular 30 pack,092512,$3.50,$0.12 / 1EA,https://www.woolworths.com.au/shop/productdetails/92512/carefree-panty-liners-regular,https://cdn0.woolworths.media/content/wowproductimages/medium/092512.jpg,2020-09-20 19:49:44,,0,Was $3.80 23/01/2019,True
45c9c53e-3c76-4e76-9dd9-68d4b44dcca9,Woolworths Supermarket,Health & Beauty,Swisse Charcoal Face Wash For Men 120ml,092556,$12.00,$10.00 / 100ML,https://www.woolworths.com.au/shop/productdetails/92556/swisse-charcoal-face-wash-for-men,https://cdn0.woolworths.media/content/wowproductimages/medium/092556.jpg,2020-09-20 19:49:44,,0,,True
1b816566-2681-447a-9f01-f80828fc419f,Woolworths Supermarket,Health & Beauty,Vaseline Intensive Care Hand Cream Healthy Hands Stronger Nails 75ml,092811,$5.50,$7.33 / 100ML,https://www.woolworths.com.au/shop/productdetails/92811/vaseline-intensive-care-hand-cream-healthy-hands-stronger-nails,https://cdn0.woolworths.media/content/wowproductimages/medium/092811.jpg,2020-09-20 19:49:44,Average product rating out of 5: 4.4. Product score is based on 7 ratings,7,,True
1bedc145-55dc-4f33-be1b-6478b810b149,Woolworths Supermarket,Health & Beauty,Olay Regenerist Retinol 24 Night Moisturiser 50g,092819,$41.30,$82.60 / 100G,https://www.woolworths.com.au/shop/productdetails/92819/olay-regenerist-retinol-24-night-moisturiser,https://cdn0.woolworths.media/content/wowproductimages/medium/092819.jpg,2020-09-20 19:49:44,,0,,True
013ee921-6d8b-463c-92d8-625ee694faae,Woolworths Supermarket,Health & Beauty,Swisse Deep Face Scrub For Men 120ml,093050,$12.00,,https://www.woolworths.com.au/shop/productdetails/93050/swisse-deep-face-scrub-for-men,https://cdn0.woolworths.media/content/wowproductimages/medium/093050.jpg,2020-09-20 19:49:44,,0,,True
0210e71d-f690-4b5e-860a-b599dbeedfd5,Woolworths Supermarket,Health & Beauty,Veet Hair Removal Cream Sensitive 100g,093487,$7.00,$7.00 / 100G,https://www.woolworths.com.au/shop/productdetails/93487/veet-hair-removal-cream-sensitive,https://cdn0.woolworths.media/content/wowproductimages/medium/093487.jpg,2020-09-20 19:49:44,Average product rating out of 5: 4.5. Product score is based on 13 ratings,13,Was $8.80 04/09/2017,True
2aa5de2b-f0f0-4ae4-902b-7d182cce7742,Woolworths Supermarket,Health & Beauty,Reef Tanning Spf 15+ Coconut Sun Tan Oil 125ml,093492,$9.20,$7.36 / 100ML,https://www.woolworths.com.au/shop/productdetails/93492/reef-tanning-spf-15-coconut-sun-tan-oil,https://cdn0.woolworths.media/content/wowproductimages/medium/093492.jpg,2020-09-20 19:49:44,Average product rating out of 5: 5.0. Product score is based on 1 ratings,1,,True
78ec6461-6e40-49d9-8d85-6d5a8913925a,Woolworths Supermarket,Health & Beauty,Gillette Fusion5 Razor each,094051,$17.00,$17.00 / 1EA,https://www.woolworths.com.au/shop/productdetails/94051/gillette-fusion5-razor,https://cdn0.woolworths.media/content/wowproductimages/medium/094051.jpg,2020-09-20 19:49:44,,0,,True
0e1d64bc-e108-4125-8ea8-13826101dff0,Woolworths Supermarket,Health & Beauty,Swisse Daily Face Moisturiser For Men 120ml,094069,$12.00,$10.00 / 100ML,https://www.woolworths.com.au/shop/productdetails/94069/swisse-daily-face-moisturiser-for-men,https://cdn0.woolworths.media/content/wowproductimages/medium/094069.jpg,2020-09-20 19:49:44,,0,,True
6c1be54b-445f-4436-835b-ff4643fc1325,Woolworths Supermarket,Health & Beauty,Swisse Body Wash For Men 500ml,094070,$15.00,$3.00 / 100ML,https://www.woolworths.com.au/shop/productdetails/94070/swisse-body-wash-for-men,https://cdn0.woolworths.media/content/wowproductimages/medium/094070.jpg,2020-09-20 19:49:44,,0,,True
0ad96d2d-6b9c-409e-ac46-66c46c553345,Woolworths Supermarket,Health & Beauty,Naturopathica Fat Blaster Keto-fit Plant Protein Vanilla Flavour 300g,094135,$30.00,$10.00 / 100G,https://www.woolworths.com.au/shop/productdetails/94135/naturopathica-fat-blaster-keto-fit-plant-protein-vanilla-flavour,https://cdn0.woolworths.media/content/wowproductimages/medium/094135.jpg,2020-09-20 19:49:44,,0,,True
f5b6b12c-df0f-4aa7-8ef0-2b0f86b2ab19,Woolworths Supermarket,Health & Beauty,Mcobeauty Ultra Stay Liquid Matte Dusty Rose 4.8ml,094137,$11.20,$23.33 / 10ML,https://www.woolworths.com.au/shop/productdetails/94137/mcobeauty-ultra-stay-liquid-matte-dusty-rose,https://cdn0.woolworths.media/content/wowproductimages/medium/094137.jpg,2020-09-20 19:49:44,,0,,True
21f343e9-af89-4a06-8dcc-9dd68bf4459f,Woolworths Supermarket,Health & Beauty,Mcobeauty Ultra Stay Liquid Matte Nude Brown 4.8ml,094139,$11.20,$23.33 / 10ML,https://www.woolworths.com.au/shop/productdetails/94139/mcobeauty-ultra-stay-liquid-matte-nude-brown,https://cdn0.woolworths.media/content/wowproductimages/medium/094139.jpg,2020-09-20 19:49:44,,0,,True
b6f622a1-dc2a-4c80-8969-85c6376f4a70,Woolworths Supermarket,Health & Beauty,Mcobeauty Blush Duo Nectar Glow 10g,094140,$8.40,$8.40 / 10G,https://www.woolworths.com.au/shop/productdetails/94140/mcobeauty-blush-duo-nectar-glow,https://cdn0.woolworths.media/content/wowproductimages/medium/094140.jpg,2020-09-20 19:49:44,,0,,True
8672b8bb-6417-4d73-9bae-852103189994,Woolworths Supermarket,Health & Beauty,Lynx Voodoo Deodorant Bodyspray 165ml,094162,$4.90,$2.97 / 100ML,https://www.woolworths.com.au/shop/productdetails/94162/lynx-voodoo-deodorant-bodyspray,https://cdn0.woolworths.media/content/wowproductimages/medium/094162.jpg,2020-09-20 19:49:44,,0,,True
928345fc-b9d6-4766-bdb0-67af37b9a81c,Woolworths Supermarket,Health & Beauty,Lynx Australia Antiperspirant Deodorant 165ml,094163,$4.90,$2.97 / 100ML,https://www.woolworths.com.au/shop/productdetails/94163/lynx-australia-antiperspirant-deodorant,https://cdn0.woolworths.media/content/wowproductimages/medium/094163.jpg,2020-09-20 19:49:44,,0,,True
96a07ad2-bf71-4ef7-aaf5-7d3a076c1c11,Woolworths Supermarket,Health & Beauty,Lynx Ice Chill Antiperspirant 165ml,094164,$4.90,$2.97 / 100ML,https://www.woolworths.com.au/shop/productdetails/94164/lynx-ice-chill-antiperspirant,https://cdn0.woolworths.media/content/wowproductimages/medium/094164.jpg,2020-09-20 19:49:44,,0,,True
569af4db-0e59-47d4-98ca-099b8d03873d,Woolworths Supermarket,Health & Beauty,Mcobeauty Matte Lipstick Bliss 3g,094165,$5.60,$18.67 / 10G,https://www.woolworths.com.au/shop/productdetails/94165/mcobeauty-matte-lipstick-bliss,https://cdn0.woolworths.media/content/wowproductimages/medium/094165.jpg,2020-09-20 19:49:44,,0,,True
7f071651-fe7e-49c1-8ac0-9df2e5ef38ea,Woolworths Supermarket,Health & Beauty,Mcobeauty Ultra Stay Liquid Matte Cool Honey 4.8ml,094167,$11.20,$23.33 / 10ML,https://www.woolworths.com.au/shop/productdetails/94167/mcobeauty-ultra-stay-liquid-matte-cool-honey,https://cdn0.woolworths.media/content/wowproductimages/medium/094167.jpg,2020-09-20 19:49:44,,0,,True
e97dd37b-e88e-49d3-8710-1b6755869afb,Woolworths Supermarket,Health & Beauty,Steradent Active Plus Denture Care Paste 115g,094185,$4.95,$4.30 / 100G,https://www.woolworths.com.au/shop/productdetails/94185/steradent-active-plus-denture-care-paste,https://cdn0.woolworths.media/content/wowproductimages/medium/094185.jpg,2020-09-20 19:49:44,Average product rating out of 5: 4.7. Product score is based on 15 ratings,15,,True
838eb51d-eca2-45e9-9e53-b55c5a16ff8b,Woolworths Supermarket,Health & Beauty,Lenny & Larry The Complete Cookie Chocolate Chip 113g,094208,$3.20,$2.83 / 100G,https://www.woolworths.com.au/shop/productdetails/94208/lenny-larry-the-complete-cookie-chocolate-chip,https://cdn0.woolworths.media/content/wowproductimages/medium/094208.jpg,2020-09-20 19:49:44,,0,,True
a68d1644-b1d5-4eb6-9abb-ec8ae1e1fc37,Woolworths Supermarket,Health & Beauty,Mcobeauty Duo Lipstick Liner Natural Peach 22g,094243,$8.40,$3.82 / 10G,https://www.woolworths.com.au/shop/productdetails/94243/mcobeauty-duo-lipstick-liner-natural-peach,https://cdn0.woolworths.media/content/wowproductimages/medium/094243.jpg,2020-09-20 19:49:44,,0,,True
94d70482-1d5f-4941-bd12-27fd703bb60d,Woolworths Supermarket,Health & Beauty,Mcobeauty Angled Blender Sponge each,094263,$6.65,$6.65 / 1EA,https://www.woolworths.com.au/shop/productdetails/94263/mcobeauty-angled-blender-sponge,https://cdn0.woolworths.media/content/wowproductimages/medium/094263.jpg,2020-09-20 19:49:44,,0,,True
01647262-791c-407d-96c7-fe82418f81da,Woolworths Supermarket,Health & Beauty,Mcobeauty Ultra Stay Liquid Matte Dusty Mauve 4.8ml,094264,$11.20,$23.33 / 10ML,https://www.woolworths.com.au/shop/productdetails/94264/mcobeauty-ultra-stay-liquid-matte-dusty-mauve,https://cdn0.woolworths.media/content/wowproductimages/medium/094264.jpg,2020-09-20 19:49:44,,0,,True
cacf75cd-f309-48d2-886d-9d3aaf97a08a,Woolworths Supermarket,Health & Beauty,Mcobeauty Duo Lipstick Liner Soft Rose 22g,094274,$8.40,$3.82 / 10G,https://www.woolworths.com.au/shop/productdetails/94274/mcobeauty-duo-lipstick-liner-soft-rose,https://cdn0.woolworths.media/content/wowproductimages/medium/094274.jpg,2020-09-20 19:49:44,,0,,True
30dc841d-78f6-44f5-b882-4b3488f50b9f,Woolworths Supermarket,Health & Beauty,Lenny & Larry The Complete Cookie White Chocolaty Macadamia 113g,094290,$3.20,$2.83 / 100G,https://www.woolworths.com.au/shop/productdetails/94290/lenny-larry-the-complete-cookie-white-chocolaty-macadamia,https://cdn0.woolworths.media/content/wowproductimages/medium/094290.jpg,2020-09-20 19:49:44,,0,,True
f005e963-c5fd-48b5-a4b5-e042c1c6e997,Woolworths Supermarket,Health & Beauty,Mcobeauty Duo Lipstick & Liner Nude Rush 22g,094304,$8.40,$3.82 / 10G,https://www.woolworths.com.au/shop/productdetails/94304/mcobeauty-duo-lipstick-liner-nude-rush,https://cdn0.woolworths.media/content/wowproductimages/medium/094304.jpg,2020-09-20 19:49:44,,0,,True
75e8b146-0c60-4534-bd27-9958f699fdd3,Woolworths Supermarket,Health & Beauty,Mcobeauty Hydrating Face Primer 30ml,094305,$10.50,$3.50 / 10ML,https://www.woolworths.com.au/shop/productdetails/94305/mcobeauty-hydrating-face-primer,https://cdn0.woolworths.media/content/wowproductimages/medium/094305.jpg,2020-09-20 19:49:44,,0,,True
e9ae7e11-c642-479d-b97e-400e3155c53c,Woolworths Supermarket,Health & Beauty,Mcobeauty Matte Lipstick Dream 3g,094312,$5.60,$18.67 / 10G,https://www.woolworths.com.au/shop/productdetails/94312/mcobeauty-matte-lipstick-dream,https://cdn0.woolworths.media/content/wowproductimages/medium/094312.jpg,2020-09-20 19:49:44,,0,,True
0f0854cd-a765-43cc-8ee0-1e0f2e014866,Woolworths Supermarket,Health & Beauty,Mcobeauty Lip Oil Hydrating Treatment 9ml,094313,$7.00,$7.78 / 10ML,https://www.woolworths.com.au/shop/productdetails/94313/mcobeauty-lip-oil-hydrating-treatment,https://cdn0.woolworths.media/content/wowproductimages/medium/094313.jpg,2020-09-20 19:49:44,,0,,True
3cb5d9ca-9cf7-40d5-b4d1-80847b03bc7e,Woolworths Supermarket,Health & Beauty,Ozguard Hand Sanitiser 750ml,094314,$12.00,$1.60 / 100ML,https://www.woolworths.com.au/shop/productdetails/94314/ozguard-hand-sanitiser,https://cdn0.woolworths.media/content/wowproductimages/medium/094314.jpg,2020-09-20 19:49:44,,0,,True
0214a1ce-0d4a-4165-b3f5-0f4413a1eabe,Woolworths Supermarket,Health & Beauty,Ozguard Hand Sanitiser 350ml,094315,$6.50,$1.86 / 100ML,https://www.woolworths.com.au/shop/productdetails/94315/ozguard-hand-sanitiser,https://cdn0.woolworths.media/content/wowproductimages/medium/094315.jpg,2020-09-20 19:49:44,Average product rating out of 5: 3.0. Product score is based on 1 ratings,1,,True
9b3a7c69-4805-4adf-8da2-ddef155b6b95,Woolworths Supermarket,Health & Beauty,Mcobeauty Eyelash Curler each,094319,$5.60,$5.60 / 1EA,https://www.woolworths.com.au/shop/productdetails/94319/mcobeauty-eyelash-curler,https://cdn0.woolworths.media/content/wowproductimages/medium/094319.jpg,2020-09-20 19:49:44,,0,,True
d6d9fefa-d087-4f6d-8fb6-aa10549f0b48,Woolworths Supermarket,Health & Beauty,Mcobeauty Blush Duo Berry Rush 10g,094322,$8.40,$8.40 / 10G,https://www.woolworths.com.au/shop/productdetails/94322/mcobeauty-blush-duo-berry-rush,https://cdn0.woolworths.media/content/wowproductimages/medium/094322.jpg,2020-09-20 19:49:44,,0,,True
8186a2f1-22df-428c-8d3f-ecbf64baf862,Woolworths Supermarket,Health & Beauty,Gillette Fusion5 Razor Starter Kit each,094363,$30.00,$30.00 / 1EA,https://www.woolworths.com.au/shop/productdetails/94363/gillette-fusion5-razor-starter-kit,https://cdn0.woolworths.media/content/wowproductimages/medium/094363.jpg,2020-09-20 19:49:44,,0,,True
4892a0b9-182a-4d69-ba31-22d0f082b00b,Woolworths Supermarket,Health & Beauty,Mcobeauty Ultra Stay Liquid Matte Peachy Nude 4.8ml,094364,$11.20,$23.33 / 10ML,https://www.woolworths.com.au/shop/productdetails/94364/mcobeauty-ultra-stay-liquid-matte-peachy-nude,https://cdn0.woolworths.media/content/wowproductimages/medium/094364.jpg,2020-09-20 19:49:44,,0,,True
140b95df-63ff-492a-8841-1c4b1d5467b8,Woolworths Supermarket,Health & Beauty,Maybelline Nudes Of New York Eyeshadow Palette each,094449,$17.50,$9.72 / 10G,https://www.woolworths.com.au/shop/productdetails/94449/maybelline-nudes-of-new-york-eyeshadow-palette,https://cdn0.woolworths.media/content/wowproductimages/medium/094449.jpg,2020-09-20 19:49:44,,0,,True
3fa18f9d-53ed-4566-987b-d5dc97caa126,Woolworths Supermarket,Health & Beauty,Maybelline Falsies Lash Lift Waterproof Mascara Very Black each,094451,$15.00,$17.44 / 10ML,https://www.woolworths.com.au/shop/productdetails/94451/maybelline-falsies-lash-lift-waterproof-mascara-very-black,https://cdn0.woolworths.media/content/wowproductimages/medium/094451.jpg,2020-09-20 19:49:44,,0,,True
5856d706-7ba7-4695-86b2-3cccb35643e4,Woolworths Supermarket,Health & Beauty,Crankt Max Premium Protein Bar Salted Caramel 60g,094479,$3.75,$6.25 / 100G,https://www.woolworths.com.au/shop/productdetails/94479/crankt-max-premium-protein-bar-salted-caramel,https://cdn0.woolworths.media/content/wowproductimages/medium/094479.jpg,2020-09-20 19:49:44,,0,,True
34f67893-2eb9-4b4c-82d2-3a0608b79190,Woolworths Supermarket,Health & Beauty,Mcobeauty Duo Lipstick & Liner Nude Mauve 22g,094495,$8.40,$3.82 / 10G,https://www.woolworths.com.au/shop/productdetails/94495/mcobeauty-duo-lipstick-liner-nude-mauve,https://cdn0.woolworths.media/content/wowproductimages/medium/094495.jpg,2020-09-20 19:49:44,,0,,True
9839c95d-47e7-406d-8012-31a5da2c4ab7,Woolworths Supermarket,Health & Beauty,Aussie Bodies Keto Cookies & Cream Wafer 35g,094501,$3.00,$8.57 / 100G,https://www.woolworths.com.au/shop/productdetails/94501/aussie-bodies-keto-cookies-cream-wafer,https://cdn0.woolworths.media/content/wowproductimages/medium/094501.jpg,2020-09-20 19:49:44,,0,,True
cadfa05a-2d0e-46ba-810e-6a9bb4b75e81,Woolworths Supermarket,Health & Beauty,Homebrand Shave Foam 250g,094648,$2.30,$0.92 / 100G,https://www.woolworths.com.au/shop/productdetails/94648/homebrand-shave-foam,https://cdn0.woolworths.media/content/wowproductimages/medium/094648.jpg,2020-09-20 19:49:44,Average product rating out of 5: 4.5. Product score is based on 12 ratings,12,,True
c1e291d9-c4c7-4e03-9383-12055eef06ca,Woolworths Supermarket,Health & Beauty,Thankyou. Hand Sanitiser For Humanity 30ml,094673,$2.10,$7.00 / 100ML,https://www.woolworths.com.au/shop/productdetails/94673/thankyou-hand-sanitiser-for-humanity,https://cdn0.woolworths.media/content/wowproductimages/medium/094673.jpg,2020-09-20 19:49:44,,0,,True
f0722838-6e5a-4a26-bac3-7ef190bf2223,Woolworths Supermarket,Health & Beauty,Thankyou. Hand Sanitiser For Humanity 300ml,094674,$6.00,$2.00 / 100ML,https://www.woolworths.com.au/shop/productdetails/94674/thankyou-hand-sanitiser-for-humanity,https://cdn0.woolworths.media/content/wowproductimages/medium/094674.jpg,2020-09-20 19:49:44,Average product rating out of 5: 3.7. Product score is based on 3 ratings,3,,True
a83db44d-05fd-4dd3-82c7-513ffcf15698,Woolworths Supermarket,Health & Beauty,Homebrand Pads Regular 20 pack,094675,$1.50,$0.08 / 1EA,https://www.woolworths.com.au/shop/productdetails/94675/homebrand-pads-regular,https://cdn0.woolworths.media/content/wowproductimages/medium/094675.jpg,2020-09-20 19:49:44,,0,,True
c89d7f55-dce6-465c-9721-604d8e3a4f7c,Woolworths Supermarket,Health & Beauty,Swiss Care Instant Hand Sanitizer 59ml,094726,$3.60,$6.10 / 100ML,https://www.woolworths.com.au/shop/productdetails/94726/swiss-care-instant-hand-sanitizer,https://cdn0.woolworths.media/content/wowproductimages/medium/094726.jpg,2020-09-20 19:49:44,Average product rating out of 5: 4.0. Product score is based on 1 ratings,1,,True
d661c7d0-67b8-42c9-b419-483fdddd48ed,Woolworths Supermarket,Health & Beauty,Aussie Bodies Collagen Chocolate Delight Bar 45g,094771,$3.00,$6.67 / 100G,https://www.woolworths.com.au/shop/productdetails/94771/aussie-bodies-collagen-chocolate-delight-bar,https://cdn0.woolworths.media/content/wowproductimages/medium/094771.jpg,2020-09-20 19:49:44,,0,,True
1c820456-d76c-4378-abaa-f9f9a87d142a,Woolworths Supermarket,Health & Beauty,Aussie Bodies Collagen Coconut Cream Delight Bar 45g,094827,$3.00,$6.67 / 100G,https://www.woolworths.com.au/shop/productdetails/94827/aussie-bodies-collagen-coconut-cream-delight-bar,https://cdn0.woolworths.media/content/wowproductimages/medium/094827.jpg,2020-09-20 19:49:44,,0,,True
87c6bed6-aaf5-42e4-9bf5-a5bca3a5c660,Woolworths Supermarket,Health & Beauty,Aussie Bodies Lo Carb Whipped Peanut Butter Bar 50g,094919,$3.00,$6.00 / 100G,https://www.woolworths.com.au/shop/productdetails/94919/aussie-bodies-lo-carb-whipped-peanut-butter-bar,https://cdn0.woolworths.media/content/wowproductimages/medium/094919.jpg,2020-09-20 19:49:44,,0,,True
bc289098-b9a4-4841-a0d8-25374d3c5792,Woolworths Supermarket,Health & Beauty,Colgate Smiles My First Extra Soft Kids Toothbrush 0-2 Years each,095217,$3.50,$3.50 / 1EA,https://www.woolworths.com.au/shop/productdetails/95217/colgate-smiles-my-first-extra-soft-kids-toothbrush-0-2-years,https://cdn0.woolworths.media/content/wowproductimages/medium/095217.jpg,2020-09-20 19:49:44,Average product rating out of 5: 4.6. Product score is based on 8 ratings,8,Was $4.00 20/02/2017,True
abb0fa02-0dd3-4b3e-9c13-d3cada0852e1,Woolworths Supermarket,Health & Beauty,Lifebuoy Hand Sanitiser Spray 150ml,095444,$7.50,$5.00 / 100ML,https://www.woolworths.com.au/shop/productdetails/95444/lifebuoy-hand-sanitiser-spray,https://cdn0.woolworths.media/content/wowproductimages/medium/095444.jpg,2020-09-20 19:49:44,Average product rating out of 5: 5.0. Product score is based on 3 ratings,3,,True
4227db87-9870-45f6-9da8-95cf04d38dc4,Woolworths Supermarket,Health & Beauty,Hand Wash Botanical 300ml,095652,$3.50,$1.17 / 100ML,https://www.woolworths.com.au/shop/productdetails/95652/hand-wash-botanical,https://cdn0.woolworths.media/content/wowproductimages/medium/095652.jpg,2020-09-20 19:49:44,,0,,True
6faa4877-2bc6-44e5-bef6-ed094d9725c6,Woolworths Supermarket,Health & Beauty,Botanical Antibacterial Cleansing Hand Wash 500ml,095657,$5.00,$1.00 / 100ML,https://www.woolworths.com.au/shop/productdetails/95657/botanical-antibacterial-cleansing-hand-wash,https://cdn0.woolworths.media/content/wowproductimages/medium/095657.jpg,2020-09-20 19:49:44,,0,,True
f9b8a2a8-a89b-4e97-995c-f9f286f7f233,Woolworths Supermarket,Health & Beauty,Crankt Max Premium Protein Bar Chocolate Fudge 60g,095659,$3.75,$6.25 / 100G,https://www.woolworths.com.au/shop/productdetails/95659/crankt-max-premium-protein-bar-chocolate-fudge,https://cdn0.woolworths.media/content/wowproductimages/medium/095659.jpg,2020-09-20 19:49:44,,0,,True
eb19541e-7097-4cfd-bc86-63d2e18e57da,Woolworths Supermarket,Health & Beauty,Prana On Plant Protein Bar Peanut Butter & Jelly Flavour 40g,095764,$4.00,$10.00 / 100G,https://www.woolworths.com.au/shop/productdetails/95764/prana-on-plant-protein-bar-peanut-butter-jelly-flavour,https://cdn0.woolworths.media/content/wowproductimages/medium/095764.jpg,2020-09-20 19:49:44,,0,,True
5f55862a-bcf3-4f85-9175-4be08e857a2b,Woolworths Supermarket,Health & Beauty,Prana On Plant Protein Bar Choc Hazelnut Flavour 40g,095818,$4.00,$10.00 / 100G,https://www.woolworths.com.au/shop/productdetails/95818/prana-on-plant-protein-bar-choc-hazelnut-flavour,https://cdn0.woolworths.media/content/wowproductimages/medium/095818.jpg,2020-09-20 19:49:44,,0,,True
6360937f-b7b3-4b89-9799-b94b75036973,Woolworths Supermarket,Health & Beauty,Prana On Plant Protein Treat Rich Chocolate Flavour 38g,095824,$3.80,$10.00 / 100G,https://www.woolworths.com.au/shop/productdetails/95824/prana-on-plant-protein-treat-rich-chocolate-flavour,https://cdn0.woolworths.media/content/wowproductimages/medium/095824.jpg,2020-09-20 19:49:44,,0,,True
8eda7747-59a9-4317-8b24-1ab2e24dfcd6,Woolworths Supermarket,Health & Beauty,Prana On Plant Protein Shake Chocolate Flavour 405g,095827,$30.00,$7.41 / 100G,https://www.woolworths.com.au/shop/productdetails/95827/prana-on-plant-protein-shake-chocolate-flavour,https://cdn0.woolworths.media/content/wowproductimages/medium/095827.jpg,2020-09-20 19:49:44,,0,,True
f8d5901d-3721-4943-a13e-ef3c67844c98,Woolworths Supermarket,Health & Beauty,Prana On Plant Protein Bar Choc Fudge Brownie Flavour 40g,095905,$4.00,$10.00 / 100G,https://www.woolworths.com.au/shop/productdetails/95905/prana-on-plant-protein-bar-choc-fudge-brownie-flavour,https://cdn0.woolworths.media/content/wowproductimages/medium/095905.jpg,2020-09-20 19:49:44,,0,,True
dfacce30-1abb-475f-838d-217c61dc477d,Woolworths Supermarket,Health & Beauty,Prana On Plant Protein Bar Vanilla Late Flavour 40g,095955,$4.00,$10.00 / 100G,https://www.woolworths.com.au/shop/productdetails/95955/prana-on-plant-protein-bar-vanilla-late-flavour,https://cdn0.woolworths.media/content/wowproductimages/medium/095955.jpg,2020-09-20 19:49:44,,0,,True
0170e0c4-2330-455a-a37c-73260608c19b,Woolworths Supermarket,Health & Beauty,Youfoodz Cookies & Cream Protein Bites 80g,095967,$5.00,$6.25 / 100G,https://www.woolworths.com.au/shop/productdetails/95967/youfoodz-cookies-cream-protein-bites,https://cdn0.woolworths.media/content/wowproductimages/medium/095967.jpg,2020-09-20 19:49:44,,0,,True
dbfb781d-89de-4946-949d-da91c2c964e6,Woolworths Supermarket,Health & Beauty,Aussie Bodies Protein Bar Peanut Butter Crisp 36g,095970,$3.00,$8.33 / 100G,https://www.woolworths.com.au/shop/productdetails/95970/aussie-bodies-protein-bar-peanut-butter-crisp,https://cdn0.woolworths.media/content/wowproductimages/medium/095970.jpg,2020-09-20 19:49:44,,0,,True
3a392c8e-6492-44bc-bce9-52fc98838702,Woolworths Supermarket,Health & Beauty,Aussie Bodies Lo Carb Whipped Mint Choc Bar 50g,095972,$3.00,$6.00 / 100G,https://www.woolworths.com.au/shop/productdetails/95972/aussie-bodies-lo-carb-whipped-mint-choc-bar,https://cdn0.woolworths.media/content/wowproductimages/medium/095972.jpg,2020-09-20 19:49:44,,0,,True
c3b61b1b-6638-4e22-a2cc-4271a4a5910e,Woolworths Supermarket,Health & Beauty,Bounce Keto Salted Caramel Low Carb Bar 35g,095994,$3.00,$8.57 / 100G,https://www.woolworths.com.au/shop/productdetails/95994/bounce-keto-salted-caramel-low-carb-bar,https://cdn0.woolworths.media/content/wowproductimages/medium/095994.jpg,2020-09-20 19:49:44,,0,,True
3075df1a-38a9-43dd-ae94-09e4a40697b5,Woolworths Supermarket,Health & Beauty,Body Science High Protein Bar Low Carb Cookies & Cream 5 pack,096092,$15.00,$5.00 / 100G,https://www.woolworths.com.au/shop/productdetails/96092/body-science-high-protein-bar-low-carb-cookies-cream,https://cdn0.woolworths.media/content/wowproductimages/medium/096092.jpg,2020-09-20 19:49:44,,0,,True
e44dbeaa-7cc2-4496-9636-88508e6c7d56,Woolworths Supermarket,Health & Beauty,Mentholatum Ice Gel Therapy 100g,096246,$5.00,$5.00 / 100G,https://www.woolworths.com.au/shop/productdetails/96246/mentholatum-ice-gel-therapy,https://cdn0.woolworths.media/content/wowproductimages/medium/096246.jpg,2020-09-20 19:49:44,Average product rating out of 5: 4.6. Product score is based on 9 ratings,9,,True
55e17060-245c-49b2-ae64-4cfcbc59f9f9,Woolworths Supermarket,Health & Beauty,Organic Care Anti-dandruff 2 In 1 Shampoo 400ml,096387,$1.75,$0.44 / 100ML,https://www.woolworths.com.au/shop/productdetails/96387/organic-care-anti-dandruff-2-in-1-shampoo,https://cdn0.woolworths.media/content/wowproductimages/medium/096387.jpg,2020-09-20 19:49:44,Average product rating out of 5: 4.6. Product score is based on 22 ratings,22,,True
5c733233-41b5-475a-91c9-5a6091cec98b,Woolworths Supermarket,Health & Beauty,Careline Hand Sanitiser 500ml,096512,$12.00,$2.40 / 100ML,https://www.woolworths.com.au/shop/productdetails/96512/careline-hand-sanitiser,https://cdn0.woolworths.media/content/wowproductimages/medium/096512.jpg,2020-09-20 19:49:44,Average product rating out of 5: 3.6. Product score is based on 11 ratings,11,,True
56f0f874-9a80-434a-82a8-2c7092bf8f19,Woolworths Supermarket,Health & Beauty,Carefree Panty Liners Long 30 pack,096696,$3.50,$0.12 / 1EA,https://www.woolworths.com.au/shop/productdetails/96696/carefree-panty-liners-long,https://cdn0.woolworths.media/content/wowproductimages/medium/096696.jpg,2020-09-20 19:49:44,,0,Was $3.80 23/01/2019,True
7db3f08c-4cc4-4b3f-a27f-956be0825631,Woolworths Supermarket,Health & Beauty,Prana On Plant Protein Shake Vanilla Flavour 405g,096787,$30.00,$7.41 / 100G,https://www.woolworths.com.au/shop/productdetails/96787/prana-on-plant-protein-shake-vanilla-flavour,https://cdn0.woolworths.media/content/wowproductimages/medium/096787.jpg,2020-09-20 19:49:44,,0,,True
81e321e8-b390-4bcc-820a-58ef0d63bcf6,Woolworths Supermarket,Health & Beauty,Dettol Antibacterial Liquid Hand Wash Pump Refresh 250ml,097088,$2.00,$0.80 / 100ML,https://www.woolworths.com.au/shop/productdetails/97088/dettol-antibacterial-liquid-hand-wash-pump-refresh,https://cdn0.woolworths.media/content/wowproductimages/medium/097088.jpg,2020-09-20 19:49:44,Average product rating out of 5: 4.6. Product score is based on 27 ratings,27,Was $2.90 06/11/2017,True
a8243372-3965-46be-987e-baf036ef9314,Woolworths Supermarket,Health & Beauty,Aussie Bodies Nourish Protein Vanilla Bean 450g,097128,$20.00,$4.44 / 100G,https://www.woolworths.com.au/shop/productdetails/97128/aussie-bodies-nourish-protein-vanilla-bean,https://cdn0.woolworths.media/content/wowproductimages/medium/097128.jpg,2020-09-20 19:49:44,,0,,True
8f719af7-390e-428b-b67e-e54650db485e,Woolworths Supermarket,Health & Beauty,Keep It Cleaner Egg White Protein Honey Comb Bar 40g,097130,$2.45,$6.13 / 100G,https://www.woolworths.com.au/shop/productdetails/97130/keep-it-cleaner-egg-white-protein-honey-comb-bar,https://cdn0.woolworths.media/content/wowproductimages/medium/097130.jpg,2020-09-20 19:49:44,,0,,True
7f16116d-6a4b-42bb-8778-4f0efa85d3ce,Woolworths Supermarket,Health & Beauty,Aussie Bodies Shine Collagen Wild Berry Burst 455g,097151,$22.40,$4.92 / 100G,https://www.woolworths.com.au/shop/productdetails/97151/aussie-bodies-shine-collagen-wild-berry-burst,https://cdn0.woolworths.media/content/wowproductimages/medium/097151.jpg,2020-09-20 19:49:44,,0,,True
8a8e6c5e-bec5-4340-8bfe-be1107241788,Woolworths Supermarket,Health & Beauty,Herron Sennesoft Laxatives Overnight Relief 100 pack,097172,$8.00,$0.08 / 1EA,https://www.woolworths.com.au/shop/productdetails/97172/herron-sennesoft-laxatives-overnight-relief,https://cdn0.woolworths.media/content/wowproductimages/medium/097172.jpg,2020-09-20 19:49:44,Average product rating out of 5: 4.7. Product score is based on 6 ratings,6,,True
a5e79624-607b-41f4-83df-0268fa58efb0,Woolworths Supermarket,Health & Beauty,Aussie Bodies Protein Bar Choc Hazelnut Crisp 36g,097232,$3.00,$8.33 / 100G,https://www.woolworths.com.au/shop/productdetails/97232/aussie-bodies-protein-bar-choc-hazelnut-crisp,https://cdn0.woolworths.media/content/wowproductimages/medium/097232.jpg,2020-09-20 19:49:44,,0,,True
137ff425-7765-4117-845f-f3e1cd89cd0c,Woolworths Supermarket,Health & Beauty,Aussie Bodies Shape Lo Carb Vanilla Milkshake 420g,097234,$20.00,$4.76 / 100G,https://www.woolworths.com.au/shop/productdetails/97234/aussie-bodies-shape-lo-carb-vanilla-milkshake,https://cdn0.woolworths.media/content/wowproductimages/medium/097234.jpg,2020-09-20 19:49:44,,0,,True
e40a9cc8-cfc0-41bb-b296-41ec13fca2dd,Woolworths Supermarket,Health & Beauty,Always Discreet Discreet Underwear Large Pants For Bladder Leaks 8 pack,097279,$20.00,$2.50 / 1EA,https://www.woolworths.com.au/shop/productdetails/97279/always-discreet-discreet-underwear-large-pants-for-bladder-leaks,https://cdn0.woolworths.media/content/wowproductimages/medium/097279.jpg,2020-09-20 19:49:44,,0,,True
5340f149-1e6a-4ae6-8b33-b42f1ccf6359,Woolworths Supermarket,Health & Beauty,Always Discreet Long Plus For Bladder Leaks 20 pack,097280,$6.00,$0.30 / 1EA,https://www.woolworths.com.au/shop/productdetails/97280/always-discreet-long-plus-for-bladder-leaks,https://cdn0.woolworths.media/content/wowproductimages/medium/097280.jpg,2020-09-20 19:49:44,,0,,True
edd3f310-3999-4c48-86ed-9715f2d30462,Woolworths Supermarket,Health & Beauty,Cellucor C4 Ripped Sport Arctic Snow Cone 246g,097297,$44.00,$1.47 / 1EA,https://www.woolworths.com.au/shop/productdetails/97297/cellucor-c4-ripped-sport-arctic-snow-cone,https://cdn0.woolworths.media/content/wowproductimages/medium/097297.jpg,2020-09-20 19:49:44,,0,,True
e5c40aa2-acad-4aad-9358-39cdbf9c4c2e,Woolworths Supermarket,Health & Beauty,Jiinju Gold Foil Sheet Mask Radiant Skin each,097311,$6.00,$6.00 / 1EA,https://www.woolworths.com.au/shop/productdetails/97311/jiinju-gold-foil-sheet-mask-radiant-skin,https://cdn0.woolworths.media/content/wowproductimages/medium/097311.jpg,2020-09-20 19:49:44,,0,,True
96bd9204-6b58-4b99-bf35-e2aa78e958b6,Woolworths Supermarket,Health & Beauty,Keep It Cleaner Egg White Protein Peanut Butter Caramel Bar 40g,097434,$2.45,$6.13 / 100G,https://www.woolworths.com.au/shop/productdetails/97434/keep-it-cleaner-egg-white-protein-peanut-butter-caramel-bar,https://cdn0.woolworths.media/content/wowproductimages/medium/097434.jpg,2020-09-20 19:49:44,,0,,True
6c0d8053-7567-4d8c-a411-5bcef1386a80,Woolworths Supermarket,Health & Beauty,Always Discreet Normal For Bladder Leaks 24 pack,097441,$6.00,$0.25 / 1EA,https://www.woolworths.com.au/shop/productdetails/97441/always-discreet-normal-for-bladder-leaks,https://cdn0.woolworths.media/content/wowproductimages/medium/097441.jpg,2020-09-20 19:49:44,,0,,True
e770aff9-6fc9-40b6-a25a-b61fa31549b6,Woolworths Supermarket,Health & Beauty,Edge Sensitive Skin Shave Gel 198g,097459,$3.25,$1.64 / 100G,https://www.woolworths.com.au/shop/productdetails/97459/edge-sensitive-skin-shave-gel,https://cdn0.woolworths.media/content/wowproductimages/medium/097459.jpg,2020-09-20 19:49:44,,0,,True
c0973754-2f27-49cd-b47c-5c5eeaab0bb3,Woolworths Supermarket,Health & Beauty,Nature's Way Instant Natural High Protein Vegan Meal Rich Choc Fudge 400g,097547,$25.00,$6.25 / 100G,https://www.woolworths.com.au/shop/productdetails/97547/nature-s-way-instant-natural-high-protein-vegan-meal-rich-choc-fudge,https://cdn0.woolworths.media/content/wowproductimages/medium/097547.jpg,2020-09-20 19:49:44,,0,,True
1fdc4b0a-7c8b-4a79-bb90-5b1ed15febb7,Woolworths Supermarket,Health & Beauty,Aussie Bodies Wellness Booster Mango Pineapple 140g,097630,$15.00,$10.71 / 100G,https://www.woolworths.com.au/shop/productdetails/97630/aussie-bodies-wellness-booster-mango-pineapple,https://cdn0.woolworths.media/content/wowproductimages/medium/097630.jpg,2020-09-20 19:49:44,,0,,True
9d6703dc-7cdb-414a-b2f2-fb3698d8cc1f,Woolworths Supermarket,Health & Beauty,Aussie Bodies Shape Lo Carb Chocolate Milkshake 420g,097652,$20.00,$4.76 / 100G,https://www.woolworths.com.au/shop/productdetails/97652/aussie-bodies-shape-lo-carb-chocolate-milkshake,https://cdn0.woolworths.media/content/wowproductimages/medium/097652.jpg,2020-09-20 19:49:44,,0,,True
254fde8e-5de1-477a-a589-cf7be3b72d5d,Woolworths Supermarket,Health & Beauty,Keep It Cleaner Plant Based Protein Crunch Dark Choc Sour Cherry Bar 40g,097668,$2.80,$7.00 / 100G,https://www.woolworths.com.au/shop/productdetails/97668/keep-it-cleaner-plant-based-protein-crunch-dark-choc-sour-cherry-bar,https://cdn0.woolworths.media/content/wowproductimages/medium/097668.jpg,2020-09-20 19:49:44,,0,,True
6321c656-149d-4601-b566-2c27e094908c,Woolworths Supermarket,Health & Beauty,Keep It Cleaner Egg White Protein Banana Bread Bar 40g,097795,$2.45,$6.13 / 100G,https://www.woolworths.com.au/shop/productdetails/97795/keep-it-cleaner-egg-white-protein-banana-bread-bar,https://cdn0.woolworths.media/content/wowproductimages/medium/097795.jpg,2020-09-20 19:49:44,,0,,True
f4739b2d-653c-471c-abf9-5dc3460e641b,Woolworths Supermarket,Health & Beauty,Keep It Cleaner Protein Almond Butter Cookie Ball 32g,097810,$1.65,$5.16 / 100G,https://www.woolworths.com.au/shop/productdetails/97810/keep-it-cleaner-protein-almond-butter-cookie-ball,https://cdn0.woolworths.media/content/wowproductimages/medium/097810.jpg,2020-09-20 19:49:44,,0,,True
746b47de-3489-4faa-ab5c-8300f2b73248,Woolworths Supermarket,Health & Beauty,Clairol Nice N Easy 9b Natural Light Beige Blonde each,097906,$9.00,,https://www.woolworths.com.au/shop/productdetails/97906/clairol-nice-n-easy-9b-natural-light-beige-blonde,https://cdn0.woolworths.media/content/wowproductimages/medium/097906.jpg,2020-09-20 19:49:44,Average product rating out of 5: 4.5. Product score is based on 4 ratings,4,Was $13.00 06/08/2018,True
a36c6432-6452-4323-96ea-2a3bbb5a07cf,Woolworths Supermarket,Health & Beauty,Keep It Cleaner Egg White Protein Rocky Road Bar 40g,097917,$2.45,$6.13 / 100G,https://www.woolworths.com.au/shop/productdetails/97917/keep-it-cleaner-egg-white-protein-rocky-road-bar,https://cdn0.woolworths.media/content/wowproductimages/medium/097917.jpg,2020-09-20 19:49:44,,0,,True
41753ea1-1de8-49af-a8fa-63511166145d,Woolworths Supermarket,Health & Beauty,Keep It Cleaner Plant Based Protein Crunch Peanut Butter Bar 40g,097942,$2.80,$7.00 / 100G,https://www.woolworths.com.au/shop/productdetails/97942/keep-it-cleaner-plant-based-protein-crunch-peanut-butter-bar,https://cdn0.woolworths.media/content/wowproductimages/medium/097942.jpg,2020-09-20 19:49:44,,0,,True
b4c09911-3730-467f-92e7-b1949e92b259,Woolworths Supermarket,Health & Beauty,Maybelline Cheek Heat Sheer Gel Cream Blush 20 Rose Flush 8ml,097948,$10.20,$12.75 / 10ML,https://www.woolworths.com.au/shop/productdetails/97948/maybelline-cheek-heat-sheer-gel-cream-blush-20-rose-flush,https://cdn0.woolworths.media/content/wowproductimages/medium/097948.jpg,2020-09-20 19:49:44,,0,,True
f28d8b82-ce3b-46f0-b856-59aab9cc8483,Woolworths Supermarket,Health & Beauty,Keep It Cleaner Protein Powder Wpi Vanilla Flavour 1kg,097963,$59.00,$5.90 / 100G,https://www.woolworths.com.au/shop/productdetails/97963/keep-it-cleaner-protein-powder-wpi-vanilla-flavour,https://cdn0.woolworths.media/content/wowproductimages/medium/097963.jpg,2020-09-20 19:49:44,,0,,True
ccd86f20-7f7a-41ae-82ed-bb1f9bd10b1d,Woolworths Supermarket,Health & Beauty,Keep It Cleaner Plant Based Protein Crunch Salted Caramel Bar 40g,097983,$2.80,$7.00 / 100G,https://www.woolworths.com.au/shop/productdetails/97983/keep-it-cleaner-plant-based-protein-crunch-salted-caramel-bar,https://cdn0.woolworths.media/content/wowproductimages/medium/097983.jpg,2020-09-20 19:49:44,,0,,True
28d65526-6611-4d04-82b5-e9da1ff93eab,Woolworths Supermarket,Health & Beauty,Always Discreet Maxi Night For Bladder Leaks 6 pack,098007,$8.00,$1.33 / 1EA,https://www.woolworths.com.au/shop/productdetails/98007/always-discreet-maxi-night-for-bladder-leaks,https://cdn0.woolworths.media/content/wowproductimages/medium/098007.jpg,2020-09-20 19:49:44,,0,,True
56213f03-d5b3-4027-8822-1ae27c9adfee,Woolworths Supermarket,Health & Beauty,Body Science High Protein Bar Low Carb Rich Milk Chocolate 60g,098017,$4.00,$6.67 / 100G,https://www.woolworths.com.au/shop/productdetails/98017/body-science-high-protein-bar-low-carb-rich-milk-chocolate,https://cdn0.woolworths.media/content/wowproductimages/medium/098017.jpg,2020-09-20 19:49:44,,0,,True
c93674d4-a34d-4cff-86a1-3226e302ad70,Woolworths Supermarket,Health & Beauty,Keep It Cleaner Protein Powder Wpi Chocolate Flavour 1kg,098033,$59.00,$59.00 / 1EA,https://www.woolworths.com.au/shop/productdetails/98033/keep-it-cleaner-protein-powder-wpi-chocolate-flavour,https://cdn0.woolworths.media/content/wowproductimages/medium/098033.jpg,2020-09-20 19:49:44,,0,,True
4fec7cab-48a7-43e2-9a2e-8d4744ce6afb,Woolworths Supermarket,Health & Beauty,Keep It Cleaner Plant Based Protein Crunch Choc Hemp Bar 40g,098052,$2.80,$7.00 / 100G,https://www.woolworths.com.au/shop/productdetails/98052/keep-it-cleaner-plant-based-protein-crunch-choc-hemp-bar,https://cdn0.woolworths.media/content/wowproductimages/medium/098052.jpg,2020-09-20 19:49:44,,0,,True
a12db680-2882-4e8d-8005-6a7a265fcb7c,Woolworths Supermarket,Health & Beauty,Keep It Cleaner Protein Choc Fudge Ball 32g,098069,$1.65,$5.16 / 100G,https://www.woolworths.com.au/shop/productdetails/98069/keep-it-cleaner-protein-choc-fudge-ball,https://cdn0.woolworths.media/content/wowproductimages/medium/098069.jpg,2020-09-20 19:49:44,,0,,True
070640cb-5d4e-4bbd-8faf-e67e628db2dc,Woolworths Supermarket,Health & Beauty,Quest Protein Bar Caramel Chocolate Chunk 60g,098075,$4.00,$6.67 / 100G,https://www.woolworths.com.au/shop/productdetails/98075/quest-protein-bar-caramel-chocolate-chunk,https://cdn0.woolworths.media/content/wowproductimages/medium/098075.jpg,2020-09-20 19:49:44,,0,,True
2681d2f9-bece-4a18-b529-d3d8d24c3371,Woolworths Supermarket,Health & Beauty,Always Discreet Underwear Medium Pants For Bladder Leaks 9 pack,098089,$20.00,$2.22 / 1EA,https://www.woolworths.com.au/shop/productdetails/98089/always-discreet-underwear-medium-pants-for-bladder-leaks,https://cdn0.woolworths.media/content/wowproductimages/medium/098089.jpg,2020-09-20 19:49:44,,0,,True
835af9f4-6222-406f-b362-6e083ea4b04a,Woolworths Supermarket,Health & Beauty,Aussie Bodies Shape Lo Carb Salted Caramel Fudge Bars 4 pack,098093,$9.00,$7.50 / 100G,https://www.woolworths.com.au/shop/productdetails/98093/aussie-bodies-shape-lo-carb-salted-caramel-fudge-bars,https://cdn0.woolworths.media/content/wowproductimages/medium/098093.jpg,2020-09-20 19:49:44,,0,,True
3818dc6b-6ea0-49f2-adbf-e961b21626dd,Woolworths Supermarket,Health & Beauty,Youfoodz White Choc Cranberry & Macadamia Protein Cookie 60g,098094,$2.50,$4.17 / 100G,https://www.woolworths.com.au/shop/productdetails/98094/youfoodz-white-choc-cranberry-macadamia-protein-cookie,https://cdn0.woolworths.media/content/wowproductimages/medium/098094.jpg,2020-09-20 19:49:44,,0,,True
76a3c8a3-a93e-4bc6-b5dc-23b3789aee3a,Woolworths Supermarket,Health & Beauty,Always Discreet Small For Bladder Leaks 20 pack,098096,$8.00,$0.40 / 1EA,https://www.woolworths.com.au/shop/productdetails/98096/always-discreet-small-for-bladder-leaks,https://cdn0.woolworths.media/content/wowproductimages/medium/098096.jpg,2020-09-20 19:49:44,,0,,True
ae0ed04f-6e1f-476b-9365-5a851b356510,Woolworths Supermarket,Health & Beauty,Bounce Keto Almond Vanilla Low Carb Bar 35g,098355,$3.00,$8.57 / 100G,https://www.woolworths.com.au/shop/productdetails/98355/bounce-keto-almond-vanilla-low-carb-bar,https://cdn0.woolworths.media/content/wowproductimages/medium/098355.jpg,2020-09-20 19:49:44,,0,,True
67728188-30d1-4245-a824-7d5758bcc60a,Woolworths Supermarket,Health & Beauty,Body Science Collagen Low Carb Protein Bar Peanut Butter Chocolate 60g,098356,$4.00,$6.67 / 100G,https://www.woolworths.com.au/shop/productdetails/98356/body-science-collagen-low-carb-protein-bar-peanut-butter-chocolate,https://cdn0.woolworths.media/content/wowproductimages/medium/098356.jpg,2020-09-20 19:49:44,,0,,True
933e808e-0a50-4eaa-a522-29471baa2e13,Woolworths Supermarket,Health & Beauty,Maybelline Fit Me Matte Pore Powder Natural Beige 8.5g,098498,$9.00,$10.59 / 10G,https://www.woolworths.com.au/shop/productdetails/98498/maybelline-fit-me-matte-pore-powder-natural-beige,https://cdn0.woolworths.media/content/wowproductimages/medium/098498.jpg,2020-09-20 19:49:44,,0,,True
2f5f7217-8d3b-4549-bd45-0e9ee91f5ecd,Woolworths Supermarket,Health & Beauty,Keep It Cleaner Plant Based Protein Powder Vanilla Flavour 375g,098978,$21.00,$5.60 / 100G,https://www.woolworths.com.au/shop/productdetails/98978/keep-it-cleaner-plant-based-protein-powder-vanilla-flavour,https://cdn0.woolworths.media/content/wowproductimages/medium/098978.jpg,2020-09-20 19:49:44,,0,,True
c95b8f14-1b1f-4c8f-8339-a39a8057247f,Woolworths Supermarket,Health & Beauty,Always Discreet Normal For Bladder Leaks 12 pack,099043,$8.00,$0.67 / 1EA,https://www.woolworths.com.au/shop/productdetails/99043/always-discreet-normal-for-bladder-leaks,https://cdn0.woolworths.media/content/wowproductimages/medium/099043.jpg,2020-09-20 19:49:44,,0,,True
07207cfb-09cc-439e-9a0c-0fbd325595da,Woolworths Supermarket,Health & Beauty,Aussie Bodies Shine Collagen Booster Beauty Berry 140g,099282,$15.00,$10.71 / 100G,https://www.woolworths.com.au/shop/productdetails/99282/aussie-bodies-shine-collagen-booster-beauty-berry,https://cdn0.woolworths.media/content/wowproductimages/medium/099282.jpg,2020-09-20 19:49:44,,0,,True
b632badd-6c1f-40b6-abc8-1474e57d89a5,Woolworths Supermarket,Health & Beauty,Always Discreet Discreet Long For Bladder Leaks 10 pack,099287,$8.00,$0.80 / 1EA,https://www.woolworths.com.au/shop/productdetails/99287/always-discreet-discreet-long-for-bladder-leaks,https://cdn0.woolworths.media/content/wowproductimages/medium/099287.jpg,2020-09-20 19:49:44,,0,,True
6b3041a7-fb0c-45fa-b28e-c6984ee263e4,Woolworths Supermarket,Health & Beauty,Veeda Natural Cotton Liners Thin 40 pack,099339,$4.80,$0.12 / 1EA,https://www.woolworths.com.au/shop/productdetails/99339/veeda-natural-cotton-liners-thin,https://cdn0.woolworths.media/content/wowproductimages/medium/099339.jpg,2020-09-20 19:49:44,,0,,True
e2605b5c-fa1f-4ca9-a74d-213eba174d29,Woolworths Supermarket,Health & Beauty,Bounce Keto Salted Caramel Low Carb Bar 5 pack,099365,$10.00,$5.71 / 100G,https://www.woolworths.com.au/shop/productdetails/99365/bounce-keto-salted-caramel-low-carb-bar,https://cdn0.woolworths.media/content/wowproductimages/medium/099365.jpg,2020-09-20 19:49:44,Average product rating out of 5: 4.0. Product score is based on 1 ratings,1,,True
48f37846-fa7f-4dbe-9217-956496ffa728,Woolworths Supermarket,Health & Beauty,Bounce Keto Almond Vanilla Low Carb Bar 5 pack,099366,$10.00,$5.71 / 100G,https://www.woolworths.com.au/shop/productdetails/99366/bounce-keto-almond-vanilla-low-carb-bar,https://cdn0.woolworths.media/content/wowproductimages/medium/099366.jpg,2020-09-20 19:49:44,,0,,True
6378e6ed-f8bf-457d-9c73-88fcb89a97b9,Woolworths Supermarket,Health & Beauty,Bounce Plant Protein Cacao Nut Butter Energy Ball 40g,099367,$3.00,$7.50 / 100G,https://www.woolworths.com.au/shop/productdetails/99367/bounce-plant-protein-cacao-nut-butter-energy-ball,https://cdn0.woolworths.media/content/wowproductimages/medium/099367.jpg,2020-09-20 19:49:44,,0,,True
5dbf9885-7cfa-44bb-b67d-1a9ad2bf9b9e,Woolworths Supermarket,Health & Beauty,Maybelline Cheek Heat Blush Nude Burn 8ml,099797,$10.20,$12.75 / 10ML,https://www.woolworths.com.au/shop/productdetails/99797/maybelline-cheek-heat-blush-nude-burn,https://cdn0.woolworths.media/content/wowproductimages/medium/099797.jpg,2020-09-20 19:49:44,,0,,True
489fdb61-1015-4cc7-86d0-97b6fb765a75,Woolworths Supermarket,Health & Beauty,Keep It Cleaner Protein Powder Wpi Natural Flavour 375g,100056,$21.00,$5.60 / 100G,https://www.woolworths.com.au/shop/productdetails/100056/keep-it-cleaner-protein-powder-wpi-natural-flavour,https://cdn0.woolworths.media/content/wowproductimages/medium/100056.jpg,2020-09-20 19:49:44,,0,,True
642b77bb-26ba-49d3-b7be-28a2a614c435,Woolworths Supermarket,Health & Beauty,Veeda 100% Natural Cotton Tampons Super 16 pack,101185,$4.80,$0.30 / 1EA,https://www.woolworths.com.au/shop/productdetails/101185/veeda-100-natural-cotton-tampons-super,https://cdn0.woolworths.media/content/wowproductimages/medium/101185.jpg,2020-09-20 19:49:44,,0,,True
3eba45ab-f276-4bc4-b7d1-a3501b9fe928,Woolworths Supermarket,Health & Beauty,Veeda 100% Natural Cotton Tampons Regular 16 pack,101398,$4.80,$0.30 / 1EA,https://www.woolworths.com.au/shop/productdetails/101398/veeda-100-natural-cotton-tampons-regular,https://cdn0.woolworths.media/content/wowproductimages/medium/101398.jpg,2020-09-20 19:49:44,,0,,True
0bff0584-1dd1-4e6e-9678-67171e38f35b,Woolworths Supermarket,Health & Beauty,Veeda Natural Cotton Pads Thin With Wings 14 pack,101443,$4.80,$0.34 / 1EA,https://www.woolworths.com.au/shop/productdetails/101443/veeda-natural-cotton-pads-thin-with-wings,https://cdn0.woolworths.media/content/wowproductimages/medium/101443.jpg,2020-09-20 19:49:44,,0,,True
7b378cfe-77ff-4f81-96ac-a3e87f0c0ac6,Woolworths Supermarket,Health & Beauty,Vagisil Daily Intimate Wash White Jasmine 354ml,101484,$8.00,$2.26 / 100ML,https://www.woolworths.com.au/shop/productdetails/101484/vagisil-daily-intimate-wash-white-jasmine,https://cdn0.woolworths.media/content/wowproductimages/medium/101484.jpg,2020-09-20 19:49:44,,0,,True
fe26b72f-fc3f-4e4f-b9cc-f2c45bf55b91,Woolworths Supermarket,Health & Beauty,Vagisil Daily Intimate Wash Ultra Fresh 354ml,101518,$8.00,$2.26 / 100ML,https://www.woolworths.com.au/shop/productdetails/101518/vagisil-daily-intimate-wash-ultra-fresh,https://cdn0.woolworths.media/content/wowproductimages/medium/101518.jpg,2020-09-20 19:49:44,,0,,True
de00d5ef-c405-4c65-81e2-126398d83794,Woolworths Supermarket,Health & Beauty,Mcobeauty The Beauty Edit Bow Scrunchie Trio Velvet each,101519,$6.00,$6.00 / 1EA,https://www.woolworths.com.au/shop/productdetails/101519/mcobeauty-the-beauty-edit-bow-scrunchie-trio-velvet,https://cdn0.woolworths.media/content/wowproductimages/medium/101519.jpg,2020-09-20 19:49:44,,0,,True
608081dd-63a5-4426-af4c-948178a8bb5d,Woolworths Supermarket,Health & Beauty,Mcobeauty The Beauty Edit Mini Lip Crayon Set each,101555,$8.00,$44.44 / 10G,https://www.woolworths.com.au/shop/productdetails/101555/mcobeauty-the-beauty-edit-mini-lip-crayon-set,https://cdn0.woolworths.media/content/wowproductimages/medium/101555.jpg,2020-09-20 19:49:44,,0,,True
be44c24f-1948-4a0b-915f-3720b4bbee5d,Woolworths Supermarket,Health & Beauty,Oral-b Dental Floss Satin Tape Mint 25 Meters each,101697,$2.75,$0.11 / 1M,https://www.woolworths.com.au/shop/productdetails/101697/oral-b-dental-floss-satin-tape-mint-25-meters,https://cdn0.woolworths.media/content/wowproductimages/medium/101697.jpg,2020-09-20 19:49:44,Average product rating out of 5: 4.7. Product score is based on 26 ratings,26,,True
1dadf851-e559-45fd-a12e-7e42cf3a6ab7,Woolworths Supermarket,Health & Beauty,Mcobeauty The Beauty Edit Brush & Sponge Cleanser each,101947,$6.00,$6.00 / 1EA,https://www.woolworths.com.au/shop/productdetails/101947/mcobeauty-the-beauty-edit-brush-sponge-cleanser,https://cdn0.woolworths.media/content/wowproductimages/medium/101947.jpg,2020-09-20 19:49:44,,0,,True
cd6c415d-3a4a-4b07-a06e-859cb8d3ab3f,Woolworths Supermarket,Health & Beauty,Mcobeauty The Beauty Edit High Shine Lip Gloss Strawberry 3.5g,102096,$3.50,$10.00 / 10G,https://www.woolworths.com.au/shop/productdetails/102096/mcobeauty-the-beauty-edit-high-shine-lip-gloss-strawberry,https://cdn0.woolworths.media/content/wowproductimages/medium/102096.jpg,2020-09-20 19:49:44,,0,,True
41a95ed0-7f35-43c6-abee-a615d4d9ef23,Woolworths Supermarket,Health & Beauty,Veeda Natural Cotton Pads Night With Wings 12 pack,102144,$4.80,$0.40 / 1EA,https://www.woolworths.com.au/shop/productdetails/102144/veeda-natural-cotton-pads-night-with-wings,https://cdn0.woolworths.media/content/wowproductimages/medium/102144.jpg,2020-09-20 19:49:44,,0,,True
4214a1b7-fa95-4a67-aa1f-48e3817c54be,Woolworths Supermarket,Health & Beauty,The Man Shake Variety Pack 14 pack,102330,$50.00,$3.57 / 1EA,https://www.woolworths.com.au/shop/productdetails/102330/the-man-shake-variety-pack,https://cdn0.woolworths.media/content/wowproductimages/medium/102330.jpg,2020-09-20 19:49:44,,0,,True
2d84ba92-74e2-42f4-8432-2d8fd1520c34,Woolworths Supermarket,Health & Beauty,Gillette Venus Comfortglide Handle & 2 Refills each,102332,$15.40,$15.40 / 1EA,https://www.woolworths.com.au/shop/productdetails/102332/gillette-venus-comfortglide-handle-2-refills,https://cdn0.woolworths.media/content/wowproductimages/medium/102332.jpg,2020-09-20 19:49:44,,0,,True
853b8a1f-d1e3-44ef-811b-914fa9f1b845,Woolworths Supermarket,Health & Beauty,Mcobeauty The Beauty Edit Bow Scrunchie Trio Polka Dot each,102334,$6.00,$6.00 / 1EA,https://www.woolworths.com.au/shop/productdetails/102334/mcobeauty-the-beauty-edit-bow-scrunchie-trio-polka-dot,https://cdn0.woolworths.media/content/wowproductimages/medium/102334.jpg,2020-09-20 19:49:44,,0,,True
84a4dba6-0bca-449b-8d6d-8a08c8045b6d,Woolworths Supermarket,Health & Beauty,Gillette Venus Simply Disposable Razors 3 pack,102348,$3.85,$1.28 / 1EA,https://www.woolworths.com.au/shop/productdetails/102348/gillette-venus-simply-disposable-razors,https://cdn0.woolworths.media/content/wowproductimages/medium/102348.jpg,2020-09-20 19:49:44,,0,,True
eed435ed-8072-4ff9-acdd-d6b985f4283d,Woolworths Supermarket,Health & Beauty,Mcobeauty The Beauty Edit Mega Eyeshadow Palette each,102351,$10.00,$8.33 / 10G,https://www.woolworths.com.au/shop/productdetails/102351/mcobeauty-the-beauty-edit-mega-eyeshadow-palette,https://cdn0.woolworths.media/content/wowproductimages/medium/102351.jpg,2020-09-20 19:49:44,,0,,True
8d959af0-41a1-4520-81b2-0fd2537588de,Woolworths Supermarket,Health & Beauty,Marzena Natural Body Wax Strips 40 pack,102382,$16.00,$0.40 / 1EA,https://www.woolworths.com.au/shop/productdetails/102382/marzena-natural-body-wax-strips,https://cdn0.woolworths.media/content/wowproductimages/medium/102382.jpg,2020-09-20 19:49:44,,0,,True
1bab95cd-2a55-4830-98ab-fbd5ef1f2ca8,Woolworths Supermarket,Health & Beauty,Mcobeauty The Beauty Edit Heart Hair Coils each,102394,$6.00,$6.00 / 1EA,https://www.woolworths.com.au/shop/productdetails/102394/mcobeauty-the-beauty-edit-heart-hair-coils,https://cdn0.woolworths.media/content/wowproductimages/medium/102394.jpg,2020-09-20 19:49:44,,0,,True
e4645b3d-e7ab-4aba-8ca5-bbd02fd8b20d,Woolworths Supermarket,Health & Beauty,Toni & Guy Marble Look Clips Assorted 2 pack,102727,$8.00,,https://www.woolworths.com.au/shop/productdetails/102727/toni-guy-marble-look-clips-assorted,https://cdn0.woolworths.media/content/wowproductimages/medium/102727.jpg,2020-09-20 19:49:44,,0,,True
d022f5d3-a551-4a67-a633-63ba4e9fcf8e,Woolworths Supermarket,Health & Beauty,Toni & Guy Embellished Gold Hair Slides Assorted 4 pack,102807,$8.00,,https://www.woolworths.com.au/shop/productdetails/102807/toni-guy-embellished-gold-hair-slides-assorted,https://cdn0.woolworths.media/content/wowproductimages/medium/102807.jpg,2020-09-20 19:49:44,,0,,True
80856330-9f25-46f1-8577-eaf02c77e329,Woolworths Supermarket,Health & Beauty,The Lady Shake Variety Pack 14 pack,102874,$50.00,$3.57 / 1EA,https://www.woolworths.com.au/shop/productdetails/102874/the-lady-shake-variety-pack,https://cdn0.woolworths.media/content/wowproductimages/medium/102874.jpg,2020-09-20 19:49:44,,0,,True
8631e752-fe27-4052-b431-539847342067,Woolworths Supermarket,Health & Beauty,Bonds Bloody Comfy Period Full Brief Heavy Days Size 12 each,102878,$25.00,$25.00 / 1EA,https://www.woolworths.com.au/shop/productdetails/102878/bonds-bloody-comfy-period-full-brief-heavy-days-size-12,https://cdn0.woolworths.media/content/wowproductimages/medium/102878.jpg,2020-09-20 19:49:44,,0,,True
4c61a644-fc3d-4da1-9309-12f81501d151,Woolworths Supermarket,Health & Beauty,Trishave 3in1 Shave Creme For Women 100g,102975,$8.00,$8.00 / 100G,https://www.woolworths.com.au/shop/productdetails/102975/trishave-3in1-shave-creme-for-women,https://cdn0.woolworths.media/content/wowproductimages/medium/102975.jpg,2020-09-20 19:49:44,,0,,True
239e8feb-c87c-4937-a6e8-5c341007832c,Woolworths Supermarket,Health & Beauty,Disney Frozen Hair Brush Crown Assorted each,102992,$10.00,,https://www.woolworths.com.au/shop/productdetails/102992/disney-frozen-hair-brush-crown-assorted,https://cdn0.woolworths.media/content/wowproductimages/medium/102992.jpg,2020-09-20 19:49:44,,0,,True
92bc5269-a7af-4034-9aca-45c3b4137c27,Woolworths Supermarket,Health & Beauty,Disney Frozen Hair Accessories Multi Pack Assorted each,102993,$8.00,,https://www.woolworths.com.au/shop/productdetails/102993/disney-frozen-hair-accessories-multi-pack-assorted,https://cdn0.woolworths.media/content/wowproductimages/medium/102993.jpg,2020-09-20 19:49:44,,0,,True
a6cc0a25-76dc-419b-9f41-81b4b7a51e63,Woolworths Supermarket,Health & Beauty,Libra Extra Goodnights Long & Wide Pads 6 pack,103018,$4.20,$0.70 / 1EA,https://www.woolworths.com.au/shop/productdetails/103018/libra-extra-goodnights-long-wide-pads,https://cdn0.woolworths.media/content/wowproductimages/medium/103018.jpg,2020-09-20 19:49:44,,0,,True
d83644e0-f66b-4062-8092-56cec1a48721,Woolworths Supermarket,Health & Beauty,Skin Republic Hemp Seed Face Mask each,103501,$6.50,,https://www.woolworths.com.au/shop/productdetails/103501/skin-republic-hemp-seed-face-mask,https://cdn0.woolworths.media/content/wowproductimages/medium/103501.jpg,2020-09-20 19:49:44,,0,,True
cbd5003a-33ee-49b2-834d-d36e6be3c0a5,Woolworths Supermarket,Health & Beauty,Natralus Natural Paw Paw Lip Butter Strawberry 8g,103673,$3.99,$4.99 / 10G,https://www.woolworths.com.au/shop/productdetails/103673/natralus-natural-paw-paw-lip-butter-strawberry,https://cdn0.woolworths.media/content/wowproductimages/medium/103673.jpg,2020-09-20 19:49:44,,0,,True
bd9c91a9-e660-4a7b-943a-64a851e5106a,Woolworths Supermarket,Health & Beauty,Bonds Bloody Comfy Period Full Brief Heavy Days Size 14 each,103785,$25.00,$25.00 / 1EA,https://www.woolworths.com.au/shop/productdetails/103785/bonds-bloody-comfy-period-full-brief-heavy-days-size-14,https://cdn0.woolworths.media/content/wowproductimages/medium/103785.jpg,2020-09-20 19:49:44,,0,,True
9e7db713-7416-4fa3-91dc-493fc496d0f4,Woolworths Supermarket,Health & Beauty,Neutrogena Oil Free Eye Make-up Remover 200ml,103807,$12.60,$6.30 / 100ML,https://www.woolworths.com.au/shop/productdetails/103807/neutrogena-oil-free-eye-make-up-remover,https://cdn0.woolworths.media/content/wowproductimages/medium/103807.jpg,2020-09-20 19:49:44,,0,,True
cde1a384-dbb6-4af7-9b2f-7617aff32311,Woolworths Supermarket,Health & Beauty,Natures Organics Shampoo Normal Apple 500ml,104193,$1.90,$0.38 / 100ML,https://www.woolworths.com.au/shop/productdetails/104193/natures-organics-shampoo-normal-apple,https://cdn0.woolworths.media/content/wowproductimages/medium/104193.jpg,2020-09-20 19:49:44,Average product rating out of 5: 4.5. Product score is based on 40 ratings,40,,True
222dbd00-d310-4ae5-b6c2-7c30484478d9,Woolworths Supermarket,Health & Beauty,Natures Organics Shampoo Fine Limp Berry 500ml,104197,$1.90,$0.38 / 100ML,https://www.woolworths.com.au/shop/productdetails/104197/natures-organics-shampoo-fine-limp-berry,https://cdn0.woolworths.media/content/wowproductimages/medium/104197.jpg,2020-09-20 19:49:44,Average product rating out of 5: 4.4. Product score is based on 34 ratings,34,,True
00ee995a-f403-4fb9-b157-e06f0d55ca31,Woolworths Supermarket,Health & Beauty,Natures Organics Conditioner Normal Apple 500ml,104199,$1.90,$0.38 / 100ML,https://www.woolworths.com.au/shop/productdetails/104199/natures-organics-conditioner-normal-apple,https://cdn0.woolworths.media/content/wowproductimages/medium/104199.jpg,2020-09-20 19:49:44,Average product rating out of 5: 4.5. Product score is based on 32 ratings,32,,True
d2cc6eaf-f883-438d-8fd9-55848692d139,Woolworths Supermarket,Health & Beauty,Natures Organics Conditioner Fine Limp Berry 500ml,104200,$1.90,$0.38 / 100ML,https://www.woolworths.com.au/shop/productdetails/104200/natures-organics-conditioner-fine-limp-berry,https://cdn0.woolworths.media/content/wowproductimages/medium/104200.jpg,2020-09-20 19:49:44,Average product rating out of 5: 4.4. Product score is based on 31 ratings,31,,True
80072d66-2ed5-4559-933b-50b1f528d582,Woolworths Supermarket,Health & Beauty,Bonds Bloody Comfy Period Bikini Moderate Days Size 14 each,104348,$20.00,$20.00 / 1EA,https://www.woolworths.com.au/shop/productdetails/104348/bonds-bloody-comfy-period-bikini-moderate-days-size-14,https://cdn0.woolworths.media/content/wowproductimages/medium/104348.jpg,2020-09-20 19:49:44,,0,,True
3850f118-8509-43b7-90b0-1d78bb006a24,Woolworths Supermarket,Health & Beauty,Bonds Bloody Comfy Period Bikini Moderate Days Size 12 each,104355,$20.00,$20.00 / 1EA,https://www.woolworths.com.au/shop/productdetails/104355/bonds-bloody-comfy-period-bikini-moderate-days-size-12,https://cdn0.woolworths.media/content/wowproductimages/medium/104355.jpg,2020-09-20 19:49:44,,0,,True
7bee9b24-0fef-46db-9a5e-33b3cb77056c,Woolworths Supermarket,Health & Beauty,Bonds Bloody Comfy Period Bikini Moderate Days Size 10 each,104397,$20.00,$20.00 / 1EA,https://www.woolworths.com.au/shop/productdetails/104397/bonds-bloody-comfy-period-bikini-moderate-days-size-10,https://cdn0.woolworths.media/content/wowproductimages/medium/104397.jpg,2020-09-20 19:49:44,,0,,True
5b7590e0-d078-462c-8652-6cd4c4ea0131,Woolworths Supermarket,Health & Beauty,Cancer Council Bb Cream Matte Medium Light Tint 50ml,104413,$12.00,,https://www.woolworths.com.au/shop/productdetails/104413/cancer-council-bb-cream-matte-medium-light-tint,https://cdn0.woolworths.media/content/wowproductimages/medium/104413.jpg,2020-09-20 19:49:44,,0,,True
58e2341a-162d-49bb-9f0d-6a8f348fa935,Woolworths Supermarket,Health & Beauty,Cancer Council Bb Cream Matte Medium Tint 50ml,104414,$12.00,$12.00 / 1EA,https://www.woolworths.com.au/shop/productdetails/104414/cancer-council-bb-cream-matte-medium-tint,https://cdn0.woolworths.media/content/wowproductimages/medium/104414.jpg,2020-09-20 19:49:44,,0,,True
c828e85b-16a9-4880-afdb-baa5ca015f4d,Woolworths Supermarket,Health & Beauty,Olay Hydrating Vitamin C & Caviar Lime each,104417,$13.30,$10.64 / 100ML,https://www.woolworths.com.au/shop/productdetails/104417/olay-hydrating-vitamin-c-caviar-lime,https://cdn0.woolworths.media/content/wowproductimages/medium/104417.jpg,2020-09-20 19:49:44,,0,,True
2bb80612-d0f4-4c0f-a0ff-6fedd5c7c75e,Woolworths Supermarket,Health & Beauty,Olay Scrubs Pore Perfecting Vitamin C & Dragon Fruit 125ml,104419,$13.30,$10.64 / 100ML,https://www.woolworths.com.au/shop/productdetails/104419/olay-scrubs-pore-perfecting-vitamin-c-dragon-fruit,https://cdn0.woolworths.media/content/wowproductimages/medium/104419.jpg,2020-09-20 19:49:44,,0,,True
6172642f-933e-4799-a02a-0e9d504b5af8,Woolworths Supermarket,Health & Beauty,Olay Scrubs Detoxifying Vitamin C & Black Charcoal 125ml,104420,$13.30,$10.64 / 100ML,https://www.woolworths.com.au/shop/productdetails/104420/olay-scrubs-detoxifying-vitamin-c-black-charcoal,https://cdn0.woolworths.media/content/wowproductimages/medium/104420.jpg,2020-09-20 19:49:44,,0,,True
fcc25ed0-d726-4d65-9192-7c4f79a4dec8,Woolworths Supermarket,Health & Beauty,Olay Skinfusion Mask Jeju Lava Sea Water each,104472,$4.90,$4.90 / 1EA,https://www.woolworths.com.au/shop/productdetails/104472/olay-skinfusion-mask-jeju-lava-sea-water,https://cdn0.woolworths.media/content/wowproductimages/medium/104472.jpg,2020-09-20 19:49:44,,0,,True
00dbe7bf-d43b-428e-9352-69a419933e84,Woolworths Supermarket,Health & Beauty,Bonds Bloody Comfy Period Full Brief Heavy Days Size 10 each,104628,$25.00,$25.00 / 1EA,https://www.woolworths.com.au/shop/productdetails/104628/bonds-bloody-comfy-period-full-brief-heavy-days-size-10,https://cdn0.woolworths.media/content/wowproductimages/medium/104628.jpg,2020-09-20 19:49:44,,0,,True
bba12055-3193-46c3-8d40-2332645702aa,Woolworths Supermarket,Health & Beauty,Bonds Bloody Comfy Period Full Brief Heavy Days Size 16 each,104673,$25.00,$25.00 / 1EA,https://www.woolworths.com.au/shop/productdetails/104673/bonds-bloody-comfy-period-full-brief-heavy-days-size-16,https://cdn0.woolworths.media/content/wowproductimages/medium/104673.jpg,2020-09-20 19:49:44,,0,,True
7af26773-18ff-42cb-90a0-540a63695d8d,Woolworths Supermarket,Health & Beauty,Bonds Bloody Comfy Period Bikini Moderate Days Size 8 each,104758,$20.00,$20.00 / 1EA,https://www.woolworths.com.au/shop/productdetails/104758/bonds-bloody-comfy-period-bikini-moderate-days-size-8,https://cdn0.woolworths.media/content/wowproductimages/medium/104758.jpg,2020-09-20 19:49:44,,0,,True
89222f08-b97b-4c95-9ee8-23cdef0bb2c3,Woolworths Supermarket,Health & Beauty,U By Kotex Ultra Thins Regular Pads With Wings 12 pack,105047,$3.40,$0.28 / 1EA,https://www.woolworths.com.au/shop/productdetails/105047/u-by-kotex-ultra-thins-regular-pads-with-wings,https://cdn0.woolworths.media/content/wowproductimages/medium/105047.jpg,2020-09-20 19:49:44,,0,,True
752b0c24-3eb2-48a3-b313-e71ff9fbad2f,Woolworths Supermarket,Health & Beauty,U By Kotex Ultra Thins Super Pads With Wings 10 pack,105048,$3.40,$0.34 / 1EA,https://www.woolworths.com.au/shop/productdetails/105048/u-by-kotex-ultra-thins-super-pads-with-wings,https://cdn0.woolworths.media/content/wowproductimages/medium/105048.jpg,2020-09-20 19:49:44,,0,,True
7c39ce7a-797f-4732-af22-deb56d8c0044,Woolworths Supermarket,Health & Beauty,Poise Thin & Discreet Regular Pads 16 pack,105049,$4.80,$0.30 / 1EA,https://www.woolworths.com.au/shop/productdetails/105049/poise-thin-discreet-regular-pads,https://cdn0.woolworths.media/content/wowproductimages/medium/105049.jpg,2020-09-20 19:49:44,,0,,True
af99dd3b-6dd4-4883-a6ba-f226db8097ea,Woolworths Supermarket,Health & Beauty,Poise Thin & Discreet Extra Pads 12 pack,105051,$4.80,$0.40 / 1EA,https://www.woolworths.com.au/shop/productdetails/105051/poise-thin-discreet-extra-pads,https://cdn0.woolworths.media/content/wowproductimages/medium/105051.jpg,2020-09-20 19:49:44,,0,,True
dc4c2b93-2cc1-4271-9d4e-d82819a47ada,Woolworths Supermarket,Health & Beauty,Garnier Skinactive Nutri Bomb Milky Tissue Mask each,105164,$4.20,$15.00 / 100G,https://www.woolworths.com.au/shop/productdetails/105164/garnier-skinactive-nutri-bomb-milky-tissue-mask,https://cdn0.woolworths.media/content/wowproductimages/medium/105164.jpg,2020-09-20 19:49:44,,0,,True
ebbfbbd5-64f8-4b25-8630-4352d03d6f58,Woolworths Supermarket,Health & Beauty,Garnier Skinactive Nutri Bomb Milky Tissue Mask Coconut each,105165,$4.20,$4.20 / 1EA,https://www.woolworths.com.au/shop/productdetails/105165/garnier-skinactive-nutri-bomb-milky-tissue-mask-coconut,https://cdn0.woolworths.media/content/wowproductimages/medium/105165.jpg,2020-09-20 19:49:44,,0,,True
10609a1c-a71a-4af8-b602-c43b72aa7d50,Woolworths Supermarket,Health & Beauty,U By Kotex Overnight Briefs Boyleg Small - Medium 4 pack,105201,$6.00,$1.50 / 1EA,https://www.woolworths.com.au/shop/productdetails/105201/u-by-kotex-overnight-briefs-boyleg-small-medium,https://cdn0.woolworths.media/content/wowproductimages/medium/105201.jpg,2020-09-20 19:49:44,,0,,True
5ef2b2de-4572-4762-a007-3033a89a5705,Woolworths Supermarket,Health & Beauty,U By Kotex Overnight Briefs Boyleg Medium - Large 4 pack,105474,$6.00,$1.50 / 1EA,https://www.woolworths.com.au/shop/productdetails/105474/u-by-kotex-overnight-briefs-boyleg-medium-large,https://cdn0.woolworths.media/content/wowproductimages/medium/105474.jpg,2020-09-20 19:49:44,,0,,True
dfee0168-1cc5-4581-8b6c-0058c6a7de48,Woolworths Supermarket,Health & Beauty,Garnier Nutrisse Hair Colour 7.0 Almond Crme each,107449,$14.95,,https://www.woolworths.com.au/shop/productdetails/107449/garnier-nutrisse-hair-colour-7-0-almond-cr-me,https://cdn0.woolworths.media/content/wowproductimages/medium/107449.jpg,2020-09-20 19:49:44,Average product rating out of 5: 4.3. Product score is based on 3 ratings,3,,True
d57631df-8b35-46cd-9cf2-4b0a93740ece,Woolworths Supermarket,Health & Beauty,Garnier Nutrisse Permanent Hair Colour 6 Acorn each,107454,$14.95,,https://www.woolworths.com.au/shop/productdetails/107454/garnier-nutrisse-permanent-hair-colour-6-acorn,https://cdn0.woolworths.media/content/wowproductimages/medium/107454.jpg,2020-09-20 19:49:44,Average product rating out of 5: 4.8. Product score is based on 5 ratings,5,,True
35da381a-a522-4d7a-ab31-c34455664980,Woolworths Supermarket,Health & Beauty,Garnier Nutrisse Hair Colour 4 Tamarind Dark Brown each,107466,$14.95,,https://www.woolworths.com.au/shop/productdetails/107466/garnier-nutrisse-hair-colour-4-tamarind-dark-brown,https://cdn0.woolworths.media/content/wowproductimages/medium/107466.jpg,2020-09-20 19:49:44,,0,,True
a10f7072-6aa6-4efe-98e0-67b037973ce8,Woolworths Supermarket,Health & Beauty,Garnier Nutrisse Hair Colour 4.3 Cappuccino each,107470,$14.95,,https://www.woolworths.com.au/shop/productdetails/107470/garnier-nutrisse-hair-colour-4-3-cappuccino,https://cdn0.woolworths.media/content/wowproductimages/medium/107470.jpg,2020-09-20 19:49:44,Average product rating out of 5: 4.8. Product score is based on 4 ratings,4,,True
e6d92267-fc57-4b86-ac38-ac50d94f9191,Woolworths Supermarket,Health & Beauty,Garnier Nutrisse Hair Colour 3.6 Crimson Promise each,107473,$14.95,,https://www.woolworths.com.au/shop/productdetails/107473/garnier-nutrisse-hair-colour-3-6-crimson-promise,https://cdn0.woolworths.media/content/wowproductimages/medium/107473.jpg,2020-09-20 19:49:44,Average product rating out of 5: 5.0. Product score is based on 3 ratings,3,,True
9de998fa-fc37-44cb-b4fd-5b2c7838cbff,Woolworths Supermarket,Health & Beauty,Garnier Nutrisse Hair Colour 1 Liquorice Black each,107477,$14.95,,https://www.woolworths.com.au/shop/productdetails/107477/garnier-nutrisse-hair-colour-1-liquorice-black,https://cdn0.woolworths.media/content/wowproductimages/medium/107477.jpg,2020-09-20 19:49:44,Average product rating out of 5: 4.4. Product score is based on 5 ratings,5,,True
55778659-6ebd-48a6-b82f-4720f5ecb044,Woolworths Supermarket,Health & Beauty,Mcobeauty Trio Scrunchies 3 pack,107920,$10.00,,https://www.woolworths.com.au/shop/productdetails/107920/mcobeauty-trio-scrunchies,https://cdn0.woolworths.media/content/wowproductimages/medium/107920.jpg,2020-09-20 19:49:44,,0,,True
0929d611-b690-42ca-a1b9-04397779219b,Woolworths Supermarket,Health & Beauty,Blistex Lip Conditioner Spf30 7g,108213,$5.00,,https://www.woolworths.com.au/shop/productdetails/108213/blistex-lip-conditioner-spf30,https://cdn0.woolworths.media/content/wowproductimages/medium/108213.jpg,2020-09-20 19:49:44,,0,,True
66410617-6108-420d-9397-9c368d994df0,Woolworths Supermarket,Health & Beauty,No-doz Plus 24 tablets,108239,$6.30,$0.26 / 1EA,https://www.woolworths.com.au/shop/productdetails/108239/no-doz-plus,https://cdn0.woolworths.media/content/wowproductimages/medium/108239.jpg,2020-09-20 19:49:44,Average product rating out of 5: 4.3. Product score is based on 6 ratings,6,,True
11dc3b2f-63b0-4dde-a122-7ef69b6e2a78,Woolworths Supermarket,Health & Beauty,Dermal Therapy Lip Balm 10g,108822,$6.00,$6.00 / 10G,https://www.woolworths.com.au/shop/productdetails/108822/dermal-therapy-lip-balm,https://cdn0.woolworths.media/content/wowproductimages/medium/108822.jpg,2020-09-20 19:49:44,,0,,True
c3fd9246-17c1-417b-b037-6a50fbd7c58e,Woolworths Supermarket,Health & Beauty,Face Halo Pro Make Up Pad Original each,109209,$13.00,$13.00 / 1EA,https://www.woolworths.com.au/shop/productdetails/109209/face-halo-pro-make-up-pad-original,https://cdn0.woolworths.media/content/wowproductimages/medium/109209.jpg,2020-09-20 19:49:44,,0,,True
7308a9e5-a572-4bf1-936e-1185c33d4370,Woolworths Supermarket,Health & Beauty,Mcobeauty Scarf Scrunchies each,110897,$8.00,,https://www.woolworths.com.au/shop/productdetails/110897/mcobeauty-scarf-scrunchies,https://cdn0.woolworths.media/content/wowproductimages/medium/110897.jpg,2020-09-20 19:49:44,,0,,True
82bfe8b4-c96a-4532-a01d-9d9b425a2a60,Woolworths Supermarket,Health & Beauty,Swisse Hyaluro-natural Intense Serum 30ml,110899,$18.00,$60.00 / 100ML,https://www.woolworths.com.au/shop/productdetails/110899/swisse-hyaluro-natural-intense-serum,https://cdn0.woolworths.media/content/wowproductimages/medium/110899.jpg,2020-09-20 19:49:44,,0,,True
4d860574-9c9d-4346-b7e8-855f4cd4a78d,Woolworths Supermarket,Health & Beauty,Nivea For Men Shave Gel Sensitive 200ml,111340,$4.20,$2.10 / 100ML,https://www.woolworths.com.au/shop/productdetails/111340/nivea-for-men-shave-gel-sensitive,https://cdn0.woolworths.media/content/wowproductimages/medium/111340.jpg,2020-09-20 19:49:44,Average product rating out of 5: 4.8. Product score is based on 15 ratings,15,,True
bda1f476-cf3d-4393-abdc-ed47a9574d40,Woolworths Supermarket,Health & Beauty,Mcobeauty Fruity Beauty 6 Piece Lipstick Collection each,111356,$12.60,$12.60 / 1EA,https://www.woolworths.com.au/shop/productdetails/111356/mcobeauty-fruity-beauty-6-piece-lipstick-collection,https://cdn0.woolworths.media/content/wowproductimages/medium/111356.jpg,2020-09-20 19:49:44,,0,,True
80d953d9-f107-4a21-80c6-a00967cc3f4f,Woolworths Supermarket,Health & Beauty,Mcobeauty Fruity Beauty Lash Wardrobe & Glue each,111653,$14.00,$14.00 / 1EA,https://www.woolworths.com.au/shop/productdetails/111653/mcobeauty-fruity-beauty-lash-wardrobe-glue,https://cdn0.woolworths.media/content/wowproductimages/medium/111653.jpg,2020-09-20 19:49:44,,0,,True
fdff53a3-7134-4854-bde8-2b043b338d9c,Woolworths Supermarket,Health & Beauty,Swisse Manuka Honey Daily Glow Foaming Cleanser 120ml,111681,$7.80,$6.50 / 100ML,https://www.woolworths.com.au/shop/productdetails/111681/swisse-manuka-honey-daily-glow-foaming-cleanser,https://cdn0.woolworths.media/content/wowproductimages/medium/111681.jpg,2020-09-20 19:49:44,,0,,True
b5a2784c-6976-4127-b373-3979f18532d6,Woolworths Supermarket,Health & Beauty,Nivea For Men Active Comfort Aftershave Balm Sensitive 100ml,111999,$8.05,$8.05 / 100ML,https://www.woolworths.com.au/shop/productdetails/111999/nivea-for-men-active-comfort-aftershave-balm-sensitive,https://cdn0.woolworths.media/content/wowproductimages/medium/111999.jpg,2020-09-20 19:49:44,Average product rating out of 5: 4.6. Product score is based on 11 ratings,11,,True
35f45d6c-4866-46df-b3bc-f855d301a3fd,Woolworths Supermarket,Health & Beauty,Olay Regenerist Retinol24 Eye Cream 15ml,112923,$42.00,$280.00 / 100ML,https://www.woolworths.com.au/shop/productdetails/112923/olay-regenerist-retinol24-eye-cream,https://cdn0.woolworths.media/content/wowproductimages/medium/112923.jpg,2020-09-20 19:49:44,,0,,True
d154c2b3-83eb-4b21-a4ea-8073c43d9b4d,Woolworths Supermarket,Health & Beauty,Swisse Manuka Honey Glow Moisturiser 120ml,113618,$12.00,$10.00 / 100ML,https://www.woolworths.com.au/shop/productdetails/113618/swisse-manuka-honey-glow-moisturiser,https://cdn0.woolworths.media/content/wowproductimages/medium/113618.jpg,2020-09-20 19:49:44,,0,,True
53e2d55e-a6fa-43d2-ae28-5ea8e10b18f0,Woolworths Supermarket,Health & Beauty,Swisse Argan Revitalising Eye Cream 15ml,113957,$10.20,$68.00 / 100ML,https://www.woolworths.com.au/shop/productdetails/113957/swisse-argan-revitalising-eye-cream,https://cdn0.woolworths.media/content/wowproductimages/medium/113957.jpg,2020-09-20 19:49:44,,0,,True
51c6749c-f9d8-4901-8ffc-e9ebae7d02ce,Woolworths Supermarket,Health & Beauty,Johnson's Shampoo 500ml,114110,$9.50,$1.90 / 100ML,https://www.woolworths.com.au/shop/productdetails/114110/johnson-s-shampoo,https://cdn0.woolworths.media/content/wowproductimages/medium/114110.jpg,2020-09-20 19:49:44,,0,,True
6c81da64-ec04-4105-89b8-716dd285a670,Woolworths Supermarket,Health & Beauty,Johnson's Baby Conditioning Shampoo 500ml,114111,$9.50,$1.90 / 100ML,https://www.woolworths.com.au/shop/productdetails/114111/johnson-s-baby-conditioning-shampoo,https://cdn0.woolworths.media/content/wowproductimages/medium/114111.jpg,2020-09-20 19:49:44,,0,,True
52269896-a6b1-4e2e-b2d0-9d378b15db0d,Woolworths Supermarket,Health & Beauty,Libra Goodnights Pads Ultra Thin Wings 10 pack,116837,$4.20,$0.42 / 1EA,https://www.woolworths.com.au/shop/productdetails/116837/libra-goodnights-pads-ultra-thin-wings,https://cdn0.woolworths.media/content/wowproductimages/medium/116837.jpg,2020-09-20 19:49:44,,0,Was $4.80 06/11/2017,True
c28d86ab-c60c-4fc0-870d-5a68a97bd863,Woolworths Supermarket,Health & Beauty,Cutex Nail Polish Remover Strengthening 100ml,117201,$4.80,$0.48 / 10ML,https://www.woolworths.com.au/shop/productdetails/117201/cutex-nail-polish-remover-strengthening,https://cdn0.woolworths.media/content/wowproductimages/medium/117201.jpg,2020-09-20 19:49:44,Average product rating out of 5: 4.7. Product score is based on 6 ratings,6,,True
f3e89cd5-b56b-463b-8625-17cd56650448,Woolworths Supermarket,Health & Beauty,Cutex Nail Polish Remover Nourishing 100ml,117204,$4.80,$0.48 / 10ML,https://www.woolworths.com.au/shop/productdetails/117204/cutex-nail-polish-remover-nourishing,https://cdn0.woolworths.media/content/wowproductimages/medium/117204.jpg,2020-09-20 19:49:44,Average product rating out of 5: 4.7. Product score is based on 6 ratings,6,,True
449e2f91-4047-4ba7-b13e-df5700588f08,Woolworths Supermarket,Health & Beauty,Aussie Bodies Hplc Bar Chocolate 100g,118211,$5.00,$5.00 / 100G,https://www.woolworths.com.au/shop/productdetails/118211/aussie-bodies-hplc-bar-chocolate,https://cdn0.woolworths.media/content/wowproductimages/medium/118211.jpg,2020-09-20 19:49:44,Average product rating out of 5: 3.8. Product score is based on 4 ratings,4,,True
e90fc225-726a-413e-b86a-796177913c66,Woolworths Supermarket,Health & Beauty,Senokot Laxatives Senna Tablets 100 pack,118589,$8.50,$0.09 / 1EA,https://www.woolworths.com.au/shop/productdetails/118589/senokot-laxatives-senna-tablets,https://cdn0.woolworths.media/content/wowproductimages/medium/118589.jpg,2020-09-20 19:49:44,Average product rating out of 5: 5.0. Product score is based on 3 ratings,3,,True
c783d9a5-0466-4603-9ea7-8446fcc9a1d0,Woolworths Supermarket,Health & Beauty,Homebrand Pads Super 18 pack,120363,$1.50,$0.08 / 1EA,https://www.woolworths.com.au/shop/productdetails/120363/homebrand-pads-super,https://cdn0.woolworths.media/content/wowproductimages/medium/120363.jpg,2020-09-20 19:49:44,,0,,True
ecb17646-bb84-43ea-be79-060278295a7a,Woolworths Supermarket,Health & Beauty,Funtime Kids Bubble Bath Space Bubbles 1l,127073,$2.15,$0.22 / 100ML,https://www.woolworths.com.au/shop/productdetails/127073/funtime-kids-bubble-bath-space-bubbles,https://cdn0.woolworths.media/content/wowproductimages/medium/127073.jpg,2020-09-20 19:49:44,Average product rating out of 5: 4.6. Product score is based on 41 ratings,41,,True
7b7b91a8-3576-4a24-9591-37245a8ec34f,Woolworths Supermarket,Health & Beauty,Redwin Anti Dandruff Shampoo Coal Tar Treatment 250ml,127904,$4.85,$1.94 / 100ML,https://www.woolworths.com.au/shop/productdetails/127904/redwin-anti-dandruff-shampoo-coal-tar-treatment,https://cdn0.woolworths.media/content/wowproductimages/medium/127904.jpg,2020-09-20 19:49:44,Average product rating out of 5: 4.8. Product score is based on 12 ratings,12,,True
51838c65-47b0-43f8-bd92-84d11d2aeca4,Woolworths Supermarket,Health & Beauty,Banana Boat After Sun Aloe 250ml,130720,$8.20,$3.28 / 100ML,https://www.woolworths.com.au/shop/productdetails/130720/banana-boat-after-sun-aloe,https://cdn0.woolworths.media/content/wowproductimages/medium/130720.jpg,2020-09-20 19:49:44,Average product rating out of 5: 4.8. Product score is based on 5 ratings,5,,True
270f493f-98d3-48bf-b23b-dcca462f078c,Woolworths Supermarket,Health & Beauty,Blackmores Vitamin E 1000iu Capsules 30 pack,134174,$15.00,$50.00 / 100EA,https://www.woolworths.com.au/shop/productdetails/134174/blackmores-vitamin-e-1000iu-capsules,https://cdn0.woolworths.media/content/wowproductimages/medium/134174.jpg,2020-09-20 19:49:44,Average product rating out of 5: 5.0. Product score is based on 1 ratings,1,,True
4c7b8962-2f84-4a94-848f-df3cf891386e,Woolworths Supermarket,Health & Beauty,Gillette Venus Daisy Classic Disposable Razors 5 pack,136587,$3.15,$0.63 / 1EA,https://www.woolworths.com.au/shop/productdetails/136587/gillette-venus-daisy-classic-disposable-razors,https://cdn0.woolworths.media/content/wowproductimages/medium/136587.jpg,2020-09-20 19:49:44,Average product rating out of 5: 4.5. Product score is based on 13 ratings,13,,True
f28b4496-920a-41f8-ab1b-52f3866f217d,Woolworths Supermarket,Health & Beauty,Maybelline Full 'n Soft Volumizing Mascara - Very Black 8.2ml,139831,$11.40,$13.90 / 10ML,https://www.woolworths.com.au/shop/productdetails/139831/maybelline-full-n-soft-volumizing-mascara-very-black,https://cdn0.woolworths.media/content/wowproductimages/medium/139831.jpg,2020-09-20 19:49:44,Average product rating out of 5: 4.9. Product score is based on 8 ratings,8,,True
784af75d-1c9c-4547-9c1b-fa6a6fba415e,Woolworths Supermarket,Health & Beauty,Blistex Ultra Lip Balm Spf50+ 4.25g,142893,$3.20,$7.53 / 10G,https://www.woolworths.com.au/shop/productdetails/142893/blistex-ultra-lip-balm-spf50-,https://cdn0.woolworths.media/content/wowproductimages/medium/142893.jpg,2020-09-20 19:49:44,Average product rating out of 5: 4.6. Product score is based on 7 ratings,7,,True
891e8758-3840-47fa-a70c-819eb3f58c22,Woolworths Supermarket,Health & Beauty,Colgate Advanced Whitening Tartar Control Toothpaste Pump 130g,143154,$8.60,$6.62 / 100G,https://www.woolworths.com.au/shop/productdetails/143154/colgate-advanced-whitening-tartar-control-toothpaste-pump,https://cdn0.woolworths.media/content/wowproductimages/medium/143154.jpg,2020-09-20 19:49:44,Average product rating out of 5: 4.4. Product score is based on 5 ratings,5,,True
482dc321-751f-48bb-b114-1d425dd3f8ee,Woolworths Supermarket,Health & Beauty,Olay Total Effects Face Cream Moisturiser Normal 50g,145433,$24.50,$49.00 / 100G,https://www.woolworths.com.au/shop/productdetails/145433/olay-total-effects-face-cream-moisturiser-normal,https://cdn0.woolworths.media/content/wowproductimages/medium/145433.jpg,2020-09-20 19:49:44,Average product rating out of 5: 5.0. Product score is based on 2 ratings,2,,True
eb22998b-bf04-4a48-928a-aae7a580b7d5,Woolworths Supermarket,Health & Beauty,Olay Total Effects Face Cream Moisturiser Gentle 50g,145434,$24.50,$49.00 / 100G,https://www.woolworths.com.au/shop/productdetails/145434/olay-total-effects-face-cream-moisturiser-gentle,https://cdn0.woolworths.media/content/wowproductimages/medium/145434.jpg,2020-09-20 19:49:44,Average product rating out of 5: 4.8. Product score is based on 4 ratings,4,,True
31068192-a8d8-4e1c-994f-d8b05590e7bd,Woolworths Supermarket,Health & Beauty,Nivea For Men Active Energy Skin Revitiliser Face Cream 50ml,146113,$14.50,$29.00 / 100ML,https://www.woolworths.com.au/shop/productdetails/146113/nivea-for-men-active-energy-skin-revitiliser-face-cream,https://cdn0.woolworths.media/content/wowproductimages/medium/146113.jpg,2020-09-20 19:49:44,Average product rating out of 5: 5.0. Product score is based on 2 ratings,2,,True
cd89982b-e49e-4619-ba0f-2dc383283ea8,Woolworths Supermarket,Health & Beauty,Nature's Way Vitamin C Orange 500mg 300 pack,146378,$15.00,$5.00 / 100EA,https://www.woolworths.com.au/shop/productdetails/146378/nature-s-way-vitamin-c-orange-500mg,https://cdn0.woolworths.media/content/wowproductimages/medium/146378.jpg,2020-09-20 19:49:44,Average product rating out of 5: 4.4. Product score is based on 5 ratings,5,,True
81218d24-c6c0-4e02-bb08-bcf798c4ac79,Woolworths Supermarket,Health & Beauty,Clearasil Ultra Cream Acne Treatment Extra 20g,146990,$13.50,$67.50 / 100G,https://www.woolworths.com.au/shop/productdetails/146990/clearasil-ultra-cream-acne-treatment-extra,https://cdn0.woolworths.media/content/wowproductimages/medium/146990.jpg,2020-09-20 19:49:44,Average product rating out of 5: 4.4. Product score is based on 5 ratings,5,,True
99309491-986a-4030-b6c0-a6fcd56974e6,Woolworths Supermarket,Health & Beauty,Dove Beauty Bar Soap Original 4x100g,147025,$6.80,$1.70 / 100G,https://www.woolworths.com.au/shop/productdetails/147025/dove-beauty-bar-soap-original,https://cdn0.woolworths.media/content/wowproductimages/medium/147025.jpg,2020-09-20 19:49:44,Average product rating out of 5: 4.7. Product score is based on 30 ratings,30,,True
50dde5bd-bd29-4b06-8181-ab7d70fea2b4,Woolworths Supermarket,Health & Beauty,Lemsip Max Cold & Flu Hot Drink Lemon Lemon 10 pack,147452,$12.00,$1.20 / 1EA,https://www.woolworths.com.au/shop/productdetails/147452/lemsip-max-cold-flu-hot-drink-lemon-lemon,https://cdn0.woolworths.media/content/wowproductimages/medium/147452.jpg,2020-09-20 19:49:44,Average product rating out of 5: 4.8. Product score is based on 8 ratings,8,,True
b5dc4e1b-6060-421f-adb1-e703873b8a2e,Woolworths Supermarket,Health & Beauty,Radox Bath Salt Muscle Soothe 500g,147485,$6.50,$1.30 / 100G,https://www.woolworths.com.au/shop/productdetails/147485/radox-bath-salt-muscle-soothe,https://cdn0.woolworths.media/content/wowproductimages/medium/147485.jpg,2020-09-20 19:49:44,Average product rating out of 5: 4.7. Product score is based on 11 ratings,11,,True
46455096-28a4-410c-bf29-cd78babbb16a,Woolworths Supermarket,Health & Beauty,Sensodyne Toothpaste Sensitive Teeth Daily Care Extra Fresh 110g,148388,$9.20,$8.36 / 100G,https://www.woolworths.com.au/shop/productdetails/148388/sensodyne-toothpaste-sensitive-teeth-daily-care-extra-fresh,https://cdn0.woolworths.media/content/wowproductimages/medium/148388.jpg,2020-09-20 19:49:44,Average product rating out of 5: 4.6. Product score is based on 25 ratings,25,,True
6ad08770-1d5d-49ad-806a-db7d79ab779f,Woolworths Supermarket,Health & Beauty,Aspro Clear Extra Strength Pain Relief Soluble Tablets 16 pack,148949,$5.00,$0.31 / 1EA,https://www.woolworths.com.au/shop/productdetails/148949/aspro-clear-extra-strength-pain-relief-soluble-tablets,https://cdn0.woolworths.media/content/wowproductimages/medium/148949.jpg,2020-09-20 19:49:44,Average product rating out of 5: 4.8. Product score is based on 19 ratings,19,,True
6db52f29-9bcc-4a53-abd7-f2c3ba3e27d0,Woolworths Supermarket,Health & Beauty,Gillette Venus Smooth Women's Razor Blades 4 pack,154427,$15.50,$3.88 / 1EA,https://www.woolworths.com.au/shop/productdetails/154427/gillette-venus-smooth-women-s-razor-blades,https://cdn0.woolworths.media/content/wowproductimages/medium/154427.jpg,2020-09-20 19:49:44,Average product rating out of 5: 4.4. Product score is based on 5 ratings,5,,True
d782183d-f5f1-41ee-8fa8-c668fbe80b56,Woolworths Supermarket,Health & Beauty,Head & Shoulders Smooth & Silky Anti-dandruff Shampoo 200ml,156823,$4.45,$2.23 / 100ML,https://www.woolworths.com.au/shop/productdetails/156823/head-shoulders-smooth-silky-anti-dandruff-shampoo,https://cdn0.woolworths.media/content/wowproductimages/medium/156823.jpg,2020-09-20 19:49:44,Average product rating out of 5: 4.5. Product score is based on 2 ratings,2,,True
a6543243-c181-4a92-8387-de2e797e3822,Woolworths Supermarket,Health & Beauty,Head & Shoulders Clean & Balanced Anti-dandruff Shampoo 200ml,156885,$4.45,$2.23 / 100ML,https://www.woolworths.com.au/shop/productdetails/156885/head-shoulders-clean-balanced-anti-dandruff-shampoo,https://cdn0.woolworths.media/content/wowproductimages/medium/156885.jpg,2020-09-20 19:49:44,Average product rating out of 5: 4.3. Product score is based on 7 ratings,7,,True
b4e7d161-90fa-46e8-91cc-e328049fa33c,Woolworths Supermarket,Health & Beauty,Head & Shoulders Clean & Balanced Anti-dandruff Shampoo 400ml,156888,$11.00,$2.75 / 100ML,https://www.woolworths.com.au/shop/productdetails/156888/head-shoulders-clean-balanced-anti-dandruff-shampoo,https://cdn0.woolworths.media/content/wowproductimages/medium/156888.jpg,2020-09-20 19:49:44,Average product rating out of 5: 4.5. Product score is based on 6 ratings,6,,True
060345fa-8e3d-4733-b943-2b976c62a47e,Woolworths Supermarket,Health & Beauty,Head & Shoulders Smooth & Silky Scalp Care Anti Dandruff Shampoo 400ml,156893,$11.00,$2.75 / 100ML,https://www.woolworths.com.au/shop/productdetails/156893/head-shoulders-smooth-silky-scalp-care-anti-dandruff-shampoo,https://cdn0.woolworths.media/content/wowproductimages/medium/156893.jpg,2020-09-20 19:49:44,Average product rating out of 5: 4.7. Product score is based on 6 ratings,6,,True
1f514622-6d8e-4f92-b261-90429ea22ed3,Woolworths Supermarket,Health & Beauty,First Response Pregnancy Test Stream 1pk,158270,$9.00,$9.00 / 1EA,https://www.woolworths.com.au/shop/productdetails/158270/first-response-pregnancy-test-stream,https://cdn0.woolworths.media/content/wowproductimages/medium/158270.jpg,2020-09-20 19:49:44,Average product rating out of 5: 4.0. Product score is based on 2 ratings,2,,True
17eadce8-d6e1-4056-be28-1818e3d7fc41,Woolworths Supermarket,Health & Beauty,Four Seasons Lubricants Glow In The Dark Tube 100ml,158288,$6.20,$6.20 / 100ML,https://www.woolworths.com.au/shop/productdetails/158288/four-seasons-lubricants-glow-in-the-dark-tube,https://cdn0.woolworths.media/content/wowproductimages/medium/158288.jpg,2020-09-20 19:49:44,Average product rating out of 5: 3.7. Product score is based on 3 ratings,3,,True
a9838e9d-a138-436e-b76a-4dbd6434bb48,Woolworths Supermarket,Health & Beauty,St Ives Fresh Skin Scrub Apricot 150ml,159440,$10.00,$6.67 / 100ML,https://www.woolworths.com.au/shop/productdetails/159440/st-ives-fresh-skin-scrub-apricot,https://cdn0.woolworths.media/content/wowproductimages/medium/159440.jpg,2020-09-20 19:49:44,Average product rating out of 5: 4.9. Product score is based on 13 ratings,13,,True
0b7d54c0-7f79-4144-9eac-c25e84bf3b24,Woolworths Supermarket,Health & Beauty,St Ives Facial Scrub Apricot Blemish Control 150ml,159444,$10.00,$6.67 / 100ML,https://www.woolworths.com.au/shop/productdetails/159444/st-ives-facial-scrub-apricot-blemish-control,https://cdn0.woolworths.media/content/wowproductimages/medium/159444.jpg,2020-09-20 19:49:44,Average product rating out of 5: 4.6. Product score is based on 15 ratings,15,,True
58308f12-8816-4011-81f5-c0bb486b61b8,Woolworths Supermarket,Health & Beauty,Garnier Pure Active Anti Acne Daily Pore Scrub Wash 150ml,159458,$8.05,$5.37 / 100ML,https://www.woolworths.com.au/shop/productdetails/159458/garnier-pure-active-anti-acne-daily-pore-scrub-wash,https://cdn0.woolworths.media/content/wowproductimages/medium/159458.jpg,2020-09-20 19:49:44,Average product rating out of 5: 4.5. Product score is based on 6 ratings,6,,True
3b18f5ae-32f2-4ab8-bddd-b40280687ad8,Woolworths Supermarket,Health & Beauty,Mennen Lady Speed Stick Fresh Infusions Orchard Blossom 45g,160645,$4.50,$10.00 / 100G,https://www.woolworths.com.au/shop/productdetails/160645/mennen-lady-speed-stick-fresh-infusions-orchard-blossom,https://cdn0.woolworths.media/content/wowproductimages/medium/160645.jpg,2020-09-20 19:49:44,Average product rating out of 5: 4.5. Product score is based on 14 ratings,14,,True
14579379-c0dd-47ce-8153-d6533a5859f7,Woolworths Supermarket,Health & Beauty,Maybelline Shine Free Oil Control Loose Powder - Light 19.8g,161547,$8.50,$4.29 / 10G,https://www.woolworths.com.au/shop/productdetails/161547/maybelline-shine-free-oil-control-loose-powder-light,https://cdn0.woolworths.media/content/wowproductimages/medium/161547.jpg,2020-09-20 19:49:44,Average product rating out of 5: 4.8. Product score is based on 4 ratings,4,,True
572608d5-272e-4367-bcab-eaa00b9d3715,Woolworths Supermarket,Health & Beauty,Maybelline Shine Free Oil Control Loose Powder - Medium 19.8g,161620,$8.50,$4.29 / 10G,https://www.woolworths.com.au/shop/productdetails/161620/maybelline-shine-free-oil-control-loose-powder-medium,https://cdn0.woolworths.media/content/wowproductimages/medium/161620.jpg,2020-09-20 19:49:44,Average product rating out of 5: 4.5. Product score is based on 2 ratings,2,,True
5344806a-2ec4-4a4c-a324-69846e986449,Woolworths Supermarket,Health & Beauty,Palmolive Naturals Liquid Hand Wash Soap Pump Milk & Honey 250ml,163936,$2.79,$1.12 / 100ML,https://www.woolworths.com.au/shop/productdetails/163936/palmolive-naturals-liquid-hand-wash-soap-pump-milk-honey,https://cdn0.woolworths.media/content/wowproductimages/medium/163936.jpg,2020-09-20 19:49:44,Average product rating out of 5: 4.5. Product score is based on 15 ratings,15,,True
8e6a26d6-69a9-44a2-a14f-200824041fe0,Woolworths Supermarket,Health & Beauty,Palmolive Naturals Body Wash Milk & Honey Shower Gel 500ml,163938,$5.00,$1.00 / 100ML,https://www.woolworths.com.au/shop/productdetails/163938/palmolive-naturals-body-wash-milk-honey-shower-gel,https://cdn0.woolworths.media/content/wowproductimages/medium/163938.jpg,2020-09-20 19:49:44,Average product rating out of 5: 4.6. Product score is based on 15 ratings,15,,True
fdd49f15-d9da-40e0-91d3-d46205655196,Woolworths Supermarket,Health & Beauty,Carefree Panty Liners Breathable 48 pack,164000,$4.10,$0.09 / 1EA,https://www.woolworths.com.au/shop/productdetails/164000/carefree-panty-liners-breathable,https://cdn0.woolworths.media/content/wowproductimages/medium/164000.jpg,2020-09-20 19:49:44,,0,,True
c83e4b44-d63d-4899-a8eb-d396266288d2,Woolworths Supermarket,Health & Beauty,Veet Hair Removal Wax Legs 20 pack,168374,$9.00,$0.45 / 1EA,https://www.woolworths.com.au/shop/productdetails/168374/veet-hair-removal-wax-legs,https://cdn0.woolworths.media/content/wowproductimages/medium/168374.jpg,2020-09-20 19:49:44,Average product rating out of 5: 5.0. Product score is based on 1 ratings,1,Was $11.00 04/09/2017,True
0bc07951-de1f-49f8-b1e5-719affd56288,Woolworths Supermarket,Health & Beauty,Neutrogena Oil Free Acne Cleanser 175ml,168379,$14.40,$8.23 / 100ML,https://www.woolworths.com.au/shop/productdetails/168379/neutrogena-oil-free-acne-cleanser,https://cdn0.woolworths.media/content/wowproductimages/medium/168379.jpg,2020-09-20 19:49:44,Average product rating out of 5: 4.8. Product score is based on 6 ratings,6,,True
10039fcf-f2ed-4350-9848-5a094a7b93fc,Woolworths Supermarket,Health & Beauty,Olay Total Effects Face Cream Moisturiser Gentle Spf 15 50g,168695,$24.50,$49.00 / 100G,https://www.woolworths.com.au/shop/productdetails/168695/olay-total-effects-face-cream-moisturiser-gentle-spf-15,https://cdn0.woolworths.media/content/wowproductimages/medium/168695.jpg,2020-09-20 19:49:44,Average product rating out of 5: 5.0. Product score is based on 6 ratings,6,,True
b98a5fcd-d266-4235-b2c9-50b80236f457,Woolworths Supermarket,Health & Beauty,Gillette Blue Ii Disposable Shaving Razor Ultra Grip Pivot 16 pack,168701,$13.50,$0.84 / 1EA,https://www.woolworths.com.au/shop/productdetails/168701/gillette-blue-ii-disposable-shaving-razor-ultra-grip-pivot,https://cdn0.woolworths.media/content/wowproductimages/medium/168701.jpg,2020-09-20 19:49:44,Average product rating out of 5: 5.0. Product score is based on 3 ratings,3,,True
f829f472-cb85-4e59-a503-37469ff7beae,Woolworths Supermarket,Health & Beauty,Gillette Series After Shave Splash Arctic Ice 50ml,168702,$6.50,$13.00 / 100ML,https://www.woolworths.com.au/shop/productdetails/168702/gillette-series-after-shave-splash-arctic-ice,https://cdn0.woolworths.media/content/wowproductimages/medium/168702.jpg,2020-09-20 19:49:44,Average product rating out of 5: 4.3. Product score is based on 3 ratings,3,,True
caa3df1b-78f7-4147-90c2-279afdc8dbba,Woolworths Supermarket,Health & Beauty,Nature's Way Immunity Defense Garlic & Horseradish Tablets 200 pack,169114,$20.00,$10.00 / 100EA,https://www.woolworths.com.au/shop/productdetails/169114/nature-s-way-immunity-defense-garlic-horseradish-tablets,https://cdn0.woolworths.media/content/wowproductimages/medium/169114.jpg,2020-09-20 19:49:44,Average product rating out of 5: 3.8. Product score is based on 4 ratings,4,,True
a44547e6-4211-4b9d-b350-48c022d036d1,Woolworths Supermarket,Health & Beauty,Nature's Way Protein Powder Chocolate 375g,169204,$21.00,$5.60 / 100G,https://www.woolworths.com.au/shop/productdetails/169204/nature-s-way-protein-powder-chocolate,https://cdn0.woolworths.media/content/wowproductimages/medium/169204.jpg,2020-09-20 19:49:44,Average product rating out of 5: 4.8. Product score is based on 8 ratings,8,,True
61a65d3a-61ff-45b4-bcec-f25e802318f5,Woolworths Supermarket,Health & Beauty,Oral-b Stages 3 Manual Toothbrush 5-7 Years Disney Princess each,169612,$3.55,$3.55 / 1EA,https://www.woolworths.com.au/shop/productdetails/169612/oral-b-stages-3-manual-toothbrush-5-7-years-disney-princess,https://cdn0.woolworths.media/content/wowproductimages/medium/169612.jpg,2020-09-20 19:49:44,Average product rating out of 5: 3.9. Product score is based on 10 ratings,10,Designs may vary,True
1fb0bf69-50c6-4e8b-916b-d20b6f7d3f2f,Woolworths Supermarket,Health & Beauty,Oral-b Stages 2 Manual Toothbrush 2-4 Years Winnie The Pooh each,169614,$3.55,$3.55 / 1EA,https://www.woolworths.com.au/shop/productdetails/169614/oral-b-stages-2-manual-toothbrush-2-4-years-winnie-the-pooh,https://cdn0.woolworths.media/content/wowproductimages/medium/169614.jpg,2020-09-20 19:49:44,Average product rating out of 5: 4.5. Product score is based on 17 ratings,17,,True
7642a58f-ade2-4cc0-9622-b4cefd4cd489,Woolworths Supermarket,Health & Beauty,Tena Lady Pads Ultra Thin Mini 20 pack,169719,$3.65,$0.18 / 1EA,https://www.woolworths.com.au/shop/productdetails/169719/tena-lady-pads-ultra-thin-mini,https://cdn0.woolworths.media/content/wowproductimages/medium/169719.jpg,2020-09-20 19:49:44,,0,,True
7cd53a5f-b862-40db-8a46-011b01a4cdf8,Woolworths Supermarket,Health & Beauty,Ease A Cold Tablets Day & Night 30pk,169812,$14.50,$0.48 / 1EA,https://www.woolworths.com.au/shop/productdetails/169812/ease-a-cold-tablets-day-night,https://cdn0.woolworths.media/content/wowproductimages/medium/169812.jpg,2020-09-20 19:49:44,Average product rating out of 5: 4.6. Product score is based on 5 ratings,5,,True
7f34aa8c-7d29-47d2-bd60-1ea743afebc9,Woolworths Supermarket,Health & Beauty,Poise Incontinence Liners Regular Absorbency 26 pack,170704,$4.29,$0.17 / 1EA,https://www.woolworths.com.au/shop/productdetails/170704/poise-incontinence-liners-regular-absorbency,https://cdn0.woolworths.media/content/wowproductimages/medium/170704.jpg,2020-09-20 19:49:44,,0,,True
daa78d93-018a-4440-b64b-5b82d7c16250,Woolworths Supermarket,Health & Beauty,John Frieda Sheer Hightlight Activating Moisturising Shampoo 250ml,173047,$16.00,$6.40 / 100ML,https://www.woolworths.com.au/shop/productdetails/173047/john-frieda-sheer-hightlight-activating-moisturising-shampoo,https://cdn0.woolworths.media/content/wowproductimages/medium/173047.jpg,2020-09-20 19:49:44,Average product rating out of 5: 4.8. Product score is based on 4 ratings,4,,True
ab1ae1be-4f7c-4e69-801f-58f411955705,Woolworths Supermarket,Health & Beauty,Colgate Total Tartar Control Durable Oral Care Dental Floss 25m,173111,$3.30,$0.13 / 1M,https://www.woolworths.com.au/shop/productdetails/173111/colgate-total-tartar-control-durable-oral-care-dental-floss,https://cdn0.woolworths.media/content/wowproductimages/medium/173111.jpg,2020-09-20 19:49:44,Average product rating out of 5: 4.8. Product score is based on 6 ratings,6,,True
01239b40-e390-42f5-85d5-f634bddf04d9,Woolworths Supermarket,Health & Beauty,Scholl Gel Finger & Toe Foot Care Protector each,173123,$13.00,$13.00 / 1EA,https://www.woolworths.com.au/shop/productdetails/173123/scholl-gel-finger-toe-foot-care-protector,https://cdn0.woolworths.media/content/wowproductimages/medium/173123.jpg,2020-09-20 19:49:44,Average product rating out of 5: 5.0. Product score is based on 1 ratings,1,,True
cc65c410-411e-4dbf-819c-5726c6011f1a,Woolworths Supermarket,Health & Beauty,John Frieda Frizz Ease Secret Weapon Styler 113g,173167,$17.00,$15.04 / 100G,https://www.woolworths.com.au/shop/productdetails/173167/john-frieda-frizz-ease-secret-weapon-styler,https://cdn0.woolworths.media/content/wowproductimages/medium/173167.jpg,2020-09-20 19:49:44,Average product rating out of 5: 4.8. Product score is based on 9 ratings,9,,True
b0aa57ac-e6a8-448d-b6e1-6da0f33484c3,Woolworths Supermarket,Health & Beauty,Steradent Denture Care Tablets Extra Strength 30 pack,173340,$6.40,$0.21 / 1EA,https://www.woolworths.com.au/shop/productdetails/173340/steradent-denture-care-tablets-extra-strength,https://cdn0.woolworths.media/content/wowproductimages/medium/173340.jpg,2020-09-20 19:49:44,Average product rating out of 5: 4.4. Product score is based on 7 ratings,7,,True
53cdbdd1-16f4-4f2f-8a7f-55bb8f7cbc53,Woolworths Supermarket,Health & Beauty,Vo5 Styling Gel Tub Mega Hold 250g,173963,$4.00,$1.60 / 100G,https://www.woolworths.com.au/shop/productdetails/173963/vo5-styling-gel-tub-mega-hold,https://cdn0.woolworths.media/content/wowproductimages/medium/173963.jpg,2020-09-20 19:49:44,Average product rating out of 5: 4.7. Product score is based on 6 ratings,6,Was $4.70 21/08/2017,True
5c057bc1-fa92-4021-8f53-a630950c297d,Woolworths Supermarket,Health & Beauty,Vo5 Hairspray Firm Hold 200g,173976,$4.00,$2.00 / 100G,https://www.woolworths.com.au/shop/productdetails/173976/vo5-hairspray-firm-hold,https://cdn0.woolworths.media/content/wowproductimages/medium/173976.jpg,2020-09-20 19:49:44,Average product rating out of 5: 4.6. Product score is based on 11 ratings,11,Was $4.70 25/09/2017,True
b41074a8-dac8-40ed-9b7b-d97d00abf6df,Woolworths Supermarket,Health & Beauty,Vo5 Hairspray Extra Hold 200g,173977,$4.00,$2.00 / 100G,https://www.woolworths.com.au/shop/productdetails/173977/vo5-hairspray-extra-hold,https://cdn0.woolworths.media/content/wowproductimages/medium/173977.jpg,2020-09-20 19:49:44,Average product rating out of 5: 4.6. Product score is based on 14 ratings,14,Was $4.70 25/09/2017,True
edcab9f3-2e8a-4079-9405-0e3d34d9db95,Woolworths Supermarket,Health & Beauty,Head & Shoulders Dry Scalp Care With Almond Oil Anti Dandruff Shampoo 400ml,174359,$11.00,$2.75 / 100ML,https://www.woolworths.com.au/shop/productdetails/174359/head-shoulders-dry-scalp-care-with-almond-oil-anti-dandruff-shampoo,https://cdn0.woolworths.media/content/wowproductimages/medium/174359.jpg,2020-09-20 19:49:44,Average product rating out of 5: 4.2. Product score is based on 5 ratings,5,,True
559c0c59-8648-4a26-a0ca-25570ce5b8c0,Woolworths Supermarket,Health & Beauty,Vo5 Style Wax Mega Hold Gel Tube 175ml,174414,$4.00,$2.29 / 100ML,https://www.woolworths.com.au/shop/productdetails/174414/vo5-style-wax-mega-hold-gel-tube,https://cdn0.woolworths.media/content/wowproductimages/medium/174414.jpg,2020-09-20 19:49:44,Average product rating out of 5: 4.7. Product score is based on 6 ratings,6,Was $4.70 21/08/2017,True
7aff400e-1b64-4e32-9cba-279a92452954,Woolworths Supermarket,Health & Beauty,Vo5 Wet Look Styling Gel 175ml,174416,$4.00,$2.29 / 100ML,https://www.woolworths.com.au/shop/productdetails/174416/vo5-wet-look-styling-gel,https://cdn0.woolworths.media/content/wowproductimages/medium/174416.jpg,2020-09-20 19:49:44,Average product rating out of 5: 4.4. Product score is based on 5 ratings,5,Was $4.70 21/08/2017,True
aced067f-d18d-4137-ae8c-fe7aa08bbca4,Woolworths Supermarket,Health & Beauty,Elastoplast Adjustable Wrist Support Band each,175019,$15.00,$15.00 / 1EA,https://www.woolworths.com.au/shop/productdetails/175019/elastoplast-adjustable-wrist-support-band,https://cdn0.woolworths.media/content/wowproductimages/medium/175019.jpg,2020-09-20 19:49:44,Average product rating out of 5: 3.0. Product score is based on 3 ratings,3,,True
4497a021-d27d-4358-acd0-6fd8ea9f3c8d,Woolworths Supermarket,Health & Beauty,Elastoplast Adjustable Ankle Support Band Adjustable Ankle each,175020,$15.00,$15.00 / 1EA,https://www.woolworths.com.au/shop/productdetails/175020/elastoplast-adjustable-ankle-support-band-adjustable-ankle,https://cdn0.woolworths.media/content/wowproductimages/medium/175020.jpg,2020-09-20 19:49:44,Average product rating out of 5: 3.0. Product score is based on 2 ratings,2,,True
6d2aa5f4-ef05-4736-86af-50f4cd8de1d4,Woolworths Supermarket,Health & Beauty,Elastoplast Rigid Strapping Tape Roll 38mm X 15m each,175025,$10.00,$10.00 / 1EA,https://www.woolworths.com.au/shop/productdetails/175025/elastoplast-rigid-strapping-tape-roll-38mm-x-15m,https://cdn0.woolworths.media/content/wowproductimages/medium/175025.jpg,2020-09-20 19:49:44,Average product rating out of 5: 5.0. Product score is based on 2 ratings,2,,True
6265a903-afa1-4b84-9beb-59041d18d4c1,Woolworths Supermarket,Health & Beauty,Voltaren Muscle And Back Pain Relief Emulgel 50g,175703,$14.50,$29.00 / 100G,https://www.woolworths.com.au/shop/productdetails/175703/voltaren-muscle-and-back-pain-relief-emulgel,https://cdn0.woolworths.media/content/wowproductimages/medium/175703.jpg,2020-09-20 19:49:44,Average product rating out of 5: 3.6. Product score is based on 5 ratings,5,,True
3946eade-ff75-4e5b-913d-037237aca997,Woolworths Supermarket,Health & Beauty,Dove Body Wash Triple Moisturising 375ml,175717,$5.75,$1.53 / 100ML,https://www.woolworths.com.au/shop/productdetails/175717/dove-body-wash-triple-moisturising,https://cdn0.woolworths.media/content/wowproductimages/medium/175717.jpg,2020-09-20 19:49:44,Average product rating out of 5: 4.8. Product score is based on 10 ratings,10,Was $7.65 12/04/2016,True
2f2e3c5b-06f4-4173-9a63-06fc08de8cea,Woolworths Supermarket,Health & Beauty,Zovirax Cold Sore Cream 2g,175808,$15.00,$75.00 / 10G,https://www.woolworths.com.au/shop/productdetails/175808/zovirax-cold-sore-cream,https://cdn0.woolworths.media/content/wowproductimages/medium/175808.jpg,2020-09-20 19:49:44,Average product rating out of 5: 4.7. Product score is based on 6 ratings,6,,True
e4f99679-3de3-48ff-95fb-86fd4724959d,Woolworths Supermarket,Health & Beauty,Willy's Kid's Bubble Bath Colours 45g,176335,$5.59,$12.42 / 100G,https://www.woolworths.com.au/shop/productdetails/176335/willy-s-kid-s-bubble-bath-colours,https://cdn0.woolworths.media/content/wowproductimages/medium/176335.jpg,2020-09-20 19:49:44,Average product rating out of 5: 4.8. Product score is based on 16 ratings,16,,True
62c1ce49-5354-46e2-88ac-5f9d227b0fef,Woolworths Supermarket,Health & Beauty,Brylcreem Hair Original 150ml,176756,$6.25,$4.17 / 100ML,https://www.woolworths.com.au/shop/productdetails/176756/brylcreem-hair-original,https://cdn0.woolworths.media/content/wowproductimages/medium/176756.jpg,2020-09-20 19:49:44,Average product rating out of 5: 5.0. Product score is based on 7 ratings,7,,True
f21ec39c-0cbc-4dd8-89d7-c73807d7086a,Woolworths Supermarket,Health & Beauty,Nad's Hair Removal Gel Natural Facial Wand 6g,179359,$15.00,$250.00 / 100G,https://www.woolworths.com.au/shop/productdetails/179359/nad-s-hair-removal-gel-natural-facial-wand,https://cdn0.woolworths.media/content/wowproductimages/medium/179359.jpg,2020-09-20 19:49:44,Average product rating out of 5: 3.6. Product score is based on 9 ratings,9,,True
c4c2edbd-43b4-42e2-83c3-48821b0949b9,Woolworths Supermarket,Health & Beauty,Sun Zapper Zinc Spf50 Mixed Pack 12g x3 pack,179484,$16.99,$2.83 / 100ML,https://www.woolworths.com.au/shop/productdetails/179484/sun-zapper-zinc-spf50-mixed-pack,https://cdn0.woolworths.media/content/wowproductimages/medium/179484.jpg,2020-09-20 19:49:44,Average product rating out of 5: 4.7. Product score is based on 3 ratings,3,Designs may vary,True
64e5031b-41f8-4b93-ab5f-b107d4407a6f,Woolworths Supermarket,Health & Beauty,Sun Zapper Zinc Flesh 12g,179503,$9.44,$78.67 / 100G,https://www.woolworths.com.au/shop/productdetails/179503/sun-zapper-zinc-flesh,https://cdn0.woolworths.media/content/wowproductimages/medium/179503.jpg,2020-09-20 19:49:44,Average product rating out of 5: 5.0. Product score is based on 1 ratings,1,,True
3a008b3f-7178-4f84-9aa9-50d475fd1134,Woolworths Supermarket,Health & Beauty,Le Tan Deep Bronze Self Tan Foaming Mousse 110ml,179518,$9.79,$8.90 / 100ML,https://www.woolworths.com.au/shop/productdetails/179518/le-tan-deep-bronze-self-tan-foaming-mousse,https://cdn0.woolworths.media/content/wowproductimages/medium/179518.jpg,2020-09-20 19:49:44,Average product rating out of 5: 4.8. Product score is based on 4 ratings,4,,True
a519d3cb-e110-432f-a13b-66c3eccabc4c,Woolworths Supermarket,Health & Beauty,Tena Men Level 2 10 pack,179685,$8.00,$0.80 / 1EA,https://www.woolworths.com.au/shop/productdetails/179685/tena-men-level-2,https://cdn0.woolworths.media/content/wowproductimages/medium/179685.jpg,2020-09-20 19:49:44,,0,,True
4b417f49-941c-48a3-8768-6799e7cfd65e,Woolworths Supermarket,Health & Beauty,Four Seasons Condoms Naked Classic 12pk,179744,$6.30,$0.53 / 1EA,https://www.woolworths.com.au/shop/productdetails/179744/four-seasons-condoms-naked-classic,https://cdn0.woolworths.media/content/wowproductimages/medium/179744.jpg,2020-09-20 19:49:44,Average product rating out of 5: 4.5. Product score is based on 4 ratings,4,,True
e91a2475-7881-48ab-8d56-f25d3386c716,Woolworths Supermarket,Health & Beauty,Panadol Rapid For Pain Relief Paracetamol 500 Mg 10 pack,180047,$3.30,$0.33 / 1EA,https://www.woolworths.com.au/shop/productdetails/180047/panadol-rapid-for-pain-relief-paracetamol-500-mg,https://cdn0.woolworths.media/content/wowproductimages/medium/180047.jpg,2020-09-20 19:49:44,Average product rating out of 5: 3.0. Product score is based on 1 ratings,1,,True
05920c05-6cb0-4ea5-a212-c4754de7722a,Woolworths Supermarket,Health & Beauty,Panadol Rapid For Pain Relief Paracetamol 500 Mg 20 pack,180048,$5.00,$0.25 / 1EA,https://www.woolworths.com.au/shop/productdetails/180048/panadol-rapid-for-pain-relief-paracetamol-500-mg,https://cdn0.woolworths.media/content/wowproductimages/medium/180048.jpg,2020-09-20 19:49:44,Average product rating out of 5: 4.6. Product score is based on 28 ratings,28,,True
9245026a-d4e0-4808-808a-2fd512687c30,Woolworths Supermarket,Health & Beauty,Palmolive Naturals Body Wash Sea Minerals Shower Gel 500ml,182847,$5.00,$1.00 / 100ML,https://www.woolworths.com.au/shop/productdetails/182847/palmolive-naturals-body-wash-sea-minerals-shower-gel,https://cdn0.woolworths.media/content/wowproductimages/medium/182847.jpg,2020-09-20 19:49:44,Average product rating out of 5: 4.1. Product score is based on 18 ratings,18,,True
724c962e-2b4d-4a31-81bf-1cdddd88ea50,Woolworths Supermarket,Health & Beauty,Lynx For Men Antiperspirant Roll On Deodorant Africa 50ml,186989,$2.80,$5.60 / 100ML,https://www.woolworths.com.au/shop/productdetails/186989/lynx-for-men-antiperspirant-roll-on-deodorant-africa,https://cdn0.woolworths.media/content/wowproductimages/medium/186989.jpg,2020-09-20 19:49:44,Average product rating out of 5: 4.6. Product score is based on 13 ratings,13,,True
b67f4049-99f5-4fb8-be1c-caf773e45d61,Woolworths Supermarket,Health & Beauty,L'oreal Age Perfect Face Cream At Night 50ml,187658,$16.50,$33.00 / 100ML,https://www.woolworths.com.au/shop/productdetails/187658/l-oreal-age-perfect-face-cream-at-night,https://cdn0.woolworths.media/content/wowproductimages/medium/187658.jpg,2020-09-20 19:49:44,Average product rating out of 5: 5.0. Product score is based on 6 ratings,6,,True
abe69b81-63f0-488e-935c-57a0f58ed14f,Woolworths Supermarket,Health & Beauty,Berocca Energy Vitamin Orange Effervescent Tablets 30 pack,187681,$12.90,$43.00 / 100EA,https://www.woolworths.com.au/shop/productdetails/187681/berocca-energy-vitamin-orange-effervescent-tablets,https://cdn0.woolworths.media/content/wowproductimages/medium/187681.jpg,2020-09-20 19:49:44,Average product rating out of 5: 4.5. Product score is based on 10 ratings,10,,True
500156f2-6cee-405e-9753-5df3c95a5b88,Woolworths Supermarket,Health & Beauty,Berocca Energy Vitamin Orange Effervescent Tablets 15 pack,187683,$10.80,$72.00 / 100EA,https://www.woolworths.com.au/shop/productdetails/187683/berocca-energy-vitamin-orange-effervescent-tablets,https://cdn0.woolworths.media/content/wowproductimages/medium/187683.jpg,2020-09-20 19:49:44,Average product rating out of 5: 4.3. Product score is based on 3 ratings,3,,True
0566753e-df3c-41e2-bdee-f48b476f2732,Woolworths Supermarket,Health & Beauty,Laxettes Senna Chocolate Squares Laxatives 24 pack,187995,$4.40,$0.18 / 1EA,https://www.woolworths.com.au/shop/productdetails/187995/laxettes-senna-chocolate-squares-laxatives,https://cdn0.woolworths.media/content/wowproductimages/medium/187995.jpg,2020-09-20 19:49:44,Average product rating out of 5: 4.3. Product score is based on 3 ratings,3,,True
13f56667-628a-4560-aed1-d79c515d5516,Woolworths Supermarket,Health & Beauty,Nyal Cold & Flu Fighter Day & Night Tablets 24pk,188092,$13.00,$0.54 / 1EA,https://www.woolworths.com.au/shop/productdetails/188092/nyal-cold-flu-fighter-day-night-tablets,https://cdn0.woolworths.media/content/wowproductimages/medium/188092.jpg,2020-09-20 19:49:44,,0,,True
8ad73715-600e-4b15-8c95-869941fa0918,Woolworths Supermarket,Health & Beauty,U By Kotex Tampons Regular 16 pack,188124,$2.95,$0.18 / 1EA,https://www.woolworths.com.au/shop/productdetails/188124/u-by-kotex-tampons-regular,https://cdn0.woolworths.media/content/wowproductimages/medium/188124.jpg,2020-09-20 19:49:44,,0,,True
0e9b5258-e0aa-4d16-9ce9-555aaf8b0a13,Woolworths Supermarket,Health & Beauty,U By Kotex Tampons Super 16 pack,188134,$2.95,$0.18 / 1EA,https://www.woolworths.com.au/shop/productdetails/188134/u-by-kotex-tampons-super,https://cdn0.woolworths.media/content/wowproductimages/medium/188134.jpg,2020-09-20 19:49:44,,0,,True
847fc59e-6f65-45e9-9b7e-9ae321ee9f5a,Woolworths Supermarket,Health & Beauty,Libra Goodnights Pads Ultra Thins Extra Long Wings 10 pack,188200,$5.35,$0.54 / 1EA,https://www.woolworths.com.au/shop/productdetails/188200/libra-goodnights-pads-ultra-thins-extra-long-wings,https://cdn0.woolworths.media/content/wowproductimages/medium/188200.jpg,2020-09-20 19:49:44,,0,,True
3c814376-1868-4876-9d1d-beb9aadcf317,Woolworths Supermarket,Health & Beauty,L'oreal Age Perfect Face Cream For Day 50ml,188343,$16.50,$33.00 / 100ML,https://www.woolworths.com.au/shop/productdetails/188343/l-oreal-age-perfect-face-cream-for-day,https://cdn0.woolworths.media/content/wowproductimages/medium/188343.jpg,2020-09-20 19:49:44,Average product rating out of 5: 4.8. Product score is based on 4 ratings,4,,True
e23ba7c0-cda3-4b78-8e74-baedd724530b,Woolworths Supermarket,Health & Beauty,L'oreal Paris Revitalift Rich Night Cream 50ml,188347,$16.50,$33.00 / 100ML,https://www.woolworths.com.au/shop/productdetails/188347/l-oreal-paris-revitalift-rich-night-cream,https://cdn0.woolworths.media/content/wowproductimages/medium/188347.jpg,2020-09-20 19:49:44,Average product rating out of 5: 4.4. Product score is based on 5 ratings,5,,True
062512ac-31ab-4bae-aa82-dc162918fb90,Woolworths Supermarket,Health & Beauty,Robitussin Cough Syrups Chesty Cough 200ml,188387,$11.40,$5.70 / 100ML,https://www.woolworths.com.au/shop/productdetails/188387/robitussin-cough-syrups-chesty-cough,https://cdn0.woolworths.media/content/wowproductimages/medium/188387.jpg,2020-09-20 19:49:44,,0,,True
bc00c90d-9841-4d55-8d6c-60a793270d08,Woolworths Supermarket,Health & Beauty,L'oreal Paris Revitalift Face Cream Day Anti Wrinkle & Firming 50ml,188389,$16.50,$33.00 / 100ML,https://www.woolworths.com.au/shop/productdetails/188389/l-oreal-paris-revitalift-face-cream-day-anti-wrinkle-firming,https://cdn0.woolworths.media/content/wowproductimages/medium/188389.jpg,2020-09-20 19:49:44,Average product rating out of 5: 3.7. Product score is based on 7 ratings,7,,True
fd1a72c0-5730-4c79-b34e-0b5e8dfd0e21,Woolworths Supermarket,Health & Beauty,Nivea Repair & Protect Moisturising Lip Balm With Spf15 4.8g,188405,$4.00,$83.33 / 100G,https://www.woolworths.com.au/shop/productdetails/188405/nivea-repair-protect-moisturising-lip-balm-with-spf15,https://cdn0.woolworths.media/content/wowproductimages/medium/188405.jpg,2020-09-20 19:49:44,Average product rating out of 5: 4.8. Product score is based on 11 ratings,11,,True
c255ecad-43d0-44ff-af00-14337d052fdc,Woolworths Supermarket,Health & Beauty,Dove Original Beauty Bar Soap 1/4 Moisturising 6x100g,189540,$8.00,$1.33 / 100G,https://www.woolworths.com.au/shop/productdetails/189540/dove-original-beauty-bar-soap-1-4-moisturising,https://cdn0.woolworths.media/content/wowproductimages/medium/189540.jpg,2020-09-20 19:49:44,Average product rating out of 5: 4.7. Product score is based on 23 ratings,23,Was $9.00 30/01/2017,True
13f2b522-1a2e-4193-877a-2bb36e1973a7,Woolworths Supermarket,Health & Beauty,L'oreal Dermo Expert Waterproof Eye Makeup Remover 125ml,191788,$6.99,$5.59 / 100ML,https://www.woolworths.com.au/shop/productdetails/191788/l-oreal-dermo-expert-waterproof-eye-makeup-remover,https://cdn0.woolworths.media/content/wowproductimages/medium/191788.jpg,2020-09-20 19:49:44,Average product rating out of 5: 4.2. Product score is based on 6 ratings,6,,True
e61dcace-eca5-4ab5-9c2e-3defc7a6e14c,Woolworths Supermarket,Health & Beauty,Nature's Way Vitamin B Energy Boost Tablets 200 pack,192538,$18.70,$9.35 / 100EA,https://www.woolworths.com.au/shop/productdetails/192538/nature-s-way-vitamin-b-energy-boost-tablets,https://cdn0.woolworths.media/content/wowproductimages/medium/192538.jpg,2020-09-20 19:49:44,Average product rating out of 5: 3.5. Product score is based on 2 ratings,2,,True
6e66bbea-85a6-4aa4-a898-c64145f7b56a,Woolworths Supermarket,Health & Beauty,Nature's Way Complete Daily Multivitamin Tablets 200 pack,192546,$15.00,$7.50 / 100EA,https://www.woolworths.com.au/shop/productdetails/192546/nature-s-way-complete-daily-multivitamin-tablets,https://cdn0.woolworths.media/content/wowproductimages/medium/192546.jpg,2020-09-20 19:49:44,Average product rating out of 5: 4.6. Product score is based on 5 ratings,5,,True
c0f0b73b-197b-4653-b81d-8e40b347459e,Woolworths Supermarket,Health & Beauty,Nature's Way Protein Powder Vanilla 375g,192635,$21.00,$5.60 / 100G,https://www.woolworths.com.au/shop/productdetails/192635/nature-s-way-protein-powder-vanilla,https://cdn0.woolworths.media/content/wowproductimages/medium/192635.jpg,2020-09-20 19:49:44,Average product rating out of 5: 4.0. Product score is based on 8 ratings,8,,True
3e186659-dec7-4da6-bd3e-296de92e2dc4,Woolworths Supermarket,Health & Beauty,Four Seasons Lubricants Massage Oil 150ml,192674,$7.20,$4.80 / 100ML,https://www.woolworths.com.au/shop/productdetails/192674/four-seasons-lubricants-massage-oil,https://cdn0.woolworths.media/content/wowproductimages/medium/192674.jpg,2020-09-20 19:49:44,Average product rating out of 5: 5.0. Product score is based on 2 ratings,2,,True
33652a8f-b2f9-4483-b7f9-a1ada2189eef,Woolworths Supermarket,Health & Beauty,Blackmores Executive B Tablets 125 pack,192702,$33.80,$27.04 / 100EA,https://www.woolworths.com.au/shop/productdetails/192702/blackmores-executive-b-tablets,https://cdn0.woolworths.media/content/wowproductimages/medium/192702.jpg,2020-09-20 19:49:44,Average product rating out of 5: 4.6. Product score is based on 20 ratings,20,,True
0901e767-1454-4372-a972-dd50a80d6657,Woolworths Supermarket,Health & Beauty,Nair Hair Removal Wax Easiwax Large Strips 20 pack,193712,$10.00,$0.50 / 1EA,https://www.woolworths.com.au/shop/productdetails/193712/nair-hair-removal-wax-easiwax-large-strips,https://cdn0.woolworths.media/content/wowproductimages/medium/193712.jpg,2020-09-20 19:49:44,Average product rating out of 5: 4.3. Product score is based on 3 ratings,3,,True
9085c247-9154-4b7a-b2e6-8ae7a25b53b9,Woolworths Supermarket,Health & Beauty,Gillette Blue Ii Disposable Shaving Razor Plus 20 pack,194278,$16.50,$0.83 / 1EA,https://www.woolworths.com.au/shop/productdetails/194278/gillette-blue-ii-disposable-shaving-razor-plus,https://cdn0.woolworths.media/content/wowproductimages/medium/194278.jpg,2020-09-20 19:49:44,Average product rating out of 5: 4.1. Product score is based on 7 ratings,7,,True
388227a0-3149-48ea-b893-81771f4ec4b1,Woolworths Supermarket,Health & Beauty,Elastoplast Fabric Strips Dressing Fabric 10pk,194460,$5.00,$0.50 / 1EA,https://www.woolworths.com.au/shop/productdetails/194460/elastoplast-fabric-strips-dressing-fabric,https://cdn0.woolworths.media/content/wowproductimages/medium/194460.jpg,2020-09-20 19:49:44,Average product rating out of 5: 4.5. Product score is based on 2 ratings,2,,True
f63d2748-5806-44e2-8cf9-32d7cbe2d969,Woolworths Supermarket,Health & Beauty,John Frieda Frizz Ease Dream Curls Spray Styler 198ml,194495,$17.00,$8.59 / 100ML,https://www.woolworths.com.au/shop/productdetails/194495/john-frieda-frizz-ease-dream-curls-spray-styler,https://cdn0.woolworths.media/content/wowproductimages/medium/194495.jpg,2020-09-20 19:49:44,Average product rating out of 5: 4.4. Product score is based on 5 ratings,5,,True
8f119ef9-325b-4f36-95c4-73c7c2f96291,Woolworths Supermarket,Health & Beauty,Libra Invisible Pads Ultra Thin Regular Value Pack 20 pack,194651,$7.25,$0.36 / 1EA,https://www.woolworths.com.au/shop/productdetails/194651/libra-invisible-pads-ultra-thin-regular-value-pack,https://cdn0.woolworths.media/content/wowproductimages/medium/194651.jpg,2020-09-20 19:49:44,,0,,True
5ab9101a-2e51-4c4b-80e4-5f79c43bce12,Woolworths Supermarket,Health & Beauty,Elastoplast Fabric Strips Sterile 40pk,195124,$4.00,$0.10 / 1EA,https://www.woolworths.com.au/shop/productdetails/195124/elastoplast-fabric-strips-sterile,https://cdn0.woolworths.media/content/wowproductimages/medium/195124.jpg,2020-09-20 19:49:44,Average product rating out of 5: 4.7. Product score is based on 16 ratings,16,,True
e43efe7e-5080-4653-9822-c3680ea4ee3f,Woolworths Supermarket,Health & Beauty,Elastoplast Aqua Protect Plasters Waterproof 40pk,195254,$5.00,$0.13 / 1EA,https://www.woolworths.com.au/shop/productdetails/195254/elastoplast-aqua-protect-plasters-waterproof,https://cdn0.woolworths.media/content/wowproductimages/medium/195254.jpg,2020-09-20 19:49:44,Average product rating out of 5: 4.5. Product score is based on 6 ratings,6,,True
1d6d660c-1ff2-4960-8a18-cd881df8609c,Woolworths Supermarket,Health & Beauty,Bic Razor Disposable Twin Easy Sensitive 10pk,196087,$4.00,$0.40 / 1EA,https://www.woolworths.com.au/shop/productdetails/196087/bic-razor-disposable-twin-easy-sensitive,https://cdn0.woolworths.media/content/wowproductimages/medium/196087.jpg,2020-09-20 19:49:44,Average product rating out of 5: 4.7. Product score is based on 7 ratings,7,Was $4.50 19/03/2018,True
d4bf2045-d6a9-4974-9068-f91e6bd199c4,Woolworths Supermarket,Health & Beauty,Veet Sensitive Hair Removal Wax Cold Strips 20 pack,196899,$9.00,$0.45 / 1EA,https://www.woolworths.com.au/shop/productdetails/196899/veet-sensitive-hair-removal-wax-cold-strips,https://cdn0.woolworths.media/content/wowproductimages/medium/196899.jpg,2020-09-20 19:49:44,Average product rating out of 5: 4.0. Product score is based on 1 ratings,1,Was $12.00 04/09/2017,True
bf363454-09b3-46db-b14a-972372ebfe51,Woolworths Supermarket,Health & Beauty,Neutrogena Deep Clean Foaming Cleanser Oil Control 175g,196946,$15.50,$8.86 / 100G,https://www.woolworths.com.au/shop/productdetails/196946/neutrogena-deep-clean-foaming-cleanser-oil-control,https://cdn0.woolworths.media/content/wowproductimages/medium/196946.jpg,2020-09-20 19:49:44,Average product rating out of 5: 4.5. Product score is based on 2 ratings,2,,True
14f8c73d-ecc2-4142-b277-4f4c9696a12a,Woolworths Supermarket,Health & Beauty,Listerine Pocketpaks Freshburst Oral Strips 3 x24 pack,197354,$6.50,$0.09 / 1EA,https://www.woolworths.com.au/shop/productdetails/197354/listerine-pocketpaks-freshburst-oral-strips,https://cdn0.woolworths.media/content/wowproductimages/medium/197354.jpg,2020-09-20 19:49:44,Average product rating out of 5: 5.0. Product score is based on 8 ratings,8,Was $6.99 14/11/16,True
a1f8728a-7550-4c52-a69c-6d6483e1b392,Woolworths Supermarket,Health & Beauty,Oral-b Crossaction Dual Clean Power Electric Toothbrush medium,197380,$17.50,$17.50 / 1EA,https://www.woolworths.com.au/shop/productdetails/197380/oral-b-crossaction-dual-clean-power-electric-toothbrush,https://cdn0.woolworths.media/content/wowproductimages/medium/197380.jpg,2020-09-20 19:49:44,Average product rating out of 5: 4.1. Product score is based on 10 ratings,10,,True
96d9f101-0f5e-4cd4-ade3-225b9afb9cc8,Woolworths Supermarket,Health & Beauty,Oral-b Crossaction Dual Clean Elect Toothbrush Replacement Heads 2 refills,197382,$11.45,$5.73 / 1EA,https://www.woolworths.com.au/shop/productdetails/197382/oral-b-crossaction-dual-clean-elect-toothbrush-replacement-heads,https://cdn0.woolworths.media/content/wowproductimages/medium/197382.jpg,2020-09-20 19:49:44,Average product rating out of 5: 4.8. Product score is based on 9 ratings,9,,True
e555b72c-ce26-4b4d-a67e-9ca7f06672b3,Woolworths Supermarket,Health & Beauty,Maybelline Great Lash Volumizing Mascara - Blackest Black 12.7ml,198606,$7.80,$6.14 / 10ML,https://www.woolworths.com.au/shop/productdetails/198606/maybelline-great-lash-volumizing-mascara-blackest-black,https://cdn0.woolworths.media/content/wowproductimages/medium/198606.jpg,2020-09-20 19:49:44,Average product rating out of 5: 4.0. Product score is based on 4 ratings,4,,True
c4ecf7c3-209c-488d-bdeb-511f4887df0b,Woolworths Supermarket,Health & Beauty,Metamucil Orange Smooth Fibre 72 Doses 425g,199089,$23.00,$5.41 / 100G,https://www.woolworths.com.au/shop/productdetails/199089/metamucil-orange-smooth-fibre-72-doses,https://cdn0.woolworths.media/content/wowproductimages/medium/199089.jpg,2020-09-20 19:49:44,Average product rating out of 5: 4.8. Product score is based on 6 ratings,6,,True
a27dffa6-01e5-488b-bccd-4a954fb8e50d,Woolworths Supermarket,Health & Beauty,Cenovis Easysleep Valerian 2000 Tablets 30 pack,200059,$12.00,$40.00 / 100EA,https://www.woolworths.com.au/shop/productdetails/200059/cenovis-easysleep-valerian-2000-tablets,https://cdn0.woolworths.media/content/wowproductimages/medium/200059.jpg,2020-09-20 19:49:44,Average product rating out of 5: 5.0. Product score is based on 5 ratings,5,,True
5fd77532-650a-48d4-817c-cb4d321074f7,Woolworths Supermarket,Health & Beauty,Carefree Barely There Panty Liners Ultra Thin Breathable 42 pack,200074,$4.50,$0.11 / 1EA,https://www.woolworths.com.au/shop/productdetails/200074/carefree-barely-there-panty-liners-ultra-thin-breathable,https://cdn0.woolworths.media/content/wowproductimages/medium/200074.jpg,2020-09-20 19:49:44,,0,Was $5.59 10/04/2017,True
72a005d3-c30e-420d-9ed9-69fbbd15015c,Woolworths Supermarket,Health & Beauty,Tena Lady Pads Mini Plus 16 pack,200125,$3.65,$0.23 / 1EA,https://www.woolworths.com.au/shop/productdetails/200125/tena-lady-pads-mini-plus,https://cdn0.woolworths.media/content/wowproductimages/medium/200125.jpg,2020-09-20 19:49:44,,0,,True
12d3594c-bbd9-4b97-be23-ad86229a04ae,Woolworths Supermarket,Health & Beauty,Vaseline Intensive Care Body Lotion Deep Restore 750ml,200345,$10.00,$1.33 / 100ML,https://www.woolworths.com.au/shop/productdetails/200345/vaseline-intensive-care-body-lotion-deep-restore,https://cdn0.woolworths.media/content/wowproductimages/medium/200345.jpg,2020-09-20 19:49:44,Average product rating out of 5: 4.9. Product score is based on 14 ratings,14,Was $12.99 27/02/2017,True
07a4b5d0-c3d4-435c-800a-f3db6d431c8b,Woolworths Supermarket,Health & Beauty,Elastoplast Plastic Plasters Water-resistant 40pk,200814,$2.70,$0.07 / 1EA,https://www.woolworths.com.au/shop/productdetails/200814/elastoplast-plastic-plasters-water-resistant,https://cdn0.woolworths.media/content/wowproductimages/medium/200814.jpg,2020-09-20 19:49:44,Average product rating out of 5: 4.8. Product score is based on 6 ratings,6,,True
4c276d12-9714-4f4a-abbb-ed9606cbc13a,Woolworths Supermarket,Health & Beauty,Polident Denture Cleanser Fresh Active 36 pack,201002,$6.10,$0.17 / 1EA,https://www.woolworths.com.au/shop/productdetails/201002/polident-denture-cleanser-fresh-active,https://cdn0.woolworths.media/content/wowproductimages/medium/201002.jpg,2020-09-20 19:49:44,Average product rating out of 5: 4.7. Product score is based on 12 ratings,12,,True
fb6f034f-c748-4a7e-8a3c-46c46dbca638,Woolworths Supermarket,Health & Beauty,Clairol Nice N Easy 3.5 Natural Darkest Brown each,201073,$9.00,,https://www.woolworths.com.au/shop/productdetails/201073/clairol-nice-n-easy-3-5-natural-darkest-brown,https://cdn0.woolworths.media/content/wowproductimages/medium/201073.jpg,2020-09-20 19:49:44,Average product rating out of 5: 5.0. Product score is based on 4 ratings,4,Was $13.00 06/08/2018,True
e88d40ad-6a56-438b-a03f-f92de2a11280,Woolworths Supermarket,Health & Beauty,Sally Hansen Nail Hard As Nails Nylon Natural 13.3ml,201104,$10.00,$7.52 / 10ML,https://www.woolworths.com.au/shop/productdetails/201104/sally-hansen-nail-hard-as-nails-nylon-natural,https://cdn0.woolworths.media/content/wowproductimages/medium/201104.jpg,2020-09-20 19:49:44,Average product rating out of 5: 3.8. Product score is based on 5 ratings,5,,True
478e7d15-1931-4c8c-b755-d36c6fa0914b,Woolworths Supermarket,Health & Beauty,Sally Hansen Nail Polish Maximum Growth 13ml,201836,$15.00,$11.54 / 10ML,https://www.woolworths.com.au/shop/productdetails/201836/sally-hansen-nail-polish-maximum-growth,https://cdn0.woolworths.media/content/wowproductimages/medium/201836.jpg,2020-09-20 19:49:44,,0,,True
f9f56117-ab49-4685-953e-619865b50a21,Woolworths Supermarket,Health & Beauty,Dominate Hair Wax Super Hold 85g,201876,$10.00,$11.76 / 100G,https://www.woolworths.com.au/shop/productdetails/201876/dominate-hair-wax-super-hold,https://cdn0.woolworths.media/content/wowproductimages/medium/201876.jpg,2020-09-20 19:49:44,Average product rating out of 5: 4.0. Product score is based on 2 ratings,2,,True
6ccd3f24-81a4-4a7d-b72d-9ca70bffdde8,Woolworths Supermarket,Health & Beauty,Sally Hansen Nail Double Duty Base Coat 13.3ml,201985,$14.50,$10.90 / 10ML,https://www.woolworths.com.au/shop/productdetails/201985/sally-hansen-nail-double-duty-base-coat,https://cdn0.woolworths.media/content/wowproductimages/medium/201985.jpg,2020-09-20 19:49:44,Average product rating out of 5: 3.7. Product score is based on 3 ratings,3,,True
59e55596-13f8-4340-99bb-6c0fc845523b,Woolworths Supermarket,Health & Beauty,Blackmores Mens Performance Multi 50 pack,202368,$20.00,$40.00 / 100EA,https://www.woolworths.com.au/shop/productdetails/202368/blackmores-mens-performance-multi,https://cdn0.woolworths.media/content/wowproductimages/medium/202368.jpg,2020-09-20 19:49:44,Average product rating out of 5: 3.5. Product score is based on 8 ratings,8,Was $24.99 7/11/2016,True
acb58cb1-2a0d-4609-a021-e7e9ce360c50,Woolworths Supermarket,Health & Beauty,Redwin Handwash Refill 750ml,202693,$5.39,$0.72 / 100ML,https://www.woolworths.com.au/shop/productdetails/202693/redwin-handwash-refill,https://cdn0.woolworths.media/content/wowproductimages/medium/202693.jpg,2020-09-20 19:49:44,Average product rating out of 5: 4.7. Product score is based on 13 ratings,13,,True
57685cc5-3e9a-48ec-8888-0ffce71103f9,Woolworths Supermarket,Health & Beauty,Dove Beauty Soap Bar Exfoliating 4x100g,202803,$6.80,$1.70 / 100G,https://www.woolworths.com.au/shop/productdetails/202803/dove-beauty-soap-bar-exfoliating,https://cdn0.woolworths.media/content/wowproductimages/medium/202803.jpg,2020-09-20 19:49:44,Average product rating out of 5: 4.8. Product score is based on 6 ratings,6,,True
1c89518e-33b2-4e23-ad78-cd8c76dd3b5c,Woolworths Supermarket,Health & Beauty,Nurofen Caplets 12pk,203638,$3.50,$0.29 / 1EA,https://www.woolworths.com.au/shop/productdetails/203638/nurofen-caplets,https://cdn0.woolworths.media/content/wowproductimages/medium/203638.jpg,2020-09-20 19:49:44,,0,,True
9705802f-a800-4b2e-98ec-b2c2433cf77e,Woolworths Supermarket,Health & Beauty,Nurofen Pain And Inflammation Relief Caplets 200mg Ibuprofen 24 pack,203640,$5.90,$0.25 / 1EA,https://www.woolworths.com.au/shop/productdetails/203640/nurofen-pain-and-inflammation-relief-caplets-200mg-ibuprofen,https://cdn0.woolworths.media/content/wowproductimages/medium/203640.jpg,2020-09-20 19:49:44,Average product rating out of 5: 4.7. Product score is based on 13 ratings,13,,True
1e7ff704-1bc4-4ebe-9b65-4b3338992fc8,Woolworths Supermarket,Health & Beauty,Nurofen Pain And Inflammation Relief Tablets 200mg Ibuprofen 12 pack,203646,$3.50,$0.29 / 1EA,https://www.woolworths.com.au/shop/productdetails/203646/nurofen-pain-and-inflammation-relief-tablets-200mg-ibuprofen,https://cdn0.woolworths.media/content/wowproductimages/medium/203646.jpg,2020-09-20 19:49:44,Average product rating out of 5: 5.0. Product score is based on 2 ratings,2,,True
51d05bb1-2782-4d5b-b788-64bcf58df048,Woolworths Supermarket,Health & Beauty,Nurofen Pain And Inflammation Relief Tablets 200mg Ibuprofen 24 pack,203647,$5.90,$0.25 / 1EA,https://www.woolworths.com.au/shop/productdetails/203647/nurofen-pain-and-inflammation-relief-tablets-200mg-ibuprofen,https://cdn0.woolworths.media/content/wowproductimages/medium/203647.jpg,2020-09-20 19:49:44,Average product rating out of 5: 4.7. Product score is based on 10 ratings,10,,True
23cfe167-b1d0-402e-9d47-8c5e1822cbf9,Woolworths Supermarket,Health & Beauty,Advil Capsules Liquid 20pk,203678,$5.00,$0.25 / 1EA,https://www.woolworths.com.au/shop/productdetails/203678/advil-capsules-liquid,https://cdn0.woolworths.media/content/wowproductimages/medium/203678.jpg,2020-09-20 19:49:44,Average product rating out of 5: 4.8. Product score is based on 19 ratings,19,,True
bcba5fa0-8854-4970-906a-7b06d4138123,Woolworths Supermarket,Health & Beauty,Essentials Ibuprofen 200mg Tablets 24 pack,204919,$1.55,$0.06 / 1EA,https://www.woolworths.com.au/shop/productdetails/204919/essentials-ibuprofen-200mg-tablets,https://cdn0.woolworths.media/content/wowproductimages/medium/204919.jpg,2020-09-20 19:49:44,Average product rating out of 5: 4.8. Product score is based on 112 ratings,112,,True
c79ea963-342d-4f7f-a7e5-bf516a8676a4,Woolworths Supermarket,Health & Beauty,"Nature's Own Calcium, Magnesium & Vitamin D3 Tablets 120 pack",205356,$9.00,$7.50 / 100EA,https://www.woolworths.com.au/shop/productdetails/205356/nature-s-own-calcium-magnesium-vitamin-d3-tablets,https://cdn0.woolworths.media/content/wowproductimages/medium/205356.jpg,2020-09-20 19:49:44,Average product rating out of 5: 4.6. Product score is based on 5 ratings,5,,True
55f64408-cc32-4a82-989e-1a12b068728b,Woolworths Supermarket,Health & Beauty,Selsun Gold Anti-dandruff Medically Proven Treatment 200ml,205490,$11.00,$5.50 / 100ML,https://www.woolworths.com.au/shop/productdetails/205490/selsun-gold-anti-dandruff-medically-proven-treatment,https://cdn0.woolworths.media/content/wowproductimages/medium/205490.jpg,2020-09-20 19:49:44,Average product rating out of 5: 4.8. Product score is based on 17 ratings,17,,True
6f1cd3f1-fd2f-4244-bed0-f276d369d87c,Woolworths Supermarket,Health & Beauty,Nair Hair Removal Cream Facial Hair Remover 20g,205521,$6.00,$30.00 / 100G,https://www.woolworths.com.au/shop/productdetails/205521/nair-hair-removal-cream-facial-hair-remover,https://cdn0.woolworths.media/content/wowproductimages/medium/205521.jpg,2020-09-20 19:49:44,Average product rating out of 5: 2.5. Product score is based on 4 ratings,4,,True
971b2686-67b6-45f8-a19a-2c55f37e25d2,Woolworths Supermarket,Health & Beauty,Listerine Teeth Defence Mouthwash Antiseptic With Fluoride 500ml,205582,$8.50,$1.70 / 100ML,https://www.woolworths.com.au/shop/productdetails/205582/listerine-teeth-defence-mouthwash-antiseptic-with-fluoride,https://cdn0.woolworths.media/content/wowproductimages/medium/205582.jpg,2020-09-20 19:49:44,Average product rating out of 5: 4.9. Product score is based on 15 ratings,15,Was $9.20 14/11/16,True
8ed0f3fd-ea34-491f-95dd-b4c9ec16bc1b,Woolworths Supermarket,Health & Beauty,Cenovis Echinacea 5000 Capsules 60 pack,205649,$15.00,$25.00 / 100EA,https://www.woolworths.com.au/shop/productdetails/205649/cenovis-echinacea-5000-capsules,https://cdn0.woolworths.media/content/wowproductimages/medium/205649.jpg,2020-09-20 19:49:44,Average product rating out of 5: 4.9. Product score is based on 8 ratings,8,,True
fb72d110-6b58-4e5a-a5c5-41a705135023,Woolworths Supermarket,Health & Beauty,Berocca Energy Vitamin Original Berry Effervescent Tablets 15 pack,205682,$10.80,$72.00 / 100EA,https://www.woolworths.com.au/shop/productdetails/205682/berocca-energy-vitamin-original-berry-effervescent-tablets,https://cdn0.woolworths.media/content/wowproductimages/medium/205682.jpg,2020-09-20 19:49:44,Average product rating out of 5: 5.0. Product score is based on 1 ratings,1,,True
b7771128-5bac-44c4-9e04-d33e6c0b75b0,Woolworths Supermarket,Health & Beauty,Berocca Energy Vitamin Original Berry Effervescent Tablets 30 pack,205684,$12.90,$43.00 / 100EA,https://www.woolworths.com.au/shop/productdetails/205684/berocca-energy-vitamin-original-berry-effervescent-tablets,https://cdn0.woolworths.media/content/wowproductimages/medium/205684.jpg,2020-09-20 19:49:44,Average product rating out of 5: 4.5. Product score is based on 11 ratings,11,,True
b44b3915-d3a3-4422-98a3-6088cc06295e,Woolworths Supermarket,Health & Beauty,Olay Regenerist Face Cream Day Uv Protection 75ml,205897,$22.75,$30.33 / 100ML,https://www.woolworths.com.au/shop/productdetails/205897/olay-regenerist-face-cream-day-uv-protection,https://cdn0.woolworths.media/content/wowproductimages/medium/205897.jpg,2020-09-20 19:49:44,Average product rating out of 5: 4.5. Product score is based on 6 ratings,6,,True
cb81302f-5fc6-4459-a270-ad79f13344f2,Woolworths Supermarket,Health & Beauty,Olay Regenerist Revitalising Hydration Day Face Cream 50g,205902,$22.75,$45.50 / 100G,https://www.woolworths.com.au/shop/productdetails/205902/olay-regenerist-revitalising-hydration-day-face-cream,https://cdn0.woolworths.media/content/wowproductimages/medium/205902.jpg,2020-09-20 19:49:44,Average product rating out of 5: 4.5. Product score is based on 8 ratings,8,,True
3ec42c24-7a2d-4da2-8bdc-eaeab65808b0,Woolworths Supermarket,Health & Beauty,Blackmores Total Calcium + Magnesium + D3 Tablets Value Pack 125 pack,206378,$22.00,$17.60 / 100EA,https://www.woolworths.com.au/shop/productdetails/206378/blackmores-total-calcium-magnesium-d3-tablets-value-pack,https://cdn0.woolworths.media/content/wowproductimages/medium/206378.jpg,2020-09-20 19:49:44,Average product rating out of 5: 4.5. Product score is based on 6 ratings,6,,True
efbc4853-10de-478c-a360-ac853096a005,Woolworths Supermarket,Health & Beauty,Simple Kind To Skin Light Moisturiser Hydrating 125ml,207489,$10.50,$8.40 / 100ML,https://www.woolworths.com.au/shop/productdetails/207489/simple-kind-to-skin-light-moisturiser-hydrating,https://cdn0.woolworths.media/content/wowproductimages/medium/207489.jpg,2020-09-20 19:49:44,Average product rating out of 5: 4.4. Product score is based on 9 ratings,9,,True
d486047f-002c-429d-8788-b1baf0e12e0c,Woolworths Supermarket,Health & Beauty,Simple Kind To Eyes Make Up Remover Conditioning Eye 125ml,207769,$11.00,$8.80 / 100ML,https://www.woolworths.com.au/shop/productdetails/207769/simple-kind-to-eyes-make-up-remover-conditioning-eye,https://cdn0.woolworths.media/content/wowproductimages/medium/207769.jpg,2020-09-20 19:49:44,Average product rating out of 5: 3.5. Product score is based on 2 ratings,2,,True
e8bcf099-73a2-408a-b4e6-f46054d32919,Woolworths Supermarket,Health & Beauty,Ease A Cold Tablets Cough Cold & Flu 24 pack,208245,$18.30,$0.76 / 1EA,https://www.woolworths.com.au/shop/productdetails/208245/ease-a-cold-tablets-cough-cold-flu,https://cdn0.woolworths.media/content/wowproductimages/medium/208245.jpg,2020-09-20 19:49:44,Average product rating out of 5: 5.0. Product score is based on 3 ratings,3,,True
395d2713-43be-4e7f-a6d7-73f51772c0a1,Woolworths Supermarket,Health & Beauty,First Response Pregnancy Test Dip Read 3 pack,208519,$14.30,$4.77 / 1EA,https://www.woolworths.com.au/shop/productdetails/208519/first-response-pregnancy-test-dip-read,https://cdn0.woolworths.media/content/wowproductimages/medium/208519.jpg,2020-09-20 19:49:44,,0,,True
e4b7744e-ebd3-488b-beb4-ba642186eb18,Woolworths Supermarket,Health & Beauty,Schwarzkopf Extra Care Shampoo Liquid Silk 400ml,208687,$6.90,$1.73 / 100ML,https://www.woolworths.com.au/shop/productdetails/208687/schwarzkopf-extra-care-shampoo-liquid-silk,https://cdn0.woolworths.media/content/wowproductimages/medium/208687.jpg,2020-09-20 19:49:44,Average product rating out of 5: 4.2. Product score is based on 6 ratings,6,,True
cfe1da7b-50a1-468c-9b56-2a50b8a99941,Woolworths Supermarket,Health & Beauty,Schwarzkopf Extra Care Conditioner Liquid Silk 400ml,208689,$6.90,$1.73 / 100ML,https://www.woolworths.com.au/shop/productdetails/208689/schwarzkopf-extra-care-conditioner-liquid-silk,https://cdn0.woolworths.media/content/wowproductimages/medium/208689.jpg,2020-09-20 19:49:44,Average product rating out of 5: 4.5. Product score is based on 8 ratings,8,,True
bbc640d3-0c9e-46be-8ea8-a0a5f2a464c7,Woolworths Supermarket,Health & Beauty,Schwarzkopf Extra Care Conditioner Colour Protect 400ml,208698,$6.90,$1.73 / 100ML,https://www.woolworths.com.au/shop/productdetails/208698/schwarzkopf-extra-care-conditioner-colour-protect,https://cdn0.woolworths.media/content/wowproductimages/medium/208698.jpg,2020-09-20 19:49:44,Average product rating out of 5: 5.0. Product score is based on 5 ratings,5,,True
97ee9983-3a0b-420e-a561-a3af2e5838d5,Woolworths Supermarket,Health & Beauty,Schwarzkopf Extra Care Shampoo Colour Protect 400ml,208704,$6.90,$1.73 / 100ML,https://www.woolworths.com.au/shop/productdetails/208704/schwarzkopf-extra-care-shampoo-colour-protect,https://cdn0.woolworths.media/content/wowproductimages/medium/208704.jpg,2020-09-20 19:49:44,Average product rating out of 5: 5.0. Product score is based on 8 ratings,8,,True
062859e3-bc30-4933-93bf-363eb6870222,Woolworths Supermarket,Health & Beauty,Radox Body Wash Feel Oxygenated 1l,210784,$7.00,$0.70 / 100ML,https://www.woolworths.com.au/shop/productdetails/210784/radox-body-wash-feel-oxygenated,https://cdn0.woolworths.media/content/wowproductimages/medium/210784.jpg,2020-09-20 19:49:44,Average product rating out of 5: 4.6. Product score is based on 19 ratings,19,Was $9.40 29/03/2016,True
0d84d340-33cc-47d8-ae6e-fed8f81dee1a,Woolworths Supermarket,Health & Beauty,Palmolive Naturals Body Wash Anti Stress Shower Gel 500ml,210811,$5.00,$1.00 / 100ML,https://www.woolworths.com.au/shop/productdetails/210811/palmolive-naturals-body-wash-anti-stress-shower-gel,https://cdn0.woolworths.media/content/wowproductimages/medium/210811.jpg,2020-09-20 19:49:44,Average product rating out of 5: 4.9. Product score is based on 30 ratings,30,,True
de732ff8-266d-4688-94cf-dcffa2ffc17e,Woolworths Supermarket,Health & Beauty,Colgate Zig Zag Deep Interdental Clean Toothbrush Soft 3 pack,211365,$3.90,$1.30 / 1EA,https://www.woolworths.com.au/shop/productdetails/211365/colgate-zig-zag-deep-interdental-clean-toothbrush-soft,https://cdn0.woolworths.media/content/wowproductimages/medium/211365.jpg,2020-09-20 19:49:44,Average product rating out of 5: 4.7. Product score is based on 14 ratings,14,,True
788242e8-ab8c-439a-8a6f-0f390652b377,Woolworths Supermarket,Health & Beauty,Colgate Zigzag Deep Interdental Clean Toothbrush Medium 3 pack,211366,$3.90,$1.30 / 1EA,https://www.woolworths.com.au/shop/productdetails/211366/colgate-zigzag-deep-interdental-clean-toothbrush-medium,https://cdn0.woolworths.media/content/wowproductimages/medium/211366.jpg,2020-09-20 19:49:44,Average product rating out of 5: 4.4. Product score is based on 17 ratings,17,,True
a631bf73-9257-446c-ac5f-b5568ffdaa0d,Woolworths Supermarket,Health & Beauty,All Smiles Denture Tablets 48 pack,211595,$3.50,$0.07 / 1EA,https://www.woolworths.com.au/shop/productdetails/211595/all-smiles-denture-tablets,https://cdn0.woolworths.media/content/wowproductimages/medium/211595.jpg,2020-09-20 19:49:44,Average product rating out of 5: 4.4. Product score is based on 148 ratings,148,,True
544988ba-9d86-43a3-b103-7e03608dd2ed,Woolworths Supermarket,Health & Beauty,Veet Hair Removal Cream For Men 200g,211811,$9.00,$4.50 / 100ML,https://www.woolworths.com.au/shop/productdetails/211811/veet-hair-removal-cream-for-men,https://cdn0.woolworths.media/content/wowproductimages/medium/211811.jpg,2020-09-20 19:49:44,Average product rating out of 5: 4.4. Product score is based on 5 ratings,5,,True
cd9fc98e-32ab-48c4-9332-5df83750b2fe,Woolworths Supermarket,Health & Beauty,Vaseline Intensive Care Body Lotion Aloe Soothe 750ml,213345,$10.00,$1.33 / 100ML,https://www.woolworths.com.au/shop/productdetails/213345/vaseline-intensive-care-body-lotion-aloe-soothe,https://cdn0.woolworths.media/content/wowproductimages/medium/213345.jpg,2020-09-20 19:49:44,Average product rating out of 5: 4.8. Product score is based on 12 ratings,12,Was $12.99 27/02/2017,True
13e9076d-6762-400d-9e85-86a905a24635,Woolworths Supermarket,Health & Beauty,Rosken Skin Repair Hand Cream For Dry Skin 75ml,213349,$2.75,$3.67 / 100ML,https://www.woolworths.com.au/shop/productdetails/213349/rosken-skin-repair-hand-cream-for-dry-skin,https://cdn0.woolworths.media/content/wowproductimages/medium/213349.jpg,2020-09-20 19:49:44,Average product rating out of 5: 4.5. Product score is based on 13 ratings,13,,True
55520305-294f-44f3-a69c-a9fa597da7e3,Woolworths Supermarket,Health & Beauty,Clearasil Facial Scrub Blackhead Clearing 150ml,213800,$10.70,$7.13 / 100ML,https://www.woolworths.com.au/shop/productdetails/213800/clearasil-facial-scrub-blackhead-clearing,https://cdn0.woolworths.media/content/wowproductimages/medium/213800.jpg,2020-09-20 19:49:44,Average product rating out of 5: 4.5. Product score is based on 2 ratings,2,,True
0c32ab85-4d51-4e49-8812-4257d6bbd7f7,Woolworths Supermarket,Health & Beauty,Neutrogena Makeup Remover Facial Wipes 25 pack,213893,$5.70,$0.23 / 1EA,https://www.woolworths.com.au/shop/productdetails/213893/neutrogena-makeup-remover-facial-wipes,https://cdn0.woolworths.media/content/wowproductimages/medium/213893.jpg,2020-09-20 19:49:44,Average product rating out of 5: 4.7. Product score is based on 7 ratings,7,,True
db06c662-d6d2-40ef-85ca-c2975ebdc377,Woolworths Supermarket,Health & Beauty,Colgate 360 Degrees Whole Mouth Clean Compact Head Toothbrush Soft each,214489,$4.00,$4.00 / 1EA,https://www.woolworths.com.au/shop/productdetails/214489/colgate-360-degrees-whole-mouth-clean-compact-head-toothbrush-soft,https://cdn0.woolworths.media/content/wowproductimages/medium/214489.jpg,2020-09-20 19:49:44,Average product rating out of 5: 3.5. Product score is based on 6 ratings,6,,True
a5480abb-9944-4c8c-a57f-8b148375c2c3,Woolworths Supermarket,Health & Beauty,Colgate 360 Degrees Whole Mouth Clean Compact Head Toothbrush Medium each,214684,$4.00,$4.00 / 1EA,https://www.woolworths.com.au/shop/productdetails/214684/colgate-360-degrees-whole-mouth-clean-compact-head-toothbrush-medium,https://cdn0.woolworths.media/content/wowproductimages/medium/214684.jpg,2020-09-20 19:49:44,Average product rating out of 5: 4.8. Product score is based on 6 ratings,6,,True
b0df267e-5b07-426b-8f84-52a02cf0dbe5,Woolworths Supermarket,Health & Beauty,Blackmores Multivitamin For Women 50 pack,215177,$20.00,$40.00 / 100EA,https://www.woolworths.com.au/shop/productdetails/215177/blackmores-multivitamin-for-women,https://cdn0.woolworths.media/content/wowproductimages/medium/215177.jpg,2020-09-20 19:49:44,Average product rating out of 5: 4.6. Product score is based on 8 ratings,8,Was $24.99 7/11/2016,True
54763f29-be37-4ae9-85ad-1616e53b758c,Woolworths Supermarket,Health & Beauty,Clairol Nice N Easy 118c Chestnut Brown each,215930,$9.00,,https://www.woolworths.com.au/shop/productdetails/215930/clairol-nice-n-easy-118c-chestnut-brown,https://cdn0.woolworths.media/content/wowproductimages/medium/215930.jpg,2020-09-20 19:49:44,,0,Was $13.00 06/08/2018,True
b88f7aef-2f89-44a3-af34-005a10fe47cb,Woolworths Supermarket,Health & Beauty,Clairol Nice N Easy 5g Natural Medium Golden Brown each,215932,$9.00,,https://www.woolworths.com.au/shop/productdetails/215932/clairol-nice-n-easy-5g-natural-medium-golden-brown,https://cdn0.woolworths.media/content/wowproductimages/medium/215932.jpg,2020-09-20 19:49:44,Average product rating out of 5: 3.0. Product score is based on 1 ratings,1,Was $13.00 06/08/2018,True
a62e33a3-2371-42e6-9b49-09f5d2ff5803,Woolworths Supermarket,Health & Beauty,Poise Incontinence Liners Light Absorbency 18 pack,215951,$2.50,$0.14 / 1EA,https://www.woolworths.com.au/shop/productdetails/215951/poise-incontinence-liners-light-absorbency,https://cdn0.woolworths.media/content/wowproductimages/medium/215951.jpg,2020-09-20 19:49:44,,0,,True
57f5478e-3ccf-4ce5-9dba-54d596926aca,Woolworths Supermarket,Health & Beauty,Cenovis Ginkgo Biloba 2000 Tablets Value Pack 100 pack,216943,$16.00,$16.00 / 100EA,https://www.woolworths.com.au/shop/productdetails/216943/cenovis-ginkgo-biloba-2000-tablets-value-pack,https://cdn0.woolworths.media/content/wowproductimages/medium/216943.jpg,2020-09-20 19:49:44,Average product rating out of 5: 4.3. Product score is based on 3 ratings,3,,True
50f7cdb8-c4cb-4b4e-97b6-34482303a778,Woolworths Supermarket,Health & Beauty,Atkins Advantage Bar Chocolate Decadence 60g,217314,$4.50,$7.50 / 100G,https://www.woolworths.com.au/shop/productdetails/217314/atkins-advantage-bar-chocolate-decadence,https://cdn0.woolworths.media/content/wowproductimages/medium/217314.jpg,2020-09-20 19:49:44,Average product rating out of 5: 5.0. Product score is based on 5 ratings,5,,True
f8e66dc4-ca9f-4041-92dc-de29c1046e2e,Woolworths Supermarket,Health & Beauty,Atkins Advantage Shake Mix Chocolate 330g,217378,$22.00,$6.67 / 100G,https://www.woolworths.com.au/shop/productdetails/217378/atkins-advantage-shake-mix-chocolate,https://cdn0.woolworths.media/content/wowproductimages/medium/217378.jpg,2020-09-20 19:49:44,Average product rating out of 5: 3.7. Product score is based on 10 ratings,10,,True
cbc1fbc7-f64a-4120-846c-d0e5ec68e2f9,Woolworths Supermarket,Health & Beauty,Radox Body Wash Feel Extreme 1l,218383,$7.00,$0.70 / 100ML,https://www.woolworths.com.au/shop/productdetails/218383/radox-body-wash-feel-extreme,https://cdn0.woolworths.media/content/wowproductimages/medium/218383.jpg,2020-09-20 19:49:44,Average product rating out of 5: 4.2. Product score is based on 18 ratings,18,Was $9.40 29/03/2016,True
b69ca6c7-2188-4fa1-9174-0bad6234802c,Woolworths Supermarket,Health & Beauty,John Frieda Brilliant Brunette Colour Protect Moisturising Shampoo 250ml,219061,$16.00,$6.40 / 100ML,https://www.woolworths.com.au/shop/productdetails/219061/john-frieda-brilliant-brunette-colour-protect-moisturising-shampoo,https://cdn0.woolworths.media/content/wowproductimages/medium/219061.jpg,2020-09-20 19:49:44,Average product rating out of 5: 4.5. Product score is based on 2 ratings,2,,True
beddfd41-326e-4460-8a78-c916d57be589,Woolworths Supermarket,Health & Beauty,Vo5 Extreme Style Clay Paste Matt Finish For Definition 85g,219228,$7.50,$8.82 / 100G,https://www.woolworths.com.au/shop/productdetails/219228/vo5-extreme-style-clay-paste-matt-finish-for-definition,https://cdn0.woolworths.media/content/wowproductimages/medium/219228.jpg,2020-09-20 19:49:44,Average product rating out of 5: 4.5. Product score is based on 2 ratings,2,Was $9 21/08/2017,True
14076ea5-07d2-455e-ab00-ebc567746844,Woolworths Supermarket,Health & Beauty,Swisspers Cotton Tips 400pk,220006,$5.50,$1.38 / 100EA,https://www.woolworths.com.au/shop/productdetails/220006/swisspers-cotton-tips,https://cdn0.woolworths.media/content/wowproductimages/medium/220006.jpg,2020-09-20 19:49:44,Average product rating out of 5: 4.4. Product score is based on 42 ratings,42,,True
a73f6468-0287-4083-b4ae-16f015106336,Woolworths Supermarket,Health & Beauty,Cancer Council Kids Spf 50+ Sunscreen 110ml,221577,$10.00,$9.09 / 100ML,https://www.woolworths.com.au/shop/productdetails/221577/cancer-council-kids-spf-50-sunscreen,https://cdn0.woolworths.media/content/wowproductimages/medium/221577.jpg,2020-09-20 19:49:44,Average product rating out of 5: 4.9. Product score is based on 8 ratings,8,,True
8fd690c9-5ef3-4828-9562-09b2b3b0730b,Woolworths Supermarket,Health & Beauty,Atkins Endulge Bar Milk Chocolate 30g,224197,$3.00,$10.00 / 100G,https://www.woolworths.com.au/shop/productdetails/224197/atkins-endulge-bar-milk-chocolate,https://cdn0.woolworths.media/content/wowproductimages/medium/224197.jpg,2020-09-20 19:49:44,Average product rating out of 5: 4.0. Product score is based on 6 ratings,6,,True
5e78eb03-4293-45e1-b366-517df37e18a9,Woolworths Supermarket,Health & Beauty,Clean & Clear Morning Burst Scrub Morning Burst 141g,224605,$9.50,$6.74 / 100G,https://www.woolworths.com.au/shop/productdetails/224605/clean-clear-morning-burst-scrub-morning-burst,https://cdn0.woolworths.media/content/wowproductimages/medium/224605.jpg,2020-09-20 19:49:44,Average product rating out of 5: 5.0. Product score is based on 3 ratings,3,,True
4a63f8cb-184e-467e-8e6e-168de4dc6e56,Woolworths Supermarket,Health & Beauty,Clean & Clear Morning Burst Facial Cleanser 240ml,224607,$9.50,$3.96 / 100ML,https://www.woolworths.com.au/shop/productdetails/224607/clean-clear-morning-burst-facial-cleanser,https://cdn0.woolworths.media/content/wowproductimages/medium/224607.jpg,2020-09-20 19:49:44,Average product rating out of 5: 4.8. Product score is based on 5 ratings,5,,True
d63eb4d2-fecb-48c6-8569-c8ae4cf8f59e,Woolworths Supermarket,Health & Beauty,Nivea For Men Face Care Moisturiser Extra Soothing 75ml,225026,$12.00,$16.00 / 100ML,https://www.woolworths.com.au/shop/productdetails/225026/nivea-for-men-face-care-moisturiser-extra-soothing,https://cdn0.woolworths.media/content/wowproductimages/medium/225026.jpg,2020-09-20 19:49:44,Average product rating out of 5: 4.6. Product score is based on 8 ratings,8,,True
63acf479-75a7-4b12-a9f5-f32cd26c1470,Woolworths Supermarket,Health & Beauty,Metamucil Orange Smooth Fibre 114 Doses 673g,225322,$31.50,$4.68 / 100G,https://www.woolworths.com.au/shop/productdetails/225322/metamucil-orange-smooth-fibre-114-doses,https://cdn0.woolworths.media/content/wowproductimages/medium/225322.jpg,2020-09-20 19:49:44,Average product rating out of 5: 5.0. Product score is based on 17 ratings,17,,True
6c9aa3a3-4129-4543-898d-cb1cc7032b50,Woolworths Supermarket,Health & Beauty,Quick-eze Chewy Forest Berry Antacid Tablets 8ea,225441,$2.30,$0.29 / 1EA,https://www.woolworths.com.au/shop/productdetails/225441/quick-eze-chewy-forest-berry-antacid-tablets,https://cdn0.woolworths.media/content/wowproductimages/medium/225441.jpg,2020-09-20 19:49:44,Average product rating out of 5: 4.3. Product score is based on 8 ratings,8,,True
bdf8a22f-0f0d-4761-ab0a-8a6470337cd5,Woolworths Supermarket,Health & Beauty,Band-aid Tough Strips Extra Large Fabric Bandages 10 pack,225613,$3.00,$0.30 / 1EA,https://www.woolworths.com.au/shop/productdetails/225613/band-aid-tough-strips-extra-large-fabric-bandages,https://cdn0.woolworths.media/content/wowproductimages/medium/225613.jpg,2020-09-20 19:49:44,Average product rating out of 5: 4.7. Product score is based on 10 ratings,10,,True
8f0689b3-6762-46d4-943b-79f8829583a9,Woolworths Supermarket,Health & Beauty,Band-aid Tough Strips Regular 20pk,225621,$2.85,$0.14 / 1EA,https://www.woolworths.com.au/shop/productdetails/225621/band-aid-tough-strips-regular,https://cdn0.woolworths.media/content/wowproductimages/medium/225621.jpg,2020-09-20 19:49:44,Average product rating out of 5: 4.6. Product score is based on 7 ratings,7,,True
0ca1ad90-171f-4597-b3e3-3ab683008ff6,Woolworths Supermarket,Health & Beauty,Elastoplast Plastic Plasters Water-resistant Assorted 40pk,225628,$3.60,$0.09 / 1EA,https://www.woolworths.com.au/shop/productdetails/225628/elastoplast-plastic-plasters-water-resistant-assorted,https://cdn0.woolworths.media/content/wowproductimages/medium/225628.jpg,2020-09-20 19:49:44,Average product rating out of 5: 4.5. Product score is based on 4 ratings,4,,True
ed1e616e-07a6-41b1-8ad3-e8db5b79c38d,Woolworths Supermarket,Health & Beauty,Nyal Tablets Relief Day And Night 24pk,225690,$12.00,$0.50 / 1EA,https://www.woolworths.com.au/shop/productdetails/225690/nyal-tablets-relief-day-and-night,https://cdn0.woolworths.media/content/wowproductimages/medium/225690.jpg,2020-09-20 19:49:44,Average product rating out of 5: 3.0. Product score is based on 2 ratings,2,,True
e8f0d110-f37b-447b-a552-39f7535deff3,Woolworths Supermarket,Health & Beauty,Libra Panty Liners Thin & Breathable 28 pack,225713,$2.30,$0.08 / 1EA,https://www.woolworths.com.au/shop/productdetails/225713/libra-panty-liners-thin-breathable,https://cdn0.woolworths.media/content/wowproductimages/medium/225713.jpg,2020-09-20 19:49:44,,0,,True
55b0d604-ef0c-4f67-a181-0b3857d33e95,Woolworths Supermarket,Health & Beauty,Advil Tablets 24 pack,225788,$4.50,$0.19 / 1EA,https://www.woolworths.com.au/shop/productdetails/225788/advil-tablets,https://cdn0.woolworths.media/content/wowproductimages/medium/225788.jpg,2020-09-20 19:49:44,Average product rating out of 5: 4.7. Product score is based on 13 ratings,13,Was $5 24/06/2019,True
0872c048-3e61-4d70-a5e7-12e0309b0a64,Woolworths Supermarket,Health & Beauty,Colgate Daily Fluoride Mouth Rinse Neutrafluor 220 473ml,226196,$12.20,$2.58 / 100ML,https://www.woolworths.com.au/shop/productdetails/226196/colgate-daily-fluoride-mouth-rinse-neutrafluor-220,https://cdn0.woolworths.media/content/wowproductimages/medium/226196.jpg,2020-09-20 19:49:44,Average product rating out of 5: 5.0. Product score is based on 6 ratings,6,,True
dadef4e9-b1fd-4a6c-afbd-3905db626d27,Woolworths Supermarket,Health & Beauty,Colgate Peppa Pig Kids Toothbrush Extra Soft 2-5 Years each,226446,$3.50,$3.50 / 1EA,https://www.woolworths.com.au/shop/productdetails/226446/colgate-peppa-pig-kids-toothbrush-extra-soft-2-5-years,https://cdn0.woolworths.media/content/wowproductimages/medium/226446.jpg,2020-09-20 19:49:44,Average product rating out of 5: 4.7. Product score is based on 12 ratings,12,Was $4.00 20/02/2017,True
47e02bea-2434-42a6-9900-7aa6d92cbc82,Woolworths Supermarket,Health & Beauty,Garnier Nutrisse Hair Colour 5 Chocolate Brown each,226712,$14.95,,https://www.woolworths.com.au/shop/productdetails/226712/garnier-nutrisse-hair-colour-5-chocolate-brown,https://cdn0.woolworths.media/content/wowproductimages/medium/226712.jpg,2020-09-20 19:49:44,Average product rating out of 5: 4.9. Product score is based on 7 ratings,7,,True
e94a579d-a50d-4730-bc27-ff1a19379103,Woolworths Supermarket,Health & Beauty,Tresemme Professional Hair Shampoo Moisture Rich 900ml,227495,$7.00,$0.78 / 100ML,https://www.woolworths.com.au/shop/productdetails/227495/tresemme-professional-hair-shampoo-moisture-rich,https://cdn0.woolworths.media/content/wowproductimages/medium/227495.jpg,2020-09-20 19:49:44,Average product rating out of 5: 4.3. Product score is based on 9 ratings,9,Was $10.50 13/02/2017,True
2d97327b-b892-4759-94fd-9f0588a6d01f,Woolworths Supermarket,Health & Beauty,Tresemme Professional Hair Shampoo Colour Revitalise 900ml,227516,$7.00,$0.78 / 100ML,https://www.woolworths.com.au/shop/productdetails/227516/tresemme-professional-hair-shampoo-colour-revitalise,https://cdn0.woolworths.media/content/wowproductimages/medium/227516.jpg,2020-09-20 19:49:44,Average product rating out of 5: 4.5. Product score is based on 8 ratings,8,Was $10.50 13/02/2017,True
09efc897-f04f-4c68-aabd-2b85db4c8eba,Woolworths Supermarket,Health & Beauty,Tresemme Professional Hair Shampoo Deep Cleansing 900ml,227523,$7.00,$0.78 / 100ML,https://www.woolworths.com.au/shop/productdetails/227523/tresemme-professional-hair-shampoo-deep-cleansing,https://cdn0.woolworths.media/content/wowproductimages/medium/227523.jpg,2020-09-20 19:49:44,Average product rating out of 5: 4.8. Product score is based on 13 ratings,13,Was $10.50 13/02/2017,True
608f3d93-e31e-4bc6-bfd3-b5ce68a1f26b,Woolworths Supermarket,Health & Beauty,Tresemme Professional Hair Conditioner Moisture Rich 900ml,227527,$7.00,$0.78 / 100ML,https://www.woolworths.com.au/shop/productdetails/227527/tresemme-professional-hair-conditioner-moisture-rich,https://cdn0.woolworths.media/content/wowproductimages/medium/227527.jpg,2020-09-20 19:49:44,Average product rating out of 5: 4.9. Product score is based on 8 ratings,8,Was $10.50 13/02/2017,True
32079825-0e4c-48f3-97c7-7c557b84f0e4,Woolworths Supermarket,Health & Beauty,Tresemme Professional Hair Conditioner Colour Revitalise 900ml,227529,$7.00,$0.78 / 100ML,https://www.woolworths.com.au/shop/productdetails/227529/tresemme-professional-hair-conditioner-colour-revitalise,https://cdn0.woolworths.media/content/wowproductimages/medium/227529.jpg,2020-09-20 19:49:44,Average product rating out of 5: 5.0. Product score is based on 8 ratings,8,Was $10.50 13/02/2017,True
96f82251-1663-4508-977a-dd30289103f5,Woolworths Supermarket,Health & Beauty,Tresemme Professional Hair Conditioner Remoisturise 900ml,227530,$7.00,$0.78 / 100ML,https://www.woolworths.com.au/shop/productdetails/227530/tresemme-professional-hair-conditioner-remoisturise,https://cdn0.woolworths.media/content/wowproductimages/medium/227530.jpg,2020-09-20 19:49:44,Average product rating out of 5: 4.8. Product score is based on 4 ratings,4,Was $10.50 13/02/2017,True
ca3a6509-deb0-4509-80cf-ee73ad062817,Woolworths Supermarket,Health & Beauty,Tresemme Hair Spray Extra Hold Salon Finish 360g,227552,$8.25,$2.29 / 100G,https://www.woolworths.com.au/shop/productdetails/227552/tresemme-hair-spray-extra-hold-salon-finish,https://cdn0.woolworths.media/content/wowproductimages/medium/227552.jpg,2020-09-20 19:49:44,Average product rating out of 5: 4.8. Product score is based on 8 ratings,8,,True
8025d340-7a3c-4fe5-ba3f-b4804f4dfa1e,Woolworths Supermarket,Health & Beauty,Garnier Fructis Style Curl Control Mousse 200ml,227749,$8.00,$4.00 / 100ML,https://www.woolworths.com.au/shop/productdetails/227749/garnier-fructis-style-curl-control-mousse,https://cdn0.woolworths.media/content/wowproductimages/medium/227749.jpg,2020-09-20 19:49:44,Average product rating out of 5: 4.5. Product score is based on 8 ratings,8,,True
4468f01b-2fd3-41eb-bd74-bee7ad0a90af,Woolworths Supermarket,Health & Beauty,Blackmores For Women Nails Hair & Skin Tablets 60 pack,228483,$15.50,$25.83 / 100EA,https://www.woolworths.com.au/shop/productdetails/228483/blackmores-for-women-nails-hair-skin-tablets,https://cdn0.woolworths.media/content/wowproductimages/medium/228483.jpg,2020-09-20 19:49:44,Average product rating out of 5: 3.8. Product score is based on 10 ratings,10,,True
ce4eab49-87fe-4326-9cd9-336dba403cd4,Woolworths Supermarket,Health & Beauty,Berocca Energy Vitamin Orange Effervescent Tablets 45 pack,228515,$22.80,$50.67 / 100EA,https://www.woolworths.com.au/shop/productdetails/228515/berocca-energy-vitamin-orange-effervescent-tablets,https://cdn0.woolworths.media/content/wowproductimages/medium/228515.jpg,2020-09-20 19:49:44,Average product rating out of 5: 5.0. Product score is based on 16 ratings,16,,True
77dae634-2bd8-4d97-ad05-eb14286f85f0,Woolworths Supermarket,Health & Beauty,Remifemin Menopause Relief Tablet 100 pack,228795,$22.00,$22.00 / 100EA,https://www.woolworths.com.au/shop/productdetails/228795/remifemin-menopause-relief-tablet,https://cdn0.woolworths.media/content/wowproductimages/medium/228795.jpg,2020-09-20 19:49:44,Average product rating out of 5: 5.0. Product score is based on 2 ratings,2,,True
5c90dab9-4f8a-43c6-9c9e-16d5388804b8,Woolworths Supermarket,Health & Beauty,L'oreal Men Expert Hydra Energetic 24 Hour Moisturiser 50ml,230026,$8.00,$16.00 / 100ML,https://www.woolworths.com.au/shop/productdetails/230026/l-oreal-men-expert-hydra-energetic-24-hour-moisturiser,https://cdn0.woolworths.media/content/wowproductimages/medium/230026.jpg,2020-09-20 19:49:44,Average product rating out of 5: 5.0. Product score is based on 3 ratings,3,,True
ebb0c150-874f-4f66-8bd2-d7de31447358,Woolworths Supermarket,Health & Beauty,L'oreal Face Care Men Expert Vita Lift 5 50ml,230033,$10.50,$21.00 / 100ML,https://www.woolworths.com.au/shop/productdetails/230033/l-oreal-face-care-men-expert-vita-lift-5,https://cdn0.woolworths.media/content/wowproductimages/medium/230033.jpg,2020-09-20 19:49:44,Average product rating out of 5: 4.7. Product score is based on 3 ratings,3,,True
51bd9224-0f3e-4af4-855e-b3cee080d6c3,Woolworths Supermarket,Health & Beauty,L'oreal Paris Men Expert Erase Wrinkle Moisturiser 50ml,230034,$10.00,$20.00 / 100ML,https://www.woolworths.com.au/shop/productdetails/230034/l-oreal-paris-men-expert-erase-wrinkle-moisturiser,https://cdn0.woolworths.media/content/wowproductimages/medium/230034.jpg,2020-09-20 19:49:44,Average product rating out of 5: 4.0. Product score is based on 1 ratings,1,,True
145e4b25-f79c-4963-9a1e-1e6a9cf11c60,Woolworths Supermarket,Health & Beauty,Essentials Pure Bar Soap Pure 8 pack,230539,$2.30,$0.29 / 1EA,https://www.woolworths.com.au/shop/productdetails/230539/essentials-pure-bar-soap-pure,https://cdn0.woolworths.media/content/wowproductimages/medium/230539.jpg,2020-09-20 19:49:44,Average product rating out of 5: 4.5. Product score is based on 38 ratings,38,,True
d7ba7502-f8fb-4503-8512-dbdd8bb3b07c,Woolworths Supermarket,Health & Beauty,Oscar Orsen Hair Bun Nets Light Brown 4 pack,231037,$4.00,,https://www.woolworths.com.au/shop/productdetails/231037/oscar-orsen-hair-bun-nets-light-brown,https://cdn0.woolworths.media/content/wowproductimages/medium/231037.jpg,2020-09-20 19:49:44,Average product rating out of 5: 4.0. Product score is based on 1 ratings,1,,True
d5468236-57e9-4ebb-96d3-f8deba4d2d54,Woolworths Supermarket,Health & Beauty,Oscar Orsen Small Pad Brush each,231054,$14.55,,https://www.woolworths.com.au/shop/productdetails/231054/oscar-orsen-small-pad-brush,https://cdn0.woolworths.media/content/wowproductimages/medium/231054.jpg,2020-09-20 19:49:44,Average product rating out of 5: 5.0. Product score is based on 2 ratings,2,,True
d53f954a-6710-4dd8-95cc-fde96a7c878d,Woolworths Supermarket,Health & Beauty,Oscar Orsen Hair Brush Pad Small each,231059,$6.00,,https://www.woolworths.com.au/shop/productdetails/231059/oscar-orsen-hair-brush-pad-small,https://cdn0.woolworths.media/content/wowproductimages/medium/231059.jpg,2020-09-20 19:49:44,Average product rating out of 5: 5.0. Product score is based on 1 ratings,1,,True
6b23bc5b-7ac9-4e46-b2fb-a3f149c0f17f,Woolworths Supermarket,Health & Beauty,Oscar Orsen Hair Brush Vent Large each,231062,$5.60,,https://www.woolworths.com.au/shop/productdetails/231062/oscar-orsen-hair-brush-vent-large,https://cdn0.woolworths.media/content/wowproductimages/medium/231062.jpg,2020-09-20 19:49:44,Average product rating out of 5: 4.7. Product score is based on 3 ratings,3,,True
c2160129-953a-464e-8a8d-1d41b29eda73,Woolworths Supermarket,Health & Beauty,Oscar Orsen Hair Brush Round Large each,231065,$6.00,,https://www.woolworths.com.au/shop/productdetails/231065/oscar-orsen-hair-brush-round-large,https://cdn0.woolworths.media/content/wowproductimages/medium/231065.jpg,2020-09-20 19:49:44,Average product rating out of 5: 5.0. Product score is based on 2 ratings,2,,True
b7b2ff30-d59e-437a-913d-9307c955699b,Woolworths Supermarket,Health & Beauty,Oscar Orsen Hair Brush Grooming each,231106,$5.60,,https://www.woolworths.com.au/shop/productdetails/231106/oscar-orsen-hair-brush-grooming,https://cdn0.woolworths.media/content/wowproductimages/medium/231106.jpg,2020-09-20 19:49:44,Average product rating out of 5: 4.0. Product score is based on 6 ratings,6,,True
fe95bb80-db9b-4b54-abb2-488266c20511,Woolworths Supermarket,Health & Beauty,Oscar Orsen Hair Vitaliser each,231109,$2.00,,https://www.woolworths.com.au/shop/productdetails/231109/oscar-orsen-hair-vitaliser,https://cdn0.woolworths.media/content/wowproductimages/medium/231109.jpg,2020-09-20 19:49:44,Average product rating out of 5: 3.6. Product score is based on 8 ratings,8,,True
e85d8e06-76e2-4979-aed2-e54ff31e6b8a,Woolworths Supermarket,Health & Beauty,Oscar Orsen Dressing Comb each,231133,$3.00,,https://www.woolworths.com.au/shop/productdetails/231133/oscar-orsen-dressing-comb,https://cdn0.woolworths.media/content/wowproductimages/medium/231133.jpg,2020-09-20 19:49:44,Average product rating out of 5: 2.0. Product score is based on 1 ratings,1,,True
81c6f9a5-dd4f-4897-9737-b496f3fcdf0c,Woolworths Supermarket,Health & Beauty,Oscar Orsen Comb Pocket 4 pack,231135,$2.19,,https://www.woolworths.com.au/shop/productdetails/231135/oscar-orsen-comb-pocket,https://cdn0.woolworths.media/content/wowproductimages/medium/231135.jpg,2020-09-20 19:49:44,Average product rating out of 5: 1.0. Product score is based on 1 ratings,1,,True
a8b62fc8-5fe9-4862-8232-27501a49fb33,Woolworths Supermarket,Health & Beauty,Woolworths Combs Multi Pack 4 pack,231136,$3.80,,https://www.woolworths.com.au/shop/productdetails/231136/woolworths-combs-multi-pack,https://cdn0.woolworths.media/content/wowproductimages/medium/231136.jpg,2020-09-20 19:49:44,Average product rating out of 5: 4.0. Product score is based on 2 ratings,2,,True
2f00e8a7-c71d-4012-a4a2-330dc00e262d,Woolworths Supermarket,Health & Beauty,Select Scissors Hairdressing each,231138,$10.00,,https://www.woolworths.com.au/shop/productdetails/231138/select-scissors-hairdressing,https://cdn0.woolworths.media/content/wowproductimages/medium/231138.jpg,2020-09-20 19:49:44,Average product rating out of 5: 3.5. Product score is based on 8 ratings,8,,True
d626430d-77e4-44ed-9f8b-f3d06595e64e,Woolworths Supermarket,Health & Beauty,Oscar Orsen Bambino Soft Kids Hair Ponytailer 30 pack,231151,$4.50,,https://www.woolworths.com.au/shop/productdetails/231151/oscar-orsen-bambino-soft-kids-hair-ponytailer,https://cdn0.woolworths.media/content/wowproductimages/medium/231151.jpg,2020-09-20 19:49:44,Average product rating out of 5: 5.0. Product score is based on 3 ratings,3,,True
464e648e-8998-48e7-b49c-6aa5c7592ec2,Woolworths Supermarket,Health & Beauty,Oscar Orsen Kids One Touch Hair Clip Assorted 10 pack,231161,$4.50,,https://www.woolworths.com.au/shop/productdetails/231161/oscar-orsen-kids-one-touch-hair-clip-assorted,https://cdn0.woolworths.media/content/wowproductimages/medium/231161.jpg,2020-09-20 19:49:44,,0,,True
e97a1005-a99d-4320-a3f3-0f4280fd3bba,Woolworths Supermarket,Health & Beauty,Oscar Orsen One Touch Hair Clip Black 10 pack,231197,$4.00,,https://www.woolworths.com.au/shop/productdetails/231197/oscar-orsen-one-touch-hair-clip-black,https://cdn0.woolworths.media/content/wowproductimages/medium/231197.jpg,2020-09-20 19:49:44,Average product rating out of 5: 4.0. Product score is based on 1 ratings,1,,True
88e89896-64e9-4e72-aecf-24be2de17943,Woolworths Supermarket,Health & Beauty,Oscar Orsen Hair Side Combs Shell 6 pack,231213,$3.30,,https://www.woolworths.com.au/shop/productdetails/231213/oscar-orsen-hair-side-combs-shell,https://cdn0.woolworths.media/content/wowproductimages/medium/231213.jpg,2020-09-20 19:49:44,Average product rating out of 5: 4.5. Product score is based on 2 ratings,2,,True
0b698899-2ef7-436e-9aac-1cd47aa12dca,Woolworths Supermarket,Health & Beauty,Select Headband Black each,231218,$2.99,,https://www.woolworths.com.au/shop/productdetails/231218/select-headband-black,https://cdn0.woolworths.media/content/wowproductimages/medium/231218.jpg,2020-09-20 19:49:44,Average product rating out of 5: 2.0. Product score is based on 1 ratings,1,,True
394eac45-5559-4e02-b360-b69d58e1e212,Woolworths Supermarket,Health & Beauty,Oscar Orsen Hair Claw Grip each,231249,$5.25,,https://www.woolworths.com.au/shop/productdetails/231249/oscar-orsen-hair-claw-grip,https://cdn0.woolworths.media/content/wowproductimages/medium/231249.jpg,2020-09-20 19:49:44,Average product rating out of 5: 5.0. Product score is based on 2 ratings,2,,True
857247ad-1671-469c-b107-9a7b649cadb5,Woolworths Supermarket,Health & Beauty,Oscar Orsen Hair Clip Ibis Black/shell 2 pack,231266,$4.50,,https://www.woolworths.com.au/shop/productdetails/231266/oscar-orsen-hair-clip-ibis-black-shell,https://cdn0.woolworths.media/content/wowproductimages/medium/231266.jpg,2020-09-20 19:49:44,Average product rating out of 5: 3.0. Product score is based on 2 ratings,2,,True
dc25955f-35ec-4ba4-95d0-9ba341181abe,Woolworths Supermarket,Health & Beauty,Oscar Orsen Wire Headband each,231281,$3.00,,https://www.woolworths.com.au/shop/productdetails/231281/oscar-orsen-wire-headband,https://cdn0.woolworths.media/content/wowproductimages/medium/231281.jpg,2020-09-20 19:49:44,Average product rating out of 5: 2.8. Product score is based on 4 ratings,4,,True
b95ed5a3-7dba-4c8d-98b0-675b0e20592d,Woolworths Supermarket,Health & Beauty,Oscar Orsen Large Flat Hair Elastics Black 10 pack,231322,$4.50,,https://www.woolworths.com.au/shop/productdetails/231322/oscar-orsen-large-flat-hair-elastics-black,https://cdn0.woolworths.media/content/wowproductimages/medium/231322.jpg,2020-09-20 19:49:44,Average product rating out of 5: 5.0. Product score is based on 3 ratings,3,,True
5bab4f0a-4c9e-4c0c-a8fe-359031e70475,Woolworths Supermarket,Health & Beauty,Oscar Orsen Large Flat Hair Elastics Brown 10 pack,231324,$4.50,,https://www.woolworths.com.au/shop/productdetails/231324/oscar-orsen-large-flat-hair-elastics-brown,https://cdn0.woolworths.media/content/wowproductimages/medium/231324.jpg,2020-09-20 19:49:44,Average product rating out of 5: 5.0. Product score is based on 1 ratings,1,,True
f6bf7b3a-88a1-48f4-91ad-5956e0092e0e,Woolworths Supermarket,Health & Beauty,Oscar Orsen Large Flat Hair Elastics Blonde 10 pack,231326,$4.50,,https://www.woolworths.com.au/shop/productdetails/231326/oscar-orsen-large-flat-hair-elastics-blonde,https://cdn0.woolworths.media/content/wowproductimages/medium/231326.jpg,2020-09-20 19:49:44,Average product rating out of 5: 5.0. Product score is based on 2 ratings,2,,True
01ac3e73-8850-42d6-8596-0a774e6ee025,Woolworths Supermarket,Health & Beauty,Oscar Orsen Soft Ponytailer Black 30 pack,231331,$4.50,,https://www.woolworths.com.au/shop/productdetails/231331/oscar-orsen-soft-ponytailer-black,https://cdn0.woolworths.media/content/wowproductimages/medium/231331.jpg,2020-09-20 19:49:44,Average product rating out of 5: 5.0. Product score is based on 1 ratings,1,,True
79274469-287b-4b78-9b9b-55e62e0187f4,Woolworths Supermarket,Health & Beauty,Oscar Orsen Scrunchy Scrunchie each,231379,$4.00,,https://www.woolworths.com.au/shop/productdetails/231379/oscar-orsen-scrunchy-scrunchie,https://cdn0.woolworths.media/content/wowproductimages/medium/231379.jpg,2020-09-20 19:49:44,Average product rating out of 5: 4.0. Product score is based on 1 ratings,1,,True
7ad69ee7-9c2e-494f-b202-a7fe384e3c43,Woolworths Supermarket,Health & Beauty,Rexona Women Antiperspirant Aerosol Deodorant Cotton Dry 250ml,231529,$5.00,$2.00 / 100ML,https://www.woolworths.com.au/shop/productdetails/231529/rexona-women-antiperspirant-aerosol-deodorant-cotton-dry,https://cdn0.woolworths.media/content/wowproductimages/medium/231529.jpg,2020-09-20 19:49:44,Average product rating out of 5: 4.8. Product score is based on 33 ratings,33,Was $7.00 24/01/2018,True
e23475e9-5dd8-43f2-8372-8b632cd070b8,Woolworths Supermarket,Health & Beauty,Nivea Pure Invisible Roll On Antiperspirant Deodorant 50ml,231634,$3.50,$7.00 / 100ML,https://www.woolworths.com.au/shop/productdetails/231634/nivea-pure-invisible-roll-on-antiperspirant-deodorant,https://cdn0.woolworths.media/content/wowproductimages/medium/231634.jpg,2020-09-20 19:49:44,Average product rating out of 5: 4.9. Product score is based on 17 ratings,17,Was $4 23/06/16,True
b56e61c2-0906-405a-b79b-1f81ad98612b,Woolworths Supermarket,Health & Beauty,Nivea Men Deodorant Roll On Cool Kick 50ml,231635,$3.50,$7.00 / 100ML,https://www.woolworths.com.au/shop/productdetails/231635/nivea-men-deodorant-roll-on-cool-kick,https://cdn0.woolworths.media/content/wowproductimages/medium/231635.jpg,2020-09-20 19:49:44,Average product rating out of 5: 4.1. Product score is based on 9 ratings,9,Was $4 23/06/16,True
08ab7bcb-6bc5-477b-ba54-6825f2a6a42e,Woolworths Supermarket,Health & Beauty,Nivea Sun Spf 30+ Sunscreen Spray Sunscreen 200ml,231755,$18.60,$9.30 / 100ML,https://www.woolworths.com.au/shop/productdetails/231755/nivea-sun-spf-30-sunscreen-spray-sunscreen,https://cdn0.woolworths.media/content/wowproductimages/medium/231755.jpg,2020-09-20 19:49:44,Average product rating out of 5: 4.5. Product score is based on 2 ratings,2,,True
3337e8f1-5e74-4dca-9cd5-109dc9f50b8e,Woolworths Supermarket,Health & Beauty,Clearasil Ultra Facial Scrub Deep Pore 150ml,231928,$14.50,$9.67 / 100ML,https://www.woolworths.com.au/shop/productdetails/231928/clearasil-ultra-facial-scrub-deep-pore,https://cdn0.woolworths.media/content/wowproductimages/medium/231928.jpg,2020-09-20 19:49:44,Average product rating out of 5: 5.0. Product score is based on 2 ratings,2,,True
a2c6a301-0b13-4db6-84f1-19780e134be0,Woolworths Supermarket,Health & Beauty,Clearasil Ultra Facial Cleanser Deep Pore Gel Wash 200ml,231929,$14.00,$7.00 / 100ML,https://www.woolworths.com.au/shop/productdetails/231929/clearasil-ultra-facial-cleanser-deep-pore-gel-wash,https://cdn0.woolworths.media/content/wowproductimages/medium/231929.jpg,2020-09-20 19:49:44,Average product rating out of 5: 5.0. Product score is based on 1 ratings,1,,True
bc2cb990-558e-4648-b796-5efb5f32178c,Woolworths Supermarket,Health & Beauty,Clearasil Ultra Facial Wipes Deep Pore 65pk,231930,$14.80,$0.23 / 1EA,https://www.woolworths.com.au/shop/productdetails/231930/clearasil-ultra-facial-wipes-deep-pore,https://cdn0.woolworths.media/content/wowproductimages/medium/231930.jpg,2020-09-20 19:49:44,Average product rating out of 5: 5.0. Product score is based on 16 ratings,16,,True
df813b97-ccd4-419a-8744-c342e30776dc,Woolworths Supermarket,Health & Beauty,Metamucil Daily Fibre Supplement Caps 160 pack,232249,$34.00,$0.21 / 1EA,https://www.woolworths.com.au/shop/productdetails/232249/metamucil-daily-fibre-supplement-caps,https://cdn0.woolworths.media/content/wowproductimages/medium/232249.jpg,2020-09-20 19:49:44,Average product rating out of 5: 4.7. Product score is based on 6 ratings,6,,True
ac9bd478-be99-437f-9477-486272a5e7f4,Woolworths Supermarket,Health & Beauty,First Response Pregnancy Test Instream Test 3pk,232256,$17.00,$5.67 / 1EA,https://www.woolworths.com.au/shop/productdetails/232256/first-response-pregnancy-test-instream-test,https://cdn0.woolworths.media/content/wowproductimages/medium/232256.jpg,2020-09-20 19:49:44,Average product rating out of 5: 5.0. Product score is based on 2 ratings,2,,True
655455bd-1e86-4dc4-89d2-2c57126cf2f9,Woolworths Supermarket,Health & Beauty,Elastoplast Weight Crepe Bandage Unstretched Medium 7.5cm x 1.6m,232258,$8.50,,https://www.woolworths.com.au/shop/productdetails/232258/elastoplast-weight-crepe-bandage-unstretched-medium,https://cdn0.woolworths.media/content/wowproductimages/medium/232258.jpg,2020-09-20 19:49:44,,0,,True
bd2fbeaf-5008-47fc-addb-aba7050b6e3e,Woolworths Supermarket,Health & Beauty,Mylanta 2go Antacids Double Strength Tabs 48pk,232259,$8.20,$0.17 / 1EA,https://www.woolworths.com.au/shop/productdetails/232259/mylanta-2go-antacids-double-strength-tabs,https://cdn0.woolworths.media/content/wowproductimages/medium/232259.jpg,2020-09-20 19:49:44,Average product rating out of 5: 5.0. Product score is based on 11 ratings,11,,True
ced75225-7b4f-49ec-888f-d3ad12b832b2,Woolworths Supermarket,Health & Beauty,Mylanta Antacids 24pk,232260,$5.30,$0.22 / 1EA,https://www.woolworths.com.au/shop/productdetails/232260/mylanta-antacids,https://cdn0.woolworths.media/content/wowproductimages/medium/232260.jpg,2020-09-20 19:49:44,Average product rating out of 5: 4.7. Product score is based on 10 ratings,10,,True
ef833728-7e75-4caa-a85c-751ea42bfd76,Woolworths Supermarket,Health & Beauty,Schick Razor Quattro For Women + 2 Blades each,232336,$6.50,,https://www.woolworths.com.au/shop/productdetails/232336/schick-razor-quattro-for-women-2-blades,https://cdn0.woolworths.media/content/wowproductimages/medium/232336.jpg,2020-09-20 19:49:44,Average product rating out of 5: 3.8. Product score is based on 8 ratings,8,Was $8.00 28/11/2018,True
84a78ddb-8304-4dba-be7d-1811984b3205,Woolworths Supermarket,Health & Beauty,Schick Razor Blades Quattro For Women Cartridges 4pk,232337,$10.00,$2.50 / 1EA,https://www.woolworths.com.au/shop/productdetails/232337/schick-razor-blades-quattro-for-women-cartridges,https://cdn0.woolworths.media/content/wowproductimages/medium/232337.jpg,2020-09-20 19:49:44,Average product rating out of 5: 4.4. Product score is based on 9 ratings,9,Was $12.00 28/11/2018,True
8ec976c7-3a87-49bd-a0e4-277c7c47a7e6,Woolworths Supermarket,Health & Beauty,Clairol Nice N Easy Root Touch-up 3 Black each,232629,$13.00,,https://www.woolworths.com.au/shop/productdetails/232629/clairol-nice-n-easy-root-touch-up-3-black,https://cdn0.woolworths.media/content/wowproductimages/medium/232629.jpg,2020-09-20 19:49:44,Average product rating out of 5: 5.0. Product score is based on 1 ratings,1,,True
b41ff2e7-c6e5-442e-a250-cb711afabc87,Woolworths Supermarket,Health & Beauty,Clairol Nice N Easy Root Touch-up 4 Dark Brown each,232632,$13.00,,https://www.woolworths.com.au/shop/productdetails/232632/clairol-nice-n-easy-root-touch-up-4-dark-brown,https://cdn0.woolworths.media/content/wowproductimages/medium/232632.jpg,2020-09-20 19:49:44,,0,,True
e51266e8-f1ff-4897-96c1-8ac0ac210b09,Woolworths Supermarket,Health & Beauty,Clairol Nice N Easy Root Touch-up 5 Medium Brown each,232635,$13.00,,https://www.woolworths.com.au/shop/productdetails/232635/clairol-nice-n-easy-root-touch-up-5-medium-brown,https://cdn0.woolworths.media/content/wowproductimages/medium/232635.jpg,2020-09-20 19:49:44,Average product rating out of 5: 4.7. Product score is based on 3 ratings,3,,True
a61b589d-8237-4e0a-8db2-d82df1ec9457,Woolworths Supermarket,Health & Beauty,Clairol Nice N Easy Root Touch-up 8 Medium Blonde each,232640,$13.00,,https://www.woolworths.com.au/shop/productdetails/232640/clairol-nice-n-easy-root-touch-up-8-medium-blonde,https://cdn0.woolworths.media/content/wowproductimages/medium/232640.jpg,2020-09-20 19:49:44,Average product rating out of 5: 4.0. Product score is based on 2 ratings,2,,True
5b546fe7-5fe5-4c16-8b5f-12ff15e5374c,Woolworths Supermarket,Health & Beauty,Polident Denture Whitening Cleanser 36 pack,232941,$5.65,$0.16 / 1EA,https://www.woolworths.com.au/shop/productdetails/232941/polident-denture-whitening-cleanser,https://cdn0.woolworths.media/content/wowproductimages/medium/232941.jpg,2020-09-20 19:49:44,Average product rating out of 5: 4.8. Product score is based on 18 ratings,18,,True
caf53a4b-8456-4ea2-9cdf-14eb60e7b3dc,Woolworths Supermarket,Health & Beauty,Cenovis Mega B Tablets Value Pack 200 pack,233147,$16.00,$8.00 / 100EA,https://www.woolworths.com.au/shop/productdetails/233147/cenovis-mega-b-tablets-value-pack,https://cdn0.woolworths.media/content/wowproductimages/medium/233147.jpg,2020-09-20 19:49:44,Average product rating out of 5: 4.5. Product score is based on 2 ratings,2,,True
be9dd57f-bc25-4bed-a5d5-f28476c97f33,Woolworths Supermarket,Health & Beauty,"Cenovis Garlic, Horseradish + C Complex Capsules 120 pack",233149,$16.50,$13.75 / 100EA,https://www.woolworths.com.au/shop/productdetails/233149/cenovis-garlic-horseradish-c-complex-capsules,https://cdn0.woolworths.media/content/wowproductimages/medium/233149.jpg,2020-09-20 19:49:44,Average product rating out of 5: 3.8. Product score is based on 5 ratings,5,,True
7834fcad-3cca-4955-8b2a-7c7102e61692,Woolworths Supermarket,Health & Beauty,Blackmores Vitamin D3 1000iu 60pk,233176,$10.00,$16.67 / 100EA,https://www.woolworths.com.au/shop/productdetails/233176/blackmores-vitamin-d3-1000iu,https://cdn0.woolworths.media/content/wowproductimages/medium/233176.jpg,2020-09-20 19:49:44,Average product rating out of 5: 5.0. Product score is based on 5 ratings,5,,True
1f65a901-79b0-46de-8deb-3c3538b12e2e,Woolworths Supermarket,Health & Beauty,U By Kotex Mini Tampons 16 pack,233238,$2.95,$0.18 / 1EA,https://www.woolworths.com.au/shop/productdetails/233238/u-by-kotex-mini-tampons,https://cdn0.woolworths.media/content/wowproductimages/medium/233238.jpg,2020-09-20 19:49:44,,0,,True
74a16422-5646-42ef-b4d3-0f4a545b5e18,Woolworths Supermarket,Health & Beauty,Tena Active Panty Liners Odour Control 30 pack,233250,$3.50,$0.12 / 1EA,https://www.woolworths.com.au/shop/productdetails/233250/tena-active-panty-liners-odour-control,https://cdn0.woolworths.media/content/wowproductimages/medium/233250.jpg,2020-09-20 19:49:44,,0,,True
fc91e0bc-9a6b-4287-95b1-139121de13df,Woolworths Supermarket,Health & Beauty,Stayfree Ultra Thin Pads Light With Wings 16 pack,233495,$4.50,$0.28 / 1EA,https://www.woolworths.com.au/shop/productdetails/233495/stayfree-ultra-thin-pads-light-with-wings,https://cdn0.woolworths.media/content/wowproductimages/medium/233495.jpg,2020-09-20 19:49:44,,0,,True
082df3f5-9d06-4104-9a2d-c88cd15fe10f,Woolworths Supermarket,Health & Beauty,John Frieda Sheer Highlight Activating Moisturising Conditioner 250ml,233730,$16.00,$6.40 / 100ML,https://www.woolworths.com.au/shop/productdetails/233730/john-frieda-sheer-highlight-activating-moisturising-conditioner,https://cdn0.woolworths.media/content/wowproductimages/medium/233730.jpg,2020-09-20 19:49:44,Average product rating out of 5: 5.0. Product score is based on 3 ratings,3,,True
c767d5fa-b7d0-4ebd-8c17-d1f43bdf6492,Woolworths Supermarket,Health & Beauty,John Frieda Brunette Colour Protecting Moisturising Conditioner 250ml,233784,$16.00,$6.40 / 100ML,https://www.woolworths.com.au/shop/productdetails/233784/john-frieda-brunette-colour-protecting-moisturising-conditioner,https://cdn0.woolworths.media/content/wowproductimages/medium/233784.jpg,2020-09-20 19:49:44,Average product rating out of 5: 5.0. Product score is based on 3 ratings,3,,True
6c21f7c6-3822-4cbc-a364-413533e85fc2,Woolworths Supermarket,Health & Beauty,Brut Deodorant Roll On Original 50ml,235626,$4.00,$8.00 / 100ML,https://www.woolworths.com.au/shop/productdetails/235626/brut-deodorant-roll-on-original,https://cdn0.woolworths.media/content/wowproductimages/medium/235626.jpg,2020-09-20 19:49:44,Average product rating out of 5: 4.8. Product score is based on 5 ratings,5,,True
3b6ece0b-2a53-4a8c-ae4d-be331af6632a,Woolworths Supermarket,Health & Beauty,Pears Soap Bar Transparent 3x125g,236128,$6.00,$1.60 / 100G,https://www.woolworths.com.au/shop/productdetails/236128/pears-soap-bar-transparent,https://cdn0.woolworths.media/content/wowproductimages/medium/236128.jpg,2020-09-20 19:49:44,Average product rating out of 5: 4.7. Product score is based on 34 ratings,34,,True
62b16bfa-455c-4486-b19b-0f256ac4d50c,Woolworths Supermarket,Health & Beauty,Neutrogena T/gel Anti-dandruff Conditioner 130ml,237133,$8.50,$6.54 / 100ML,https://www.woolworths.com.au/shop/productdetails/237133/neutrogena-t-gel-anti-dandruff-conditioner,https://cdn0.woolworths.media/content/wowproductimages/medium/237133.jpg,2020-09-20 19:49:44,Average product rating out of 5: 4.0. Product score is based on 2 ratings,2,,True
c3bc65e3-b073-47a1-a11a-24280752f0d1,Woolworths Supermarket,Health & Beauty,Neutrogena T Gel Anti Dandruff Shampoo & Cond Daily Control 200ml,237155,$6.30,$3.15 / 100ML,https://www.woolworths.com.au/shop/productdetails/237155/neutrogena-t-gel-anti-dandruff-shampoo-cond-daily-control,https://cdn0.woolworths.media/content/wowproductimages/medium/237155.jpg,2020-09-20 19:49:44,Average product rating out of 5: 4.6. Product score is based on 5 ratings,5,,True
3edb84a0-102f-4f5e-ae1d-ce5e06e5f398,Woolworths Supermarket,Health & Beauty,Band-aid Advanced Healing Hydro Seal Blister Block 4 pack,237747,$7.00,$1.75 / 1EA,https://www.woolworths.com.au/shop/productdetails/237747/band-aid-advanced-healing-hydro-seal-blister-block,https://cdn0.woolworths.media/content/wowproductimages/medium/237747.jpg,2020-09-20 19:49:44,Average product rating out of 5: 5.0. Product score is based on 2 ratings,2,,True
e594d0d0-8f38-43ad-84c3-10564717042f,Woolworths Supermarket,Health & Beauty,Dove Beauty Soap Bar Fresh Touch 4x100g,237827,$6.80,$1.70 / 100G,https://www.woolworths.com.au/shop/productdetails/237827/dove-beauty-soap-bar-fresh-touch,https://cdn0.woolworths.media/content/wowproductimages/medium/237827.jpg,2020-09-20 19:49:44,Average product rating out of 5: 4.9. Product score is based on 17 ratings,17,,True
6bd210e5-16a5-4d53-970b-4f6fab7d4b4a,Woolworths Supermarket,Health & Beauty,Health Basics Body Wash Dermatology Plus 1l,237850,$10.00,$1.00 / 100ML,https://www.woolworths.com.au/shop/productdetails/237850/health-basics-body-wash-dermatology-plus,https://cdn0.woolworths.media/content/wowproductimages/medium/237850.jpg,2020-09-20 19:49:44,Average product rating out of 5: 4.9. Product score is based on 35 ratings,35,,True
49b1dbfd-26df-44a8-9971-61d173e11b5d,Woolworths Supermarket,Health & Beauty,Colgate Plax Alcohol Free Mouthwash Freshmint 1l,238473,$8.00,$0.80 / 100ML,https://www.woolworths.com.au/shop/productdetails/238473/colgate-plax-alcohol-free-mouthwash-freshmint,https://cdn0.woolworths.media/content/wowproductimages/medium/238473.jpg,2020-09-20 19:49:44,Average product rating out of 5: 4.6. Product score is based on 12 ratings,12,,True
572be3d1-055a-4553-b0cb-e67485862608,Woolworths Supermarket,Health & Beauty,Colgate Zigzag Deep Interdental Clean Toothbrush Medium 6 pack,238512,$10.00,$1.67 / 1EA,https://www.woolworths.com.au/shop/productdetails/238512/colgate-zigzag-deep-interdental-clean-toothbrush-medium,https://cdn0.woolworths.media/content/wowproductimages/medium/238512.jpg,2020-09-20 19:49:44,Average product rating out of 5: 4.8. Product score is based on 14 ratings,14,Was $10.99 27/04/2016,True
2224fc49-8f3e-42b6-9905-f95c1c3f49a0,Woolworths Supermarket,Health & Beauty,Atkins Endulge Bar Caramel Nut Chew 34g,244810,$3.00,$8.82 / 100G,https://www.woolworths.com.au/shop/productdetails/244810/atkins-endulge-bar-caramel-nut-chew,https://cdn0.woolworths.media/content/wowproductimages/medium/244810.jpg,2020-09-20 19:49:44,Average product rating out of 5: 4.7. Product score is based on 15 ratings,15,,True
3ee80ba5-5bac-4fbc-bcf8-389222af1a11,Woolworths Supermarket,Health & Beauty,Panadol Children Fever And Pain Relief Strawberry Soluble Tablets 16 pack,244959,$4.00,$0.25 / 1EA,https://www.woolworths.com.au/shop/productdetails/244959/panadol-children-fever-and-pain-relief-strawberry-soluble-tablets,https://cdn0.woolworths.media/content/wowproductimages/medium/244959.jpg,2020-09-20 19:49:44,Average product rating out of 5: 3.5. Product score is based on 2 ratings,2,,True
46db57c6-6096-4923-bfe6-a0de9da8bb72,Woolworths Supermarket,Health & Beauty,Eylure Eyelashes Pre Glued Ready To Wear each,245010,$10.00,,https://www.woolworths.com.au/shop/productdetails/245010/eylure-eyelashes-pre-glued-ready-to-wear,https://cdn0.woolworths.media/content/wowproductimages/medium/245010.jpg,2020-09-20 19:49:44,Average product rating out of 5: 4.0. Product score is based on 1 ratings,1,,True
2b85e08c-fac0-4350-b84d-160f6a5768cc,Woolworths Supermarket,Health & Beauty,Nivea For Men Shave Gel Moisturising 200ml,248013,$4.20,$2.10 / 100ML,https://www.woolworths.com.au/shop/productdetails/248013/nivea-for-men-shave-gel-moisturising,https://cdn0.woolworths.media/content/wowproductimages/medium/248013.jpg,2020-09-20 19:49:44,Average product rating out of 5: 4.3. Product score is based on 3 ratings,3,,True
d537a7a5-c5bd-4630-b320-90646a1d8d88,Woolworths Supermarket,Health & Beauty,Bonjela Gel Mouth Ulcer 15g,248025,$9.40,$62.67 / 100G,https://www.woolworths.com.au/shop/productdetails/248025/bonjela-gel-mouth-ulcer,https://cdn0.woolworths.media/content/wowproductimages/medium/248025.jpg,2020-09-20 19:49:44,Average product rating out of 5: 4.7. Product score is based on 7 ratings,7,,True
44202b2b-f4f1-45e5-9052-b72219fb246b,Woolworths Supermarket,Health & Beauty,Colgate 2 In 1 Toothpaste & Mouthwash Whitening Liquid Gel 130g,248055,$5.35,$4.12 / 100G,https://www.woolworths.com.au/shop/productdetails/248055/colgate-2-in-1-toothpaste-mouthwash-whitening-liquid-gel,https://cdn0.woolworths.media/content/wowproductimages/medium/248055.jpg,2020-09-20 19:49:44,Average product rating out of 5: 4.9. Product score is based on 10 ratings,10,,True
b01fadeb-9f55-4fe4-9958-efb0fb6868d7,Woolworths Supermarket,Health & Beauty,King Of Shaves Advanced Shave Oil 20ml,248067,$8.00,$40.00 / 100ML,https://www.woolworths.com.au/shop/productdetails/248067/king-of-shaves-advanced-shave-oil,https://cdn0.woolworths.media/content/wowproductimages/medium/248067.jpg,2020-09-20 19:49:44,Average product rating out of 5: 4.8. Product score is based on 5 ratings,5,,True
be6763fb-a9be-462e-b58b-941197418063,Woolworths Supermarket,Health & Beauty,Brut Deodorant Aerosol Anti Perspirant Endurance 150g,248071,$6.30,$2.57 / 100ML,https://www.woolworths.com.au/shop/productdetails/248071/brut-deodorant-aerosol-anti-perspirant-endurance,https://cdn0.woolworths.media/content/wowproductimages/medium/248071.jpg,2020-09-20 19:49:44,Average product rating out of 5: 4.9. Product score is based on 9 ratings,9,,True
fa8f0f1c-0104-446a-9da3-1e22515c2a8a,Woolworths Supermarket,Health & Beauty,Wet Stuff Lubricants Lubricant Gold 270g,248082,$8.00,$2.96 / 100G,https://www.woolworths.com.au/shop/productdetails/248082/wet-stuff-lubricants-lubricant-gold,https://cdn0.woolworths.media/content/wowproductimages/medium/248082.jpg,2020-09-20 19:49:44,Average product rating out of 5: 5.0. Product score is based on 6 ratings,6,,True
3df706f6-ce68-428e-86e1-4ca580a6df3f,Woolworths Supermarket,Health & Beauty,Nad's Hair Removal Cream For Men 200ml,248104,$11.00,$5.50 / 100ML,https://www.woolworths.com.au/shop/productdetails/248104/nad-s-hair-removal-cream-for-men,https://cdn0.woolworths.media/content/wowproductimages/medium/248104.jpg,2020-09-20 19:49:44,Average product rating out of 5: 5.0. Product score is based on 1 ratings,1,,True
5c97226e-11c6-4b05-9c4b-409c482046dc,Woolworths Supermarket,Health & Beauty,Nivea For Men Face Care Moisturiser Protective Spf15+ 75ml,248324,$12.00,$16.00 / 100ML,https://www.woolworths.com.au/shop/productdetails/248324/nivea-for-men-face-care-moisturiser-protective-spf15-,https://cdn0.woolworths.media/content/wowproductimages/medium/248324.jpg,2020-09-20 19:49:44,Average product rating out of 5: 4.5. Product score is based on 4 ratings,4,,True
5a038068-4ad6-4036-a9bc-52b2eb45e81b,Woolworths Supermarket,Health & Beauty,Band-aid Waterproof Tough Strips 20 pack,248657,$4.00,$0.20 / 1EA,https://www.woolworths.com.au/shop/productdetails/248657/band-aid-waterproof-tough-strips,https://cdn0.woolworths.media/content/wowproductimages/medium/248657.jpg,2020-09-20 19:49:44,Average product rating out of 5: 4.5. Product score is based on 12 ratings,12,,True
1822d03b-d152-4709-8d6d-28c4211cdf45,Woolworths Supermarket,Health & Beauty,Neutrogena Fresh Foaming Cleanser 200ml,248761,$9.30,$4.65 / 100ML,https://www.woolworths.com.au/shop/productdetails/248761/neutrogena-fresh-foaming-cleanser,https://cdn0.woolworths.media/content/wowproductimages/medium/248761.jpg,2020-09-20 19:49:44,Average product rating out of 5: 4.8. Product score is based on 4 ratings,4,,True
50656082-6cd0-4614-ba7a-71982e32deef,Woolworths Supermarket,Health & Beauty,Du'it Tough Hands Intensive Repair Cream 150g,248792,$10.45,$6.97 / 100G,https://www.woolworths.com.au/shop/productdetails/248792/du-it-tough-hands-intensive-repair-cream,https://cdn0.woolworths.media/content/wowproductimages/medium/248792.jpg,2020-09-20 19:49:44,Average product rating out of 5: 4.7. Product score is based on 18 ratings,18,,True
b68b4ca9-ede5-4d1b-8192-89ee08ac19f9,Woolworths Supermarket,Health & Beauty,Colgate Cavity Protection Great Regular Flavour Toothpaste 120g,248888,$2.49,$2.08 / 100G,https://www.woolworths.com.au/shop/productdetails/248888/colgate-cavity-protection-great-regular-flavour-toothpaste,https://cdn0.woolworths.media/content/wowproductimages/medium/248888.jpg,2020-09-20 19:49:44,Average product rating out of 5: 4.8. Product score is based on 11 ratings,11,,True
2f68423a-ab3f-4887-9eaa-dfb7e201fbb3,Woolworths Supermarket,Health & Beauty,Colgate Kids Toothpaste Sparkling Mint Gel Minions 6+ Years 110g,248889,$2.30,$2.09 / 100G,https://www.woolworths.com.au/shop/productdetails/248889/colgate-kids-toothpaste-sparkling-mint-gel-minions-6-years,https://cdn0.woolworths.media/content/wowproductimages/medium/248889.jpg,2020-09-20 19:49:44,Average product rating out of 5: 4.8. Product score is based on 25 ratings,25,,True
44533a89-496f-48cc-a0f1-194492684d42,Woolworths Supermarket,Health & Beauty,Colgate Advanced Whitening Tartar Control Toothpaste 120g,248895,$2.40,$2.00 / 100G,https://www.woolworths.com.au/shop/productdetails/248895/colgate-advanced-whitening-tartar-control-toothpaste,https://cdn0.woolworths.media/content/wowproductimages/medium/248895.jpg,2020-09-20 19:49:44,Average product rating out of 5: 4.2. Product score is based on 26 ratings,26,,True
321212fe-ebf6-4ed3-a844-3e4330227d06,Woolworths Supermarket,Health & Beauty,Colgate Peppa Pig Kids Toothpaste Sparkling Mint Gel 2-5 Years 80g,248897,$2.10,$2.63 / 100G,https://www.woolworths.com.au/shop/productdetails/248897/colgate-peppa-pig-kids-toothpaste-sparkling-mint-gel-2-5-years,https://cdn0.woolworths.media/content/wowproductimages/medium/248897.jpg,2020-09-20 19:49:44,Average product rating out of 5: 4.4. Product score is based on 51 ratings,51,,True
c64a58d3-e3fe-41f7-9347-9d02e2f09eb0,Woolworths Supermarket,Health & Beauty,Nicabate Quit Smoking 24 Hour Patch Step 1 21 Mg 7 pack,249250,$35.00,$5.00 / 1EA,https://www.woolworths.com.au/shop/productdetails/249250/nicabate-quit-smoking-24-hour-patch-step-1-21-mg,https://cdn0.woolworths.media/content/wowproductimages/medium/249250.jpg,2020-09-20 19:49:44,Average product rating out of 5: 3.0. Product score is based on 3 ratings,3,,True
03aca043-6756-4256-b52d-536b8d73c18d,Woolworths Supermarket,Health & Beauty,Nicabate Quit Smoking 24 Hour Patch Step 2 14 Mg 7 pack,249252,$35.00,$5.00 / 1EA,https://www.woolworths.com.au/shop/productdetails/249252/nicabate-quit-smoking-24-hour-patch-step-2-14-mg,https://cdn0.woolworths.media/content/wowproductimages/medium/249252.jpg,2020-09-20 19:49:44,Average product rating out of 5: 5.0. Product score is based on 1 ratings,1,,True
ced58e83-5023-42b1-bb88-780549a225d8,Woolworths Supermarket,Health & Beauty,Tresemme Hair Spray Extra Hold Salon Finish 75g,250242,$4.00,$5.33 / 100G,https://www.woolworths.com.au/shop/productdetails/250242/tresemme-hair-spray-extra-hold-salon-finish,https://cdn0.woolworths.media/content/wowproductimages/medium/250242.jpg,2020-09-20 19:49:44,Average product rating out of 5: 5.0. Product score is based on 2 ratings,2,,True
8acfa701-14a2-4781-9ab0-b8597633110e,Woolworths Supermarket,Health & Beauty,Tena Active Panty Liners Long 39 pack,250400,$5.00,$0.13 / 1EA,https://www.woolworths.com.au/shop/productdetails/250400/tena-active-panty-liners-long,https://cdn0.woolworths.media/content/wowproductimages/medium/250400.jpg,2020-09-20 19:49:44,,0,,True
9438a623-2db4-407d-b073-584ef9ab253e,Woolworths Supermarket,Health & Beauty,Radox Body Wash Feel Heavenly With Coconut Extract 1l,250895,$7.00,$0.70 / 100ML,https://www.woolworths.com.au/shop/productdetails/250895/radox-body-wash-feel-heavenly-with-coconut-extract,https://cdn0.woolworths.media/content/wowproductimages/medium/250895.jpg,2020-09-20 19:49:44,Average product rating out of 5: 4.8. Product score is based on 15 ratings,15,Was $9.40 29/03/2016,True
2acb38f9-7af6-4d18-82e9-7b226107d059,Woolworths Supermarket,Health & Beauty,Lynx Men Body Wash Africa 400ml,250915,$4.00,$1.00 / 100ML,https://www.woolworths.com.au/shop/productdetails/250915/lynx-men-body-wash-africa,https://cdn0.woolworths.media/content/wowproductimages/medium/250915.jpg,2020-09-20 19:49:44,Average product rating out of 5: 4.7. Product score is based on 15 ratings,15,,True
38bdecf5-9a82-467a-bf75-e4dc8230db0b,Woolworths Supermarket,Health & Beauty,Palmolive Naturals Body Wash Shea Butter Shower Gel 500ml,251043,$5.00,$1.00 / 100ML,https://www.woolworths.com.au/shop/productdetails/251043/palmolive-naturals-body-wash-shea-butter-shower-gel,https://cdn0.woolworths.media/content/wowproductimages/medium/251043.jpg,2020-09-20 19:49:44,Average product rating out of 5: 4.5. Product score is based on 21 ratings,21,,True
43724423-3e14-454b-9790-2e0cff3c06e4,Woolworths Supermarket,Health & Beauty,Neutrogena Oil-free Moisture Spf 15 115ml,251128,$10.15,$8.83 / 100ML,https://www.woolworths.com.au/shop/productdetails/251128/neutrogena-oil-free-moisture-spf-15,https://cdn0.woolworths.media/content/wowproductimages/medium/251128.jpg,2020-09-20 19:49:44,,0,,True
6e8abfaf-d14e-49e8-81aa-464eecb54cc5,Woolworths Supermarket,Health & Beauty,Cenovis Mega Calcium + D Tablets Value Pack 200 pack,252239,$16.00,$8.00 / 100EA,https://www.woolworths.com.au/shop/productdetails/252239/cenovis-mega-calcium-d-tablets-value-pack,https://cdn0.woolworths.media/content/wowproductimages/medium/252239.jpg,2020-09-20 19:49:44,Average product rating out of 5: 4.8. Product score is based on 4 ratings,4,,True
aefc8afe-184d-4584-ae86-cccadbeff19e,Woolworths Supermarket,Health & Beauty,Nivea Pearl & Beauty Roll On Antiperspirant Deodorant 50ml,253574,$3.50,$7.00 / 100ML,https://www.woolworths.com.au/shop/productdetails/253574/nivea-pearl-beauty-roll-on-antiperspirant-deodorant,https://cdn0.woolworths.media/content/wowproductimages/medium/253574.jpg,2020-09-20 19:49:44,Average product rating out of 5: 4.8. Product score is based on 35 ratings,35,Was $4 23/06/16,True
a4844fec-3396-4e7d-90df-8523ac907726,Woolworths Supermarket,Health & Beauty,Olay Complete Moisturiser Lotion Uv Protection Normal/dry Spf15 150ml,253582,$15.40,$10.27 / 100ML,https://www.woolworths.com.au/shop/productdetails/253582/olay-complete-moisturiser-lotion-uv-protection-normal-dry-spf15,https://cdn0.woolworths.media/content/wowproductimages/medium/253582.jpg,2020-09-20 19:49:44,Average product rating out of 5: 4.8. Product score is based on 6 ratings,6,,True
6ac91013-cc40-4069-b106-2c80d9f63e0f,Woolworths Supermarket,Health & Beauty,Olay Complete Moisturiser Lotion Uv Protection Sensitive Spf15 150ml,253583,$15.40,$10.27 / 100ML,https://www.woolworths.com.au/shop/productdetails/253583/olay-complete-moisturiser-lotion-uv-protection-sensitive-spf15,https://cdn0.woolworths.media/content/wowproductimages/medium/253583.jpg,2020-09-20 19:49:44,Average product rating out of 5: 4.9. Product score is based on 16 ratings,16,,True
954b6729-b441-4863-86a7-0497d12af6e0,Woolworths Supermarket,Health & Beauty,Neutrogena Deep Clean Invigorating Scrub 125ml,253606,$14.00,$11.20 / 100ML,https://www.woolworths.com.au/shop/productdetails/253606/neutrogena-deep-clean-invigorating-scrub,https://cdn0.woolworths.media/content/wowproductimages/medium/253606.jpg,2020-09-20 19:49:44,Average product rating out of 5: 4.0. Product score is based on 1 ratings,1,,True
a5745d3a-ec89-42a5-a74a-97576326ae04,Woolworths Supermarket,Health & Beauty,Colgate Triple Action Original Mint Fluoride Toothpaste 160g,253814,$2.99,$1.87 / 100G,https://www.woolworths.com.au/shop/productdetails/253814/colgate-triple-action-original-mint-fluoride-toothpaste,https://cdn0.woolworths.media/content/wowproductimages/medium/253814.jpg,2020-09-20 19:49:44,Average product rating out of 5: 4.6. Product score is based on 53 ratings,53,,True
582c20a1-f046-472a-ad50-c8b3c3b5c3a2,Woolworths Supermarket,Health & Beauty,Colgate Cavity Protection Toothpaste Blue Minty Gel 160g,253958,$2.99,$1.87 / 100G,https://www.woolworths.com.au/shop/productdetails/253958/colgate-cavity-protection-toothpaste-blue-minty-gel,https://cdn0.woolworths.media/content/wowproductimages/medium/253958.jpg,2020-09-20 19:49:44,Average product rating out of 5: 4.6. Product score is based on 21 ratings,21,,True
eaabac7e-9037-4649-b2c8-bdc8dcfe5507,Woolworths Supermarket,Health & Beauty,Colgate Sensitive Teeth Pain Whitening Fluoride Toothpaste 110g,254414,$4.00,$3.64 / 100G,https://www.woolworths.com.au/shop/productdetails/254414/colgate-sensitive-teeth-pain-whitening-fluoride-toothpaste,https://cdn0.woolworths.media/content/wowproductimages/medium/254414.jpg,2020-09-20 19:49:44,Average product rating out of 5: 4.6. Product score is based on 14 ratings,14,,True
b0c8f43d-274e-4501-b36f-91eccb23fa3a,Woolworths Supermarket,Health & Beauty,Herron Blue Ibuprofen Tabsules 25 pack,254452,$5.00,$0.20 / 1EA,https://www.woolworths.com.au/shop/productdetails/254452/herron-blue-ibuprofen-tabsules,https://cdn0.woolworths.media/content/wowproductimages/medium/254452.jpg,2020-09-20 19:49:44,Average product rating out of 5: 4.6. Product score is based on 9 ratings,9,,True
c45ec6b1-afb5-480f-8f0b-dcf4b5b3ec92,Woolworths Supermarket,Health & Beauty,Colgate Sensitive Teeth Multi Protection Fluoride Toothpaste 110g,254545,$4.00,$3.64 / 100G,https://www.woolworths.com.au/shop/productdetails/254545/colgate-sensitive-teeth-multi-protection-fluoride-toothpaste,https://cdn0.woolworths.media/content/wowproductimages/medium/254545.jpg,2020-09-20 19:49:44,Average product rating out of 5: 4.8. Product score is based on 16 ratings,16,,True
7626fdeb-d90a-40ac-9dfd-c0fb9c17e05a,Woolworths Supermarket,Health & Beauty,Colgate 360 Degrees Whole Mouth Clean Compact Head Toothbrush Medium 2 pack,254548,$4.00,$2.00 / 1EA,https://www.woolworths.com.au/shop/productdetails/254548/colgate-360-degrees-whole-mouth-clean-compact-head-toothbrush-medium,https://cdn0.woolworths.media/content/wowproductimages/medium/254548.jpg,2020-09-20 19:49:44,Average product rating out of 5: 4.5. Product score is based on 14 ratings,14,,True
ca606527-0626-420b-aba3-34dbfd97520f,Woolworths Supermarket,Health & Beauty,Rexona Men Antiperspirant Aerosol Deodorant Original 50ml,254984,$4.00,$8.00 / 100ML,https://www.woolworths.com.au/shop/productdetails/254984/rexona-men-antiperspirant-aerosol-deodorant-original,https://cdn0.woolworths.media/content/wowproductimages/medium/254984.jpg,2020-09-20 19:49:44,Average product rating out of 5: 5.0. Product score is based on 3 ratings,3,,True
c46be4c7-e61d-4ed3-bdf3-979457711a24,Woolworths Supermarket,Health & Beauty,Sunsilk Shampoo Super Shine 100ml,254987,$4.70,$4.70 / 100ML,https://www.woolworths.com.au/shop/productdetails/254987/sunsilk-shampoo-super-shine,https://cdn0.woolworths.media/content/wowproductimages/medium/254987.jpg,2020-09-20 19:49:44,Average product rating out of 5: 5.0. Product score is based on 1 ratings,1,,True
c515df05-407f-4d66-941c-f682c72fa0d3,Woolworths Supermarket,Health & Beauty,Cover Girl Advanced Radiance Pressed Powder 110 Creamy Natural 11g,255189,$20.00,$18.18 / 10G,https://www.woolworths.com.au/shop/productdetails/255189/cover-girl-advanced-radiance-pressed-powder-110-creamy-natural,https://cdn0.woolworths.media/content/wowproductimages/medium/255189.jpg,2020-09-20 19:49:44,,0,,True
b09fc394-caff-47a2-b9bb-b5e67632539f,Woolworths Supermarket,Health & Beauty,Cover Girl Advanced Radiance Pressed Powder 120 Natural Beige 11g,255195,$20.00,$18.18 / 10G,https://www.woolworths.com.au/shop/productdetails/255195/cover-girl-advanced-radiance-pressed-powder-120-natural-beige,https://cdn0.woolworths.media/content/wowproductimages/medium/255195.jpg,2020-09-20 19:49:44,Average product rating out of 5: 5.0. Product score is based on 1 ratings,1,,True
dc5b970b-e021-4929-9813-9504f8fd3beb,Woolworths Supermarket,Health & Beauty,Dominate Rok Wax For An Extra Hard Hold 85g,255524,$10.00,$11.76 / 100G,https://www.woolworths.com.au/shop/productdetails/255524/dominate-rok-wax-for-an-extra-hard-hold,https://cdn0.woolworths.media/content/wowproductimages/medium/255524.jpg,2020-09-20 19:49:44,Average product rating out of 5: 5.0. Product score is based on 1 ratings,1,,True
662f4945-be3c-4ca6-b8ea-6c51dd8ccd67,Woolworths Supermarket,Health & Beauty,Cenovis St John's Wort 2000 Tablets 60 pack,256175,$14.00,$23.33 / 100EA,https://www.woolworths.com.au/shop/productdetails/256175/cenovis-st-john-s-wort-2000-tablets,https://cdn0.woolworths.media/content/wowproductimages/medium/256175.jpg,2020-09-20 19:49:44,Average product rating out of 5: 4.5. Product score is based on 2 ratings,2,,True
2b2b7754-a8d3-423a-b17d-bf06c05416ba,Woolworths Supermarket,Health & Beauty,Cenovis Mega E 500iu Capsules Value Pack 250 pack,256184,$37.00,$14.80 / 100EA,https://www.woolworths.com.au/shop/productdetails/256184/cenovis-mega-e-500iu-capsules-value-pack,https://cdn0.woolworths.media/content/wowproductimages/medium/256184.jpg,2020-09-20 19:49:44,Average product rating out of 5: 5.0. Product score is based on 2 ratings,2,,True
e6fdf38d-24f5-4105-9f98-b7164dd08ddf,Woolworths Supermarket,Health & Beauty,Femfresh Intimate Hygiene Feminine Wipes 20 pack,256991,$6.50,$0.33 / 1EA,https://www.woolworths.com.au/shop/productdetails/256991/femfresh-intimate-hygiene-feminine-wipes,https://cdn0.woolworths.media/content/wowproductimages/medium/256991.jpg,2020-09-20 19:49:44,,0,,True
cb5e1073-5e90-40a0-b5dc-d7cf6def5fa3,Woolworths Supermarket,Health & Beauty,Gillette Fusion Hydra Shaving Gel Sensitive Skin 195g,257437,$7.50,$3.85 / 100G,https://www.woolworths.com.au/shop/productdetails/257437/gillette-fusion-hydra-shaving-gel-sensitive-skin,https://cdn0.woolworths.media/content/wowproductimages/medium/257437.jpg,2020-09-20 19:49:44,Average product rating out of 5: 4.8. Product score is based on 4 ratings,4,,True
beb0ef24-d0c8-4975-bae5-b5f9681e3143,Woolworths Supermarket,Health & Beauty,Schick Mens Razor Exacta 2 Disposable Sensitive 18 pack,257569,$10.00,$0.56 / 1EA,https://www.woolworths.com.au/shop/productdetails/257569/schick-mens-razor-exacta-2-disposable-sensitive,https://cdn0.woolworths.media/content/wowproductimages/medium/257569.jpg,2020-09-20 19:49:44,Average product rating out of 5: 4.5. Product score is based on 16 ratings,16,Was $11.50 04/02/2019,True
7621051c-0129-4ec1-83b9-4c18bf745ddf,Woolworths Supermarket,Health & Beauty,Biore Facial Scrub Pore Unclogging 141g,258266,$10.00,$7.41 / 100ML,https://www.woolworths.com.au/shop/productdetails/258266/biore-facial-scrub-pore-unclogging,https://cdn0.woolworths.media/content/wowproductimages/medium/258266.jpg,2020-09-20 19:49:44,Average product rating out of 5: 4.3. Product score is based on 3 ratings,3,,True
84069740-a25d-489e-8641-540256ad1355,Woolworths Supermarket,Health & Beauty,Olay Moisturising Lotion Complete Defence Sensitive Spf30 75ml,258415,$15.40,$20.53 / 100ML,https://www.woolworths.com.au/shop/productdetails/258415/olay-moisturising-lotion-complete-defence-sensitive-spf30,https://cdn0.woolworths.media/content/wowproductimages/medium/258415.jpg,2020-09-20 19:49:44,Average product rating out of 5: 4.9. Product score is based on 15 ratings,15,,True
9b102e70-8fe6-4bd6-8b48-49dae4e9f5dd,Woolworths Supermarket,Health & Beauty,Neutrogena Oil Free Acne Scrub 125ml,258417,$14.50,$11.60 / 100ML,https://www.woolworths.com.au/shop/productdetails/258417/neutrogena-oil-free-acne-scrub,https://cdn0.woolworths.media/content/wowproductimages/medium/258417.jpg,2020-09-20 19:49:44,Average product rating out of 5: 5.0. Product score is based on 1 ratings,1,,True
d248ebac-b07c-4545-8bb3-2908faa9f223,Woolworths Supermarket,Health & Beauty,Colgate Optic White Mouthwash With Optic Brightener 500ml,259931,$6.50,$1.30 / 100ML,https://www.woolworths.com.au/shop/productdetails/259931/colgate-optic-white-mouthwash-with-optic-brightener,https://cdn0.woolworths.media/content/wowproductimages/medium/259931.jpg,2020-09-20 19:49:44,Average product rating out of 5: 4.3. Product score is based on 6 ratings,6,Was $7.00 30/10/2017,True
fcad564d-2536-47bc-9e0a-022554878ae8,Woolworths Supermarket,Health & Beauty,Slim Secrets Mintabolism Boost Bar 40g,260398,$3.00,$7.50 / 100G,https://www.woolworths.com.au/shop/productdetails/260398/slim-secrets-mintabolism-boost-bar,https://cdn0.woolworths.media/content/wowproductimages/medium/260398.jpg,2020-09-20 19:49:44,Average product rating out of 5: 4.0. Product score is based on 4 ratings,4,,True
6745ae79-392c-4cfc-b654-16dce14bb2cb,Woolworths Supermarket,Health & Beauty,Napro Palette Permanent Colour Light Brown 140ml,260406,$7.95,$7.95 / 1EA,https://www.woolworths.com.au/shop/productdetails/260406/napro-palette-permanent-colour-light-brown,https://cdn0.woolworths.media/content/wowproductimages/medium/260406.jpg,2020-09-20 19:49:44,Average product rating out of 5: 4.0. Product score is based on 2 ratings,2,,True
4f6df0fd-b290-46a3-bc0b-a59e21e8fc11,Woolworths Supermarket,Health & Beauty,Napro Palette Permanent Colour Choc Brown 140ml,260407,$7.95,$7.95 / 1EA,https://www.woolworths.com.au/shop/productdetails/260407/napro-palette-permanent-colour-choc-brown,https://cdn0.woolworths.media/content/wowproductimages/medium/260407.jpg,2020-09-20 19:49:44,Average product rating out of 5: 4.8. Product score is based on 4 ratings,4,,True
4c118470-5137-45d2-9c58-306a05ee4715,Woolworths Supermarket,Health & Beauty,Napro Palette Permanent Colour Dark Brown 140ml,260408,$7.95,$7.95 / 1EA,https://www.woolworths.com.au/shop/productdetails/260408/napro-palette-permanent-colour-dark-brown,https://cdn0.woolworths.media/content/wowproductimages/medium/260408.jpg,2020-09-20 19:49:44,Average product rating out of 5: 5.0. Product score is based on 2 ratings,2,,True
2b51e246-623f-4d69-9aff-4248383ddfff,Woolworths Supermarket,Health & Beauty,Napro Palette Permanent Colour Black 140ml,260410,$7.95,$7.95 / 1EA,https://www.woolworths.com.au/shop/productdetails/260410/napro-palette-permanent-colour-black,https://cdn0.woolworths.media/content/wowproductimages/medium/260410.jpg,2020-09-20 19:49:44,Average product rating out of 5: 5.0. Product score is based on 2 ratings,2,,True
3ca887cc-60cb-43c9-b451-1981a7194c5d,Woolworths Supermarket,Health & Beauty,Napro Palette Permanent Colour Medium Blondes 140ml,260411,$7.95,$7.95 / 1EA,https://www.woolworths.com.au/shop/productdetails/260411/napro-palette-permanent-colour-medium-blondes,https://cdn0.woolworths.media/content/wowproductimages/medium/260411.jpg,2020-09-20 19:49:44,Average product rating out of 5: 5.0. Product score is based on 1 ratings,1,,True
9678673a-a199-4050-9b7b-07324b798a01,Woolworths Supermarket,Health & Beauty,L'oreal Paris Casting Creme Gloss 600 Light Brown each,260424,$8.00,,https://www.woolworths.com.au/shop/productdetails/260424/l-oreal-paris-casting-creme-gloss-600-light-brown,https://cdn0.woolworths.media/content/wowproductimages/medium/260424.jpg,2020-09-20 19:49:44,Average product rating out of 5: 5.0. Product score is based on 1 ratings,1,,True
c67f71c9-75d0-47ac-9228-19b79c689dc6,Woolworths Supermarket,Health & Beauty,L'oreal Paris Casting Creme Gloss 500 Medium Brown each,260428,$8.00,,https://www.woolworths.com.au/shop/productdetails/260428/l-oreal-paris-casting-creme-gloss-500-medium-brown,https://cdn0.woolworths.media/content/wowproductimages/medium/260428.jpg,2020-09-20 19:49:44,Average product rating out of 5: 5.0. Product score is based on 1 ratings,1,,True
2ac07e86-a8ec-42a1-b3dc-ed7e08c8db80,Woolworths Supermarket,Health & Beauty,L'oreal Paris Casting Creme Gloss 400 Dark Brown each,260432,$8.00,,https://www.woolworths.com.au/shop/productdetails/260432/l-oreal-paris-casting-creme-gloss-400-dark-brown,https://cdn0.woolworths.media/content/wowproductimages/medium/260432.jpg,2020-09-20 19:49:44,Average product rating out of 5: 4.8. Product score is based on 4 ratings,4,,True
3e817ef9-87d4-4c11-ad5f-32fce3e858fb,Woolworths Supermarket,Health & Beauty,L'oreal Paris Casting Creme Gloss 300 Darkest Brown each,260439,$8.00,,https://www.woolworths.com.au/shop/productdetails/260439/l-oreal-paris-casting-creme-gloss-300-darkest-brown,https://cdn0.woolworths.media/content/wowproductimages/medium/260439.jpg,2020-09-20 19:49:44,Average product rating out of 5: 4.7. Product score is based on 3 ratings,3,,True
51faf2d8-af9c-4f7f-8ec9-e7c31d6a4ad8,Woolworths Supermarket,Health & Beauty,Garnier Nutrisse Hair Colour 3 Espresso Darkest Brown each,260476,$14.95,,https://www.woolworths.com.au/shop/productdetails/260476/garnier-nutrisse-hair-colour-3-espresso-darkest-brown,https://cdn0.woolworths.media/content/wowproductimages/medium/260476.jpg,2020-09-20 19:49:44,Average product rating out of 5: 4.6. Product score is based on 5 ratings,5,,True
be1f4029-3371-44c7-9323-255584cb302a,Woolworths Supermarket,Health & Beauty,Dettol Instant Hand Sanitizer Instant Hand Sanitiser 50ml,260904,$3.50,$7.00 / 100ML,https://www.woolworths.com.au/shop/productdetails/260904/dettol-instant-hand-sanitizer-instant-hand-sanitiser,https://cdn0.woolworths.media/content/wowproductimages/medium/260904.jpg,2020-09-20 19:49:44,Average product rating out of 5: 4.6. Product score is based on 28 ratings,28,,True
0ec89b64-2c1c-4164-8e16-f083083350b3,Woolworths Supermarket,Health & Beauty,Dettol Instant Hand Sanitiser Original 200ml,260909,$7.50,$3.75 / 100ML,https://www.woolworths.com.au/shop/productdetails/260909/dettol-instant-hand-sanitiser-original,https://cdn0.woolworths.media/content/wowproductimages/medium/260909.jpg,2020-09-20 19:49:44,,0,,True
da407c17-7b6d-4d59-995a-b345e6d5a511,Woolworths Supermarket,Health & Beauty,Herbal Essences Shampoo Colour Me Happy 300ml,261341,$6.50,$2.17 / 100ML,https://www.woolworths.com.au/shop/productdetails/261341/herbal-essences-shampoo-colour-me-happy,https://cdn0.woolworths.media/content/wowproductimages/medium/261341.jpg,2020-09-20 19:49:44,Average product rating out of 5: 4.6. Product score is based on 9 ratings,9,,True
ebeea8c0-9cf3-4231-aa03-399d2eaf6a8c,Woolworths Supermarket,Health & Beauty,Herbal Essences Shampoo Hello Hydration 300ml,261343,$6.50,$2.17 / 100ML,https://www.woolworths.com.au/shop/productdetails/261343/herbal-essences-shampoo-hello-hydration,https://cdn0.woolworths.media/content/wowproductimages/medium/261343.jpg,2020-09-20 19:49:44,Average product rating out of 5: 4.6. Product score is based on 14 ratings,14,,True
5c8b193e-8bf9-43dd-97b9-a1ee0be5baeb,Woolworths Supermarket,Health & Beauty,Herbal Essences Conditioner Hello Hydration 300ml,261349,$6.50,$2.17 / 100ML,https://www.woolworths.com.au/shop/productdetails/261349/herbal-essences-conditioner-hello-hydration,https://cdn0.woolworths.media/content/wowproductimages/medium/261349.jpg,2020-09-20 19:49:44,Average product rating out of 5: 4.6. Product score is based on 17 ratings,17,,True
8838badc-9798-48de-b950-04826d18d954,Woolworths Supermarket,Health & Beauty,Herbal Essences Conditioner Colour Me Happy 300ml,261355,$6.50,$2.17 / 100ML,https://www.woolworths.com.au/shop/productdetails/261355/herbal-essences-conditioner-colour-me-happy,https://cdn0.woolworths.media/content/wowproductimages/medium/261355.jpg,2020-09-20 19:49:44,Average product rating out of 5: 5.0. Product score is based on 3 ratings,3,,True
c70edc29-4e05-4450-9f7a-9e6dacbafb8e,Woolworths Supermarket,Health & Beauty,Schwarzkopf Extra Care Hair Treatment Leave In Colour Protect 200ml,261674,$8.00,$4.00 / 100ML,https://www.woolworths.com.au/shop/productdetails/261674/schwarzkopf-extra-care-hair-treatment-leave-in-colour-protect,https://cdn0.woolworths.media/content/wowproductimages/medium/261674.jpg,2020-09-20 19:49:44,Average product rating out of 5: 5.0. Product score is based on 7 ratings,7,,True
d0bd0909-64ca-422f-804d-da5cc7c4fcbb,Woolworths Supermarket,Health & Beauty,Oscar Orsen Hair Brush Pad Large each,261869,$6.00,,https://www.woolworths.com.au/shop/productdetails/261869/oscar-orsen-hair-brush-pad-large,https://cdn0.woolworths.media/content/wowproductimages/medium/261869.jpg,2020-09-20 19:49:44,Average product rating out of 5: 4.8. Product score is based on 4 ratings,4,,True
7e81f003-9af4-4af4-b202-97abf5bfeebb,Woolworths Supermarket,Health & Beauty,Oscar Orsen Comb Volumising 2 pack,261885,$3.80,,https://www.woolworths.com.au/shop/productdetails/261885/oscar-orsen-comb-volumising,https://cdn0.woolworths.media/content/wowproductimages/medium/261885.jpg,2020-09-20 19:49:44,Average product rating out of 5: 5.0. Product score is based on 2 ratings,2,,True
dbeb55c0-a707-4137-a5dc-625a278c2b70,Woolworths Supermarket,Health & Beauty,Oscar Orsen Large Extrahold Hair Elastics 10 pack,261895,$6.00,,https://www.woolworths.com.au/shop/productdetails/261895/oscar-orsen-large-extrahold-hair-elastics,https://cdn0.woolworths.media/content/wowproductimages/medium/261895.jpg,2020-09-20 19:49:44,Average product rating out of 5: 3.0. Product score is based on 2 ratings,2,,True
8bc0d83a-7834-40b0-8910-5ffd4d2be348,Woolworths Supermarket,Health & Beauty,Oscar Orsen Large Octopus Hair Clip each,261905,$5.25,,https://www.woolworths.com.au/shop/productdetails/261905/oscar-orsen-large-octopus-hair-clip,https://cdn0.woolworths.media/content/wowproductimages/medium/261905.jpg,2020-09-20 19:49:44,Average product rating out of 5: 1.0. Product score is based on 1 ratings,1,,True
2359336f-d5f0-4371-92e9-553e0f8baf75,Woolworths Supermarket,Health & Beauty,Select Headband Narrow each,261923,$3.00,,https://www.woolworths.com.au/shop/productdetails/261923/select-headband-narrow,https://cdn0.woolworths.media/content/wowproductimages/medium/261923.jpg,2020-09-20 19:49:44,Average product rating out of 5: 4.0. Product score is based on 5 ratings,5,,True
872edfca-9217-4b49-b8ca-de1ca6a59334,Woolworths Supermarket,Health & Beauty,Oscar Orsen Large Metal Free Black Elastics 30 pack,261927,$6.80,,https://www.woolworths.com.au/shop/productdetails/261927/oscar-orsen-large-metal-free-black-elastics,https://cdn0.woolworths.media/content/wowproductimages/medium/261927.jpg,2020-09-20 19:49:44,Average product rating out of 5: 5.0. Product score is based on 1 ratings,1,,True
7ef78234-01d0-4fc5-acfe-864a9a082da8,Woolworths Supermarket,Health & Beauty,Oscar Orsen Large Flat Hair Elastics Black 10 pack,261929,$4.50,,https://www.woolworths.com.au/shop/productdetails/261929/oscar-orsen-large-flat-hair-elastics-black,https://cdn0.woolworths.media/content/wowproductimages/medium/261929.jpg,2020-09-20 19:49:44,Average product rating out of 5: 5.0. Product score is based on 1 ratings,1,,True
312e0e91-8e23-4206-842d-b305a9f6e894,Woolworths Supermarket,Health & Beauty,Berocca Energy Vitamin Original Berry Effervescent Tablets 45 pack,262094,$22.80,$50.67 / 100EA,https://www.woolworths.com.au/shop/productdetails/262094/berocca-energy-vitamin-original-berry-effervescent-tablets,https://cdn0.woolworths.media/content/wowproductimages/medium/262094.jpg,2020-09-20 19:49:44,Average product rating out of 5: 4.3. Product score is based on 6 ratings,6,,True
afa287e4-c421-479f-ad40-c4ba36a2dd8e,Woolworths Supermarket,Health & Beauty,Musashi P30 Protein Powder Chocolate 900g,262252,$50.50,$5.61 / 100G,https://www.woolworths.com.au/shop/productdetails/262252/musashi-p30-protein-powder-chocolate,https://cdn0.woolworths.media/content/wowproductimages/medium/262252.jpg,2020-09-20 19:49:44,Average product rating out of 5: 4.6. Product score is based on 8 ratings,8,,True
c0a49ac1-1125-427b-b193-ca9a3b9f36a0,Woolworths Supermarket,Health & Beauty,Musashi P30 Protein Powder Vanilla 900g,262253,$50.50,$5.61 / 100G,https://www.woolworths.com.au/shop/productdetails/262253/musashi-p30-protein-powder-vanilla,https://cdn0.woolworths.media/content/wowproductimages/medium/262253.jpg,2020-09-20 19:49:44,Average product rating out of 5: 4.1. Product score is based on 10 ratings,10,,True
7c644c6f-22bd-42d9-91d8-1ad28dad124c,Woolworths Supermarket,Health & Beauty,Oscar Orsen Nail Clippers each,262304,$3.00,,https://www.woolworths.com.au/shop/productdetails/262304/oscar-orsen-nail-clippers,https://cdn0.woolworths.media/content/wowproductimages/medium/262304.jpg,2020-09-20 19:49:44,Average product rating out of 5: 5.0. Product score is based on 1 ratings,1,,True
223f2679-7106-47f7-bfe9-f27fecffe235,Woolworths Supermarket,Health & Beauty,Oscar Orsen Toenail Clippers each,262305,$4.50,,https://www.woolworths.com.au/shop/productdetails/262305/oscar-orsen-toenail-clippers,https://cdn0.woolworths.media/content/wowproductimages/medium/262305.jpg,2020-09-20 19:49:44,Average product rating out of 5: 4.5. Product score is based on 247 ratings,247,,True
eedcca49-3507-4421-bb93-a7bb9e950766,Woolworths Supermarket,Health & Beauty,Oscar Orsen Nail Scissors each,262307,$7.00,,https://www.woolworths.com.au/shop/productdetails/262307/oscar-orsen-nail-scissors,https://cdn0.woolworths.media/content/wowproductimages/medium/262307.jpg,2020-09-20 19:49:44,Average product rating out of 5: 4.5. Product score is based on 154 ratings,154,,True
05ca6a2a-02d1-463f-9a60-53e45096d5be,Woolworths Supermarket,Health & Beauty,Oscar Orsen Tweezers Slant Tip each,262311,$4.00,,https://www.woolworths.com.au/shop/productdetails/262311/oscar-orsen-tweezers-slant-tip,https://cdn0.woolworths.media/content/wowproductimages/medium/262311.jpg,2020-09-20 19:49:44,Average product rating out of 5: 4.4. Product score is based on 142 ratings,142,,True
bb045c6b-b620-407f-af2b-684b4184ecff,Woolworths Supermarket,Health & Beauty,Oscar Orsen Tweezers Slant/ Point Tip each,262314,$6.49,,https://www.woolworths.com.au/shop/productdetails/262314/oscar-orsen-tweezers-slant-point-tip,https://cdn0.woolworths.media/content/wowproductimages/medium/262314.jpg,2020-09-20 19:49:44,Average product rating out of 5: 4.6. Product score is based on 154 ratings,154,,True
c3aae32d-ac9c-4f35-aa42-e8052242f114,Woolworths Supermarket,Health & Beauty,Oscar Orsen Nail File Sapphire each,262316,$4.50,,https://www.woolworths.com.au/shop/productdetails/262316/oscar-orsen-nail-file-sapphire,https://cdn0.woolworths.media/content/wowproductimages/medium/262316.jpg,2020-09-20 19:49:44,Average product rating out of 5: 4.4. Product score is based on 117 ratings,117,,True
515751a0-3c5b-49cf-a2b4-0c125ac90d30,Woolworths Supermarket,Health & Beauty,Schick Razor Disposable Quattro 4 Aloe & Vitamin E 3 pack,263119,$6.00,$2.00 / 1EA,https://www.woolworths.com.au/shop/productdetails/263119/schick-razor-disposable-quattro-4-aloe-vitamin-e,https://cdn0.woolworths.media/content/wowproductimages/medium/263119.jpg,2020-09-20 19:49:44,Average product rating out of 5: 3.9. Product score is based on 9 ratings,9,Was $8.00 14/08/2017,True
66dd0d93-e56c-45c0-b769-cf524e0ba35b,Woolworths Supermarket,Health & Beauty,Schick Razor Blades Quattro Titanium 4 Cartridges 4 pack,263123,$10.00,$2.50 / 1EA,https://www.woolworths.com.au/shop/productdetails/263123/schick-razor-blades-quattro-titanium-4-cartridges,https://cdn0.woolworths.media/content/wowproductimages/medium/263123.jpg,2020-09-20 19:49:44,Average product rating out of 5: 4.0. Product score is based on 1 ratings,1,Was $14.00 11/02/2019,True
62c54fec-5ee4-4b4f-8b40-a369784f5ebb,Woolworths Supermarket,Health & Beauty,Nivea For Men Shave Foam Sensitive 200ml,263140,$5.80,$2.90 / 100ML,https://www.woolworths.com.au/shop/productdetails/263140/nivea-for-men-shave-foam-sensitive,https://cdn0.woolworths.media/content/wowproductimages/medium/263140.jpg,2020-09-20 19:49:44,Average product rating out of 5: 4.6. Product score is based on 13 ratings,13,,True
996da928-15fb-4178-9da2-e5ec3f91320c,Woolworths Supermarket,Health & Beauty,Bic Razor Disposable Soleil Twilight Lavender 4pk,263262,$2.75,$0.69 / 1EA,https://www.woolworths.com.au/shop/productdetails/263262/bic-razor-disposable-soleil-twilight-lavender,https://cdn0.woolworths.media/content/wowproductimages/medium/263262.jpg,2020-09-20 19:49:44,Average product rating out of 5: 4.8. Product score is based on 11 ratings,11,,True
7cb6f64f-7cb6-4784-969c-1d724fb2658e,Woolworths Supermarket,Health & Beauty,Gillette Venus Smooth Women's Razor - 1 Handle each,263279,$5.20,,https://www.woolworths.com.au/shop/productdetails/263279/gillette-venus-smooth-women-s-razor-1-handle,https://cdn0.woolworths.media/content/wowproductimages/medium/263279.jpg,2020-09-20 19:49:44,Average product rating out of 5: 3.3. Product score is based on 3 ratings,3,,True
8c3c699e-17eb-4f05-bb02-b5e46b31db3e,Woolworths Supermarket,Health & Beauty,Adidas Fresh Anti-perspirant Spray For Him 200ml,263280,$5.00,$2.50 / 100ML,https://www.woolworths.com.au/shop/productdetails/263280/adidas-fresh-anti-perspirant-spray-for-him,https://cdn0.woolworths.media/content/wowproductimages/medium/263280.jpg,2020-09-20 19:49:44,Average product rating out of 5: 4.9. Product score is based on 7 ratings,7,Was $6.29 26/05/2016,True
7f2530a4-204b-4e96-8fe4-9310b15d0d4d,Woolworths Supermarket,Health & Beauty,Adidas Intensive Anti-perspirant Spray For Him 200ml,263284,$5.00,$2.50 / 100ML,https://www.woolworths.com.au/shop/productdetails/263284/adidas-intensive-anti-perspirant-spray-for-him,https://cdn0.woolworths.media/content/wowproductimages/medium/263284.jpg,2020-09-20 19:49:44,Average product rating out of 5: 5.0. Product score is based on 1 ratings,1,Was $6.29 26/05/2016,True
60fb3130-46f3-4a33-a895-5586a2ad5347,Woolworths Supermarket,Health & Beauty,Ecostore Soap Bar Lemongrass 80g,268168,$2.59,$3.24 / 100G,https://www.woolworths.com.au/shop/productdetails/268168/ecostore-soap-bar-lemongrass,https://cdn0.woolworths.media/content/wowproductimages/medium/268168.jpg,2020-09-20 19:49:44,Average product rating out of 5: 4.7. Product score is based on 24 ratings,24,,True
63abc25a-02a3-40c3-a8e9-49c1d4f95121,Woolworths Supermarket,Health & Beauty,Tresemme Professional Hair Conditioner Salon Silk 900ml,268679,$7.00,$0.78 / 100ML,https://www.woolworths.com.au/shop/productdetails/268679/tresemme-professional-hair-conditioner-salon-silk,https://cdn0.woolworths.media/content/wowproductimages/medium/268679.jpg,2020-09-20 19:49:44,Average product rating out of 5: 4.6. Product score is based on 8 ratings,8,Was $10.50 13/02/2017,True
76c2d597-6839-4d85-85a3-ec7d75c09368,Woolworths Supermarket,Health & Beauty,Tresemme Professional Hair Shampoo Salon Silk 900ml,268681,$7.00,$0.78 / 100ML,https://www.woolworths.com.au/shop/productdetails/268681/tresemme-professional-hair-shampoo-salon-silk,https://cdn0.woolworths.media/content/wowproductimages/medium/268681.jpg,2020-09-20 19:49:44,Average product rating out of 5: 4.7. Product score is based on 6 ratings,6,Was $10.50 13/02/2017,True
7315ca7e-3674-4b98-b706-c50d938e1e02,Woolworths Supermarket,Health & Beauty,Napro Palette May-99 Rosewood Violet each,268733,$7.95,,https://www.woolworths.com.au/shop/productdetails/268733/napro-palette-may-99-rosewood-violet,https://cdn0.woolworths.media/content/wowproductimages/medium/268733.jpg,2020-09-20 19:49:44,Average product rating out of 5: 4.3. Product score is based on 3 ratings,3,,True
878ad86f-f52e-463e-bb77-2ae6baae762a,Woolworths Supermarket,Health & Beauty,Napro Palette 10.1 Light Ash Blonde each,268735,$7.95,,https://www.woolworths.com.au/shop/productdetails/268735/napro-palette-10-1-light-ash-blonde,https://cdn0.woolworths.media/content/wowproductimages/medium/268735.jpg,2020-09-20 19:49:44,Average product rating out of 5: 4.3. Product score is based on 7 ratings,7,,True
5c2e6c00-ef1f-4d3d-aa25-f36fd3204a75,Woolworths Supermarket,Health & Beauty,Durex Play Aloe Vera 2 In 1 Massage Gel Lubricant 200ml,268957,$10.00,$5.00 / 100ML,https://www.woolworths.com.au/shop/productdetails/268957/durex-play-aloe-vera-2-in-1-massage-gel-lubricant,https://cdn0.woolworths.media/content/wowproductimages/medium/268957.jpg,2020-09-20 19:49:44,Average product rating out of 5: 5.0. Product score is based on 1 ratings,1,,True
a79d7e4b-40fe-4d99-9945-35d71eb739a5,Woolworths Supermarket,Health & Beauty,Ecostore Baby Shampoo 200ml,269452,$8.00,$4.00 / 100ML,https://www.woolworths.com.au/shop/productdetails/269452/ecostore-baby-shampoo,https://cdn0.woolworths.media/content/wowproductimages/medium/269452.jpg,2020-09-20 19:49:44,,0,,True
e0d33c9b-98df-4822-b1ef-b252e9f772a2,Woolworths Supermarket,Health & Beauty,Carefree Barely There Aloe Panty Liners 42 pack,270821,$4.50,$0.11 / 1EA,https://www.woolworths.com.au/shop/productdetails/270821/carefree-barely-there-aloe-panty-liners,https://cdn0.woolworths.media/content/wowproductimages/medium/270821.jpg,2020-09-20 19:49:44,,0,Was $5.78 10/04/2017,True
d9b375b3-01b6-40be-9ff9-060271f6a8c3,Woolworths Supermarket,Health & Beauty,Stayfree All Nights Extra Long With Wings Pads 10 pack,272088,$4.50,$0.45 / 1EA,https://www.woolworths.com.au/shop/productdetails/272088/stayfree-all-nights-extra-long-with-wings-pads,https://cdn0.woolworths.media/content/wowproductimages/medium/272088.jpg,2020-09-20 19:49:44,,0,,True
80ad81f1-8f4a-46de-bbdd-95bcd79f2e0d,Woolworths Supermarket,Health & Beauty,Neutrogena Oil-free Eye Make-up Remover 112ml,272710,$13.60,$12.14 / 100ML,https://www.woolworths.com.au/shop/productdetails/272710/neutrogena-oil-free-eye-make-up-remover,https://cdn0.woolworths.media/content/wowproductimages/medium/272710.jpg,2020-09-20 19:49:44,Average product rating out of 5: 5.0. Product score is based on 4 ratings,4,,True
72acf51f-5fc3-4ebf-9be6-bc6e6d6cea45,Woolworths Supermarket,Health & Beauty,Lemsip Max Cold & Flu Decongestant Hot Drink Lemon 10 pack,273042,$13.00,$1.30 / 1EA,https://www.woolworths.com.au/shop/productdetails/273042/lemsip-max-cold-flu-decongestant-hot-drink-lemon,https://cdn0.woolworths.media/content/wowproductimages/medium/273042.jpg,2020-09-20 19:49:44,Average product rating out of 5: 4.5. Product score is based on 2 ratings,2,,True
aca8b7ee-5b5b-46ac-bdb7-a91a826f2895,Woolworths Supermarket,Health & Beauty,Nivea Hydrocare Moisturising Lip Balm + Shea Butter & Spf15 4.8g,273110,$4.00,$83.33 / 100G,https://www.woolworths.com.au/shop/productdetails/273110/nivea-hydrocare-moisturising-lip-balm-shea-butter-spf15,https://cdn0.woolworths.media/content/wowproductimages/medium/273110.jpg,2020-09-20 19:49:44,Average product rating out of 5: 4.2. Product score is based on 17 ratings,17,,True
84110d2e-8e1c-473f-bcb8-5078f1fee266,Woolworths Supermarket,Health & Beauty,Lemsip Max Cold & Flu Decongestant Hot Drink Blackcurrant 10 pack,273117,$13.00,$1.30 / 1EA,https://www.woolworths.com.au/shop/productdetails/273117/lemsip-max-cold-flu-decongestant-hot-drink-blackcurrant,https://cdn0.woolworths.media/content/wowproductimages/medium/273117.jpg,2020-09-20 19:49:44,Average product rating out of 5: 4.5. Product score is based on 2 ratings,2,,True
7e3136be-62e2-4c58-b140-ff0b1797a9ed,Woolworths Supermarket,Health & Beauty,Panadol Paracetamol Pain Relief 500mg Paracetamol Tablets 20 pack,273149,$3.80,$0.19 / 1EA,https://www.woolworths.com.au/shop/productdetails/273149/panadol-paracetamol-pain-relief-500mg-paracetamol-tablets,https://cdn0.woolworths.media/content/wowproductimages/medium/273149.jpg,2020-09-20 19:49:44,Average product rating out of 5: 4.0. Product score is based on 5 ratings,5,,True
80b6e8fe-7496-4bd5-a39b-bdc6228d9fa0,Woolworths Supermarket,Health & Beauty,Veet Hair Removal Cream Sensitive Skin 400ml,274316,$21.00,$5.25 / 100ML,https://www.woolworths.com.au/shop/productdetails/274316/veet-hair-removal-cream-sensitive-skin,https://cdn0.woolworths.media/content/wowproductimages/medium/274316.jpg,2020-09-20 19:49:44,Average product rating out of 5: 4.7. Product score is based on 6 ratings,6,,True
2b35e417-e0be-4613-afb4-00996133b5ce,Woolworths Supermarket,Health & Beauty,Nivea Daily Essentials Clean Deeper Daily Wash Scrub 150ml,274319,$9.20,$6.13 / 100ML,https://www.woolworths.com.au/shop/productdetails/274319/nivea-daily-essentials-clean-deeper-daily-wash-scrub,https://cdn0.woolworths.media/content/wowproductimages/medium/274319.jpg,2020-09-20 19:49:44,Average product rating out of 5: 4.3. Product score is based on 9 ratings,9,,True
cbbca3f5-58a3-455a-a5d5-0f0316f2bb8d,Woolworths Supermarket,Health & Beauty,Palmer's Cocoa Butter Stretch Mark Lotion 250ml,275872,$12.80,$5.12 / 100ML,https://www.woolworths.com.au/shop/productdetails/275872/palmer-s-cocoa-butter-stretch-mark-lotion,https://cdn0.woolworths.media/content/wowproductimages/medium/275872.jpg,2020-09-20 19:49:44,Average product rating out of 5: 5.0. Product score is based on 1 ratings,1,,True
f4035b67-05dd-46c1-9850-a146ac6dc45f,Woolworths Supermarket,Health & Beauty,Olay Total Effects 7-in-1 Foaming Cleanser 100ml,277093,$9.10,$9.10 / 100G,https://www.woolworths.com.au/shop/productdetails/277093/olay-total-effects-7-in-1-foaming-cleanser,https://cdn0.woolworths.media/content/wowproductimages/medium/277093.jpg,2020-09-20 19:49:44,Average product rating out of 5: 4.6. Product score is based on 10 ratings,10,,True
5ad4dfa7-288e-4cbc-99dc-d2c7206089a0,Woolworths Supermarket,Health & Beauty,Oral-b Electric Toothbrush Flossaction Heads 2 pack,277130,$16.75,$8.38 / 1EA,https://www.woolworths.com.au/shop/productdetails/277130/oral-b-electric-toothbrush-flossaction-heads,https://cdn0.woolworths.media/content/wowproductimages/medium/277130.jpg,2020-09-20 19:49:44,Average product rating out of 5: 4.6. Product score is based on 11 ratings,11,Was $16.99 31/10/16,True
33640e38-7b76-488e-9e38-b0a74fbead91,Woolworths Supermarket,Health & Beauty,Le Tan In Le Can Self Tan Deep Bronze 150g,277145,$11.20,$7.47 / 100G,https://www.woolworths.com.au/shop/productdetails/277145/le-tan-in-le-can-self-tan-deep-bronze,https://cdn0.woolworths.media/content/wowproductimages/medium/277145.jpg,2020-09-20 19:49:44,,0,,True
0e2623d3-37a0-4a88-9c3d-da2fedb2b816,Woolworths Supermarket,Health & Beauty,Le Tan In Le Can Self Tan Bronze 150g,277163,$11.20,$7.47 / 100G,https://www.woolworths.com.au/shop/productdetails/277163/le-tan-in-le-can-self-tan-bronze,https://cdn0.woolworths.media/content/wowproductimages/medium/277163.jpg,2020-09-20 19:49:44,Average product rating out of 5: 4.7. Product score is based on 3 ratings,3,,True
297350c7-dc4c-4e0e-b4b8-9f1a2ea734c4,Woolworths Supermarket,Health & Beauty,Olay Total Effects Face Cream Moisturiser Normal Spf 15 50g,279712,$24.50,$49.00 / 100G,https://www.woolworths.com.au/shop/productdetails/279712/olay-total-effects-face-cream-moisturiser-normal-spf-15,https://cdn0.woolworths.media/content/wowproductimages/medium/279712.jpg,2020-09-20 19:49:44,Average product rating out of 5: 5.0. Product score is based on 5 ratings,5,,True
79e684f9-711f-49f0-aeb1-e2f37be1f29a,Woolworths Supermarket,Health & Beauty,Bounce Natural Energy Ball Peanut 49g,281271,$3.00,$6.12 / 100G,https://www.woolworths.com.au/shop/productdetails/281271/bounce-natural-energy-ball-peanut,https://cdn0.woolworths.media/content/wowproductimages/medium/281271.jpg,2020-09-20 19:49:44,Average product rating out of 5: 4.9. Product score is based on 7 ratings,7,,True
6060060f-2544-4583-a982-c2959356ab13,Woolworths Supermarket,Health & Beauty,Benefiber Natural Fibre Supplement 155g,283022,$11.95,$7.71 / 100G,https://www.woolworths.com.au/shop/productdetails/283022/benefiber-natural-fibre-supplement,https://cdn0.woolworths.media/content/wowproductimages/medium/283022.jpg,2020-09-20 19:49:44,Average product rating out of 5: 4.9. Product score is based on 9 ratings,9,,True
0443361d-66ae-4460-beee-c88107fb7889,Woolworths Supermarket,Health & Beauty,Sensodyne Toothpaste Sensitive Teeth Daily Care Whitening 110g,283171,$9.20,$8.36 / 100G,https://www.woolworths.com.au/shop/productdetails/283171/sensodyne-toothpaste-sensitive-teeth-daily-care-whitening,https://cdn0.woolworths.media/content/wowproductimages/medium/283171.jpg,2020-09-20 19:49:44,Average product rating out of 5: 4.7. Product score is based on 18 ratings,18,,True
62227149-3ee3-47b0-802e-b74f1307464b,Woolworths Supermarket,Health & Beauty,Band-aid Tough Strips Brand 40pk,283197,$4.30,$0.11 / 1EA,https://www.woolworths.com.au/shop/productdetails/283197/band-aid-tough-strips-brand,https://cdn0.woolworths.media/content/wowproductimages/medium/283197.jpg,2020-09-20 19:49:44,Average product rating out of 5: 4.7. Product score is based on 29 ratings,29,Was $4.99 05/12/2016,True
a03c4246-46cb-4781-bf03-68355687e69f,Woolworths Supermarket,Health & Beauty,Schwarzkopf Brilliance 85 Violet Vision 1pk,285785,$14.40,,https://www.woolworths.com.au/shop/productdetails/285785/schwarzkopf-brilliance-85-violet-vision,https://cdn0.woolworths.media/content/wowproductimages/medium/285785.jpg,2020-09-20 19:49:44,Average product rating out of 5: 4.5. Product score is based on 4 ratings,4,,True
ec199d35-890b-452e-b1a5-cc0b8e74fe32,Woolworths Supermarket,Health & Beauty,Schwarzkopf Brilliance 43 Red Passion 1pk,285789,$14.40,,https://www.woolworths.com.au/shop/productdetails/285789/schwarzkopf-brilliance-43-red-passion,https://cdn0.woolworths.media/content/wowproductimages/medium/285789.jpg,2020-09-20 19:49:44,Average product rating out of 5: 4.8. Product score is based on 4 ratings,4,,True
ba977b3d-6565-4844-9683-3cc69219588e,Woolworths Supermarket,Health & Beauty,Schwarzkopf Brilliance 91 Blue Black 1pk,285792,$14.40,,https://www.woolworths.com.au/shop/productdetails/285792/schwarzkopf-brilliance-91-blue-black,https://cdn0.woolworths.media/content/wowproductimages/medium/285792.jpg,2020-09-20 19:49:44,Average product rating out of 5: 5.0. Product score is based on 5 ratings,5,,True
0d338d86-1e76-4cb3-ad6e-01430b8ae74d,Woolworths Supermarket,Health & Beauty,Schwarzkopf Brilliance 89 Bitter Sweet Chocolate 1pk,285794,$14.40,,https://www.woolworths.com.au/shop/productdetails/285794/schwarzkopf-brilliance-89-bitter-sweet-chocolate,https://cdn0.woolworths.media/content/wowproductimages/medium/285794.jpg,2020-09-20 19:49:44,Average product rating out of 5: 4.3. Product score is based on 4 ratings,4,,True
05d76f64-a43f-447d-ae7a-cd9687bcb818,Woolworths Supermarket,Health & Beauty,Schwarzkopf Brilliance 88 Dark Brown 1pk,285799,$14.40,,https://www.woolworths.com.au/shop/productdetails/285799/schwarzkopf-brilliance-88-dark-brown,https://cdn0.woolworths.media/content/wowproductimages/medium/285799.jpg,2020-09-20 19:49:44,Average product rating out of 5: 4.5. Product score is based on 2 ratings,2,,True
12b8392f-71ee-43e8-8447-fe208ffc035e,Woolworths Supermarket,Health & Beauty,Cussons Imperial Leather Soap Bar Original 600g,295786,$4.20,$0.70 / 100G,https://www.woolworths.com.au/shop/productdetails/295786/cussons-imperial-leather-soap-bar-original,https://cdn0.woolworths.media/content/wowproductimages/medium/295786.jpg,2020-09-20 19:49:44,Average product rating out of 5: 4.8. Product score is based on 24 ratings,24,,True
0574beeb-6187-4bac-bb8b-3dbf1452623a,Woolworths Supermarket,Health & Beauty,Lip Smacker Lip Gloss 3 pack,297357,$8.25,$6.88 / 10G,https://www.woolworths.com.au/shop/productdetails/297357/lip-smacker-lip-gloss,https://cdn0.woolworths.media/content/wowproductimages/medium/297357.jpg,2020-09-20 19:49:44,,0,Designs may vary,True
c90ad368-1fd1-4d9b-8f98-2cec0b50b862,Woolworths Supermarket,Health & Beauty,U By Kotex Tampons Super Bulk 32 pack,297362,$6.80,$0.21 / 1EA,https://www.woolworths.com.au/shop/productdetails/297362/u-by-kotex-tampons-super-bulk,https://cdn0.woolworths.media/content/wowproductimages/medium/297362.jpg,2020-09-20 19:49:44,,0,Was $8.50 04/10/16,True
3989ac1b-18fc-48e9-83d3-0b66f17fbd86,Woolworths Supermarket,Health & Beauty,U By Kotex Tampons Regular Bulk 32 pack,297363,$6.80,$0.21 / 1EA,https://www.woolworths.com.au/shop/productdetails/297363/u-by-kotex-tampons-regular-bulk,https://cdn0.woolworths.media/content/wowproductimages/medium/297363.jpg,2020-09-20 19:49:44,,0,Was $8.50 04/10/16,True
7c4b10d1-5abb-4a69-b5e6-eb242cfb747c,Woolworths Supermarket,Health & Beauty,Maybelline Define A Lash Mascara - Very Black 6.5ml,297376,$11.40,$17.54 / 10ML,https://www.woolworths.com.au/shop/productdetails/297376/maybelline-define-a-lash-mascara-very-black,https://cdn0.woolworths.media/content/wowproductimages/medium/297376.jpg,2020-09-20 19:49:44,Average product rating out of 5: 5.0. Product score is based on 2 ratings,2,,True
c7c25f79-3e11-48ab-a544-082374a077a7,Woolworths Supermarket,Health & Beauty,Biore Combo Deep Cleansing Pore Strips 14 pack,298114,$11.00,$0.79 / 1EA,https://www.woolworths.com.au/shop/productdetails/298114/biore-combo-deep-cleansing-pore-strips,https://cdn0.woolworths.media/content/wowproductimages/medium/298114.jpg,2020-09-20 19:49:44,Average product rating out of 5: 4.2. Product score is based on 5 ratings,5,,True
ec2ac190-3259-44a0-be07-9b0c07fb43eb,Woolworths Supermarket,Health & Beauty,Oscar Orsen Small Claw Grip Black 2 pack,298580,$4.50,,https://www.woolworths.com.au/shop/productdetails/298580/oscar-orsen-small-claw-grip-black,https://cdn0.woolworths.media/content/wowproductimages/medium/298580.jpg,2020-09-20 19:49:44,Average product rating out of 5: 3.0. Product score is based on 1 ratings,1,,True
e2af9bb9-12bc-42dd-beea-8f9d61705423,Woolworths Supermarket,Health & Beauty,Oscar Orsen Large Snagless Hair Elastics Brown 30 pack,298584,$6.80,,https://www.woolworths.com.au/shop/productdetails/298584/oscar-orsen-large-snagless-hair-elastics-brown,https://cdn0.woolworths.media/content/wowproductimages/medium/298584.jpg,2020-09-20 19:49:44,Average product rating out of 5: 4.2. Product score is based on 6 ratings,6,,True
7921c8b3-458c-4c94-a6fc-51dedf777bcb,Woolworths Supermarket,Health & Beauty,Oscar Orsen Hair Clip Extra Hold Shell each,298589,$5.00,,https://www.woolworths.com.au/shop/productdetails/298589/oscar-orsen-hair-clip-extra-hold-shell,https://cdn0.woolworths.media/content/wowproductimages/medium/298589.jpg,2020-09-20 19:49:44,Average product rating out of 5: 5.0. Product score is based on 1 ratings,1,,True
be773adc-8456-43fc-b1d3-4322518086ee,Woolworths Supermarket,Health & Beauty,Colgate 360 Degrees Whole Mouth Clean Compact Head Toothbrush Soft 2 pack,301842,$4.00,$2.00 / 1EA,https://www.woolworths.com.au/shop/productdetails/301842/colgate-360-degrees-whole-mouth-clean-compact-head-toothbrush-soft,https://cdn0.woolworths.media/content/wowproductimages/medium/301842.jpg,2020-09-20 19:49:44,Average product rating out of 5: 4.2. Product score is based on 10 ratings,10,,True
0bb2109d-fa0c-4f89-8c2e-c7cc6ca7a7ea,Woolworths Supermarket,Health & Beauty,Oral-b 3d White Electric Toothbrush Replacement Head 2 refills,302209,$16.75,$8.38 / 1EA,https://www.woolworths.com.au/shop/productdetails/302209/oral-b-3d-white-electric-toothbrush-replacement-head,https://cdn0.woolworths.media/content/wowproductimages/medium/302209.jpg,2020-09-20 19:49:44,Average product rating out of 5: 5.0. Product score is based on 1 ratings,1,Was $16.99 31/10/16,True
c08918b0-60de-4249-9729-0a8073a11fe0,Woolworths Supermarket,Health & Beauty,Oral-b Electric Toothbrush Precision Clean Head 2 pack,302210,$13.75,$6.88 / 1EA,https://www.woolworths.com.au/shop/productdetails/302210/oral-b-electric-toothbrush-precision-clean-head,https://cdn0.woolworths.media/content/wowproductimages/medium/302210.jpg,2020-09-20 19:49:44,Average product rating out of 5: 4.5. Product score is based on 13 ratings,13,Was $13.99 31/10/16,True
35a59108-7aa1-4f06-a61e-62cb9eb64ffb,Woolworths Supermarket,Health & Beauty,Oral-b Sensitive Clean Electric Toothbrush Replacement Heads 2 refills,302214,$13.75,$6.88 / 1EA,https://www.woolworths.com.au/shop/productdetails/302214/oral-b-sensitive-clean-electric-toothbrush-replacement-heads,https://cdn0.woolworths.media/content/wowproductimages/medium/302214.jpg,2020-09-20 19:49:44,Average product rating out of 5: 4.7. Product score is based on 16 ratings,16,Was $13.99 31/10/16,True
84494fd4-d4f2-4ccd-b779-cea36c7ba8e7,Woolworths Supermarket,Health & Beauty,Oral-b Precision Clean Toothbrush Replacement Electric Heads 5 refills,302223,$32.75,$6.55 / 1EA,https://www.woolworths.com.au/shop/productdetails/302223/oral-b-precision-clean-toothbrush-replacement-electric-heads,https://cdn0.woolworths.media/content/wowproductimages/medium/302223.jpg,2020-09-20 19:49:44,Average product rating out of 5: 4.4. Product score is based on 18 ratings,18,Was $32.99 31/10/16,True
439b1705-b18b-447d-bea5-b88f1938034b,Woolworths Supermarket,Health & Beauty,Listerine Smart Rinse Mouthwash For Kids Berry 500ml,302987,$7.00,$1.40 / 100ML,https://www.woolworths.com.au/shop/productdetails/302987/listerine-smart-rinse-mouthwash-for-kids-berry,https://cdn0.woolworths.media/content/wowproductimages/medium/302987.jpg,2020-09-20 19:49:44,Average product rating out of 5: 4.6. Product score is based on 14 ratings,14,Was $7.50 28/08/2017,True
f73f33bc-79b4-40e2-a9b0-e2290f01e0cb,Woolworths Supermarket,Health & Beauty,Strepsils Double Antibacterial? Soothing Throat Lozenge Honey And Lemon 36 pack,303925,$10.50,$0.29 / 1EA,https://www.woolworths.com.au/shop/productdetails/303925/strepsils-double-antibacterial-soothing-throat-lozenge-honey-and-lemon,https://cdn0.woolworths.media/content/wowproductimages/medium/303925.jpg,2020-09-20 19:49:44,Average product rating out of 5: 4.8. Product score is based on 5 ratings,5,,True
b07a0a98-2d39-499f-a373-cc0d456ed2ea,Woolworths Supermarket,Health & Beauty,Strepsils Double Antibacterial Soothing Sore Throat Lozenges Orange 36 pack,303938,$10.50,$0.29 / 1EA,https://www.woolworths.com.au/shop/productdetails/303938/strepsils-double-antibacterial-soothing-sore-throat-lozenges-orange,https://cdn0.woolworths.media/content/wowproductimages/medium/303938.jpg,2020-09-20 19:49:44,Average product rating out of 5: 5.0. Product score is based on 2 ratings,2,,True
66e0e31b-0c17-445c-afc8-d7d053a18372,Woolworths Supermarket,Health & Beauty,Voltaren Muscle And Back Pain Relief Emulgel 100g,304714,$20.50,$20.50 / 100G,https://www.woolworths.com.au/shop/productdetails/304714/voltaren-muscle-and-back-pain-relief-emulgel,https://cdn0.woolworths.media/content/wowproductimages/medium/304714.jpg,2020-09-20 19:49:44,Average product rating out of 5: 4.3. Product score is based on 12 ratings,12,,True
91659b4f-3024-44fe-9003-8c6c341809c4,Woolworths Supermarket,Health & Beauty,Nyal Tablets Cold And Flu 18 Day & 6 Night 24pk,305050,$11.20,$0.47 / 1EA,https://www.woolworths.com.au/shop/productdetails/305050/nyal-tablets-cold-and-flu-18-day-6-night,https://cdn0.woolworths.media/content/wowproductimages/medium/305050.jpg,2020-09-20 19:49:44,Average product rating out of 5: 5.0. Product score is based on 4 ratings,4,,True
2f5cf4c3-9363-4736-b4da-999255be9ca2,Woolworths Supermarket,Health & Beauty,Schwarzkopf Brilliance Luminance Smouldering Red L43 each,305947,$14.40,,https://www.woolworths.com.au/shop/productdetails/305947/schwarzkopf-brilliance-luminance-smouldering-red-l43,https://cdn0.woolworths.media/content/wowproductimages/medium/305947.jpg,2020-09-20 19:49:44,Average product rating out of 5: 4.8. Product score is based on 6 ratings,6,,True
d65505f3-c75d-431a-9123-61086ff95125,Woolworths Supermarket,Health & Beauty,Nature's Way Glucosamine Tablets 1500mg 180 pack,306795,$40.00,$22.22 / 100EA,https://www.woolworths.com.au/shop/productdetails/306795/nature-s-way-glucosamine-tablets-1500mg,https://cdn0.woolworths.media/content/wowproductimages/medium/306795.jpg,2020-09-20 19:49:44,Average product rating out of 5: 5.0. Product score is based on 2 ratings,2,,True
c7fe4cc8-5603-4b73-8322-6eb4c69064be,Woolworths Supermarket,Health & Beauty,Atkins Endulge Bar Chocolate Coconut 40g,306940,$3.00,$7.50 / 100G,https://www.woolworths.com.au/shop/productdetails/306940/atkins-endulge-bar-chocolate-coconut,https://cdn0.woolworths.media/content/wowproductimages/medium/306940.jpg,2020-09-20 19:49:44,Average product rating out of 5: 4.3. Product score is based on 3 ratings,3,,True
6219d8cb-0bb2-4f4e-beed-b98beae01b00,Woolworths Supermarket,Health & Beauty,Swisse Ultivite Women's 50+ 60 pack,307048,$18.00,$30.00 / 100EA,https://www.woolworths.com.au/shop/productdetails/307048/swisse-ultivite-women-s-50-,https://cdn0.woolworths.media/content/wowproductimages/medium/307048.jpg,2020-09-20 19:49:44,Average product rating out of 5: 4.5. Product score is based on 6 ratings,6,,True
4b243a5f-5d67-4a26-8bfe-8e04d0e55f64,Woolworths Supermarket,Health & Beauty,Swisse Men's Ultivite 50+ Tablets 60pk,307049,$18.00,$30.00 / 100EA,https://www.woolworths.com.au/shop/productdetails/307049/swisse-men-s-ultivite-50-tablets,https://cdn0.woolworths.media/content/wowproductimages/medium/307049.jpg,2020-09-20 19:49:44,Average product rating out of 5: 5.0. Product score is based on 1 ratings,1,,True
d9e99570-9991-4b02-9db7-cde0d3e358e4,Woolworths Supermarket,Health & Beauty,Swisse Ultivite Women's Tablets F1 60 pack,307061,$15.00,$25.00 / 100EA,https://www.woolworths.com.au/shop/productdetails/307061/swisse-ultivite-women-s-tablets-f1,https://cdn0.woolworths.media/content/wowproductimages/medium/307061.jpg,2020-09-20 19:49:44,Average product rating out of 5: 4.8. Product score is based on 12 ratings,12,,True
e264acc1-4e08-4481-8cde-5b898cccf30c,Woolworths Supermarket,Health & Beauty,Swisse Men's Ultivite Tablet 60 pack,307062,$15.00,$25.00 / 100EA,https://www.woolworths.com.au/shop/productdetails/307062/swisse-men-s-ultivite-tablet,https://cdn0.woolworths.media/content/wowproductimages/medium/307062.jpg,2020-09-20 19:49:44,Average product rating out of 5: 4.0. Product score is based on 4 ratings,4,,True
ff0d71ec-6cad-49ed-b73e-440cdcde6d1b,Woolworths Supermarket,Health & Beauty,Ecostore Soap Bar Coconut 80g,307400,$2.59,$3.24 / 100G,https://www.woolworths.com.au/shop/productdetails/307400/ecostore-soap-bar-coconut,https://cdn0.woolworths.media/content/wowproductimages/medium/307400.jpg,2020-09-20 19:49:44,Average product rating out of 5: 4.6. Product score is based on 38 ratings,38,,True
654270ff-2ec3-4b84-8175-b237cce18d17,Woolworths Supermarket,Health & Beauty,Dermeze Soap Free Body Wash & Facial Cleanser 1l,307450,$18.50,$1.85 / 100ML,https://www.woolworths.com.au/shop/productdetails/307450/dermeze-soap-free-body-wash-facial-cleanser,https://cdn0.woolworths.media/content/wowproductimages/medium/307450.jpg,2020-09-20 19:49:44,Average product rating out of 5: 5.0. Product score is based on 15 ratings,15,,True
811062de-b435-4b44-af97-77d75853aeb3,Woolworths Supermarket,Health & Beauty,Marc Daniels Treatment Go Curly Makes Hair Curly 150ml,307851,$7.70,$5.13 / 100ML,https://www.woolworths.com.au/shop/productdetails/307851/marc-daniels-treatment-go-curly-makes-hair-curly,https://cdn0.woolworths.media/content/wowproductimages/medium/307851.jpg,2020-09-20 19:49:44,Average product rating out of 5: 3.8. Product score is based on 9 ratings,9,,True
1c31c192-6150-4c49-8544-f7457e144a97,Woolworths Supermarket,Health & Beauty,Colgate Extra Clean Medium Toothbrush With Rubber Tongue Cleaner each,307865,$2.00,$2.00 / 1EA,https://www.woolworths.com.au/shop/productdetails/307865/colgate-extra-clean-medium-toothbrush-with-rubber-tongue-cleaner,https://cdn0.woolworths.media/content/wowproductimages/medium/307865.jpg,2020-09-20 19:49:44,Average product rating out of 5: 4.4. Product score is based on 12 ratings,12,,True
5f6514b1-014d-422f-b23c-eb8dd46e16d4,Woolworths Supermarket,Health & Beauty,Aveeno Active Naturals Intense Relief Hand Cream 100g,308409,$7.20,$7.20 / 100G,https://www.woolworths.com.au/shop/productdetails/308409/aveeno-active-naturals-intense-relief-hand-cream,https://cdn0.woolworths.media/content/wowproductimages/medium/308409.jpg,2020-09-20 19:49:44,Average product rating out of 5: 5.0. Product score is based on 18 ratings,18,,True
1b4b1fd3-a9e6-4437-a998-a48c590f9be9,Woolworths Supermarket,Health & Beauty,Cetaphil Gentle Skin Cleanser All Skin Types 250ml,309789,$10.50,$4.20 / 100ML,https://www.woolworths.com.au/shop/productdetails/309789/cetaphil-gentle-skin-cleanser-all-skin-types,https://cdn0.woolworths.media/content/wowproductimages/medium/309789.jpg,2020-09-20 19:49:44,Average product rating out of 5: 4.0. Product score is based on 2 ratings,2,,True
1d0aecf4-6c56-43f2-9264-40e2f44513fb,Woolworths Supermarket,Health & Beauty,Aveeno Skin Relief Moisturising Cream 312g,309796,$10.50,$0.34 / 10G,https://www.woolworths.com.au/shop/productdetails/309796/aveeno-skin-relief-moisturising-cream,https://cdn0.woolworths.media/content/wowproductimages/medium/309796.jpg,2020-09-20 19:49:44,Average product rating out of 5: 4.5. Product score is based on 6 ratings,6,,True
d7de1ab8-c22f-4439-a91c-156b641c2537,Woolworths Supermarket,Health & Beauty,Nivea For Men Face Care Moisturiser Dnage 50ml,310107,$17.00,$34.00 / 100ML,https://www.woolworths.com.au/shop/productdetails/310107/nivea-for-men-face-care-moisturiser-dnage,https://cdn0.woolworths.media/content/wowproductimages/medium/310107.jpg,2020-09-20 19:49:44,Average product rating out of 5: 5.0. Product score is based on 1 ratings,1,,True
5702478f-81e8-4d1c-b2bf-2cbb8f9e5b9e,Woolworths Supermarket,Health & Beauty,Gillette Venus Sensitive Disposable Razors 3 pack,310108,$7.00,$2.33 / 1EA,https://www.woolworths.com.au/shop/productdetails/310108/gillette-venus-sensitive-disposable-razors,https://cdn0.woolworths.media/content/wowproductimages/medium/310108.jpg,2020-09-20 19:49:44,Average product rating out of 5: 4.5. Product score is based on 16 ratings,16,,True
2ea7da45-f579-4859-a327-9f6ec436cc94,Woolworths Supermarket,Health & Beauty,Cashmere Bouquet Bar Soap Lavender 100g x4 pack,310410,$3.05,$0.76 / 100G,https://www.woolworths.com.au/shop/productdetails/310410/cashmere-bouquet-bar-soap-lavender,https://cdn0.woolworths.media/content/wowproductimages/medium/310410.jpg,2020-09-20 19:49:44,Average product rating out of 5: 4.4. Product score is based on 17 ratings,17,,True
f094ea6d-9dfd-4e5e-a5be-33ea68a33ace,Woolworths Supermarket,Health & Beauty,Essentials Skin Repair Body Cream 500ml,310473,$3.49,$0.70 / 100ML,https://www.woolworths.com.au/shop/productdetails/310473/essentials-skin-repair-body-cream,https://cdn0.woolworths.media/content/wowproductimages/medium/310473.jpg,2020-09-20 19:49:44,Average product rating out of 5: 5.0. Product score is based on 1 ratings,1,,True
93994dad-7d87-4637-83b3-cc960a92b40d,Woolworths Supermarket,Health & Beauty,Maybelline Mineral Power Powder Foundation - Classic Ivory 8g,310591,$14.70,$18.38 / 10G,https://www.woolworths.com.au/shop/productdetails/310591/maybelline-mineral-power-powder-foundation-classic-ivory,https://cdn0.woolworths.media/content/wowproductimages/medium/310591.jpg,2020-09-20 19:49:44,Average product rating out of 5: 5.0. Product score is based on 2 ratings,2,,True
10143003-f575-4dce-abc0-577f76165ea3,Woolworths Supermarket,Health & Beauty,Maybelline Mineral Power Powder Foundation - Nude 8g,310593,$14.70,$18.38 / 10G,https://www.woolworths.com.au/shop/productdetails/310593/maybelline-mineral-power-powder-foundation-nude,https://cdn0.woolworths.media/content/wowproductimages/medium/310593.jpg,2020-09-20 19:49:44,,0,,True
7096fecd-f796-4aae-be95-7245dd1e9082,Woolworths Supermarket,Health & Beauty,Cover Girl Lash Blast Volume Waterproof Mascara 825 Very Black each,310627,$19.00,$14.50 / 10ML,https://www.woolworths.com.au/shop/productdetails/310627/cover-girl-lash-blast-volume-waterproof-mascara-825-very-black,https://cdn0.woolworths.media/content/wowproductimages/medium/310627.jpg,2020-09-20 19:49:44,,0,,True
45bcba51-d005-4ade-883b-99628b64cb95,Woolworths Supermarket,Health & Beauty,Cover Girl Lash Blast Volume Mascara 800 Very Black each,310628,$19.00,$14.50 / 10ML,https://www.woolworths.com.au/shop/productdetails/310628/cover-girl-lash-blast-volume-mascara-800-very-black,https://cdn0.woolworths.media/content/wowproductimages/medium/310628.jpg,2020-09-20 19:49:44,Average product rating out of 5: 5.0. Product score is based on 1 ratings,1,,True
01919d4e-8446-4e0f-8d23-cf0fbc279fc1,Woolworths Supermarket,Health & Beauty,Lip Smacker Lip Gloss Coca-cola 4g,310923,$3.35,$8.38 / 10G,https://www.woolworths.com.au/shop/productdetails/310923/lip-smacker-lip-gloss-coca-cola,https://cdn0.woolworths.media/content/wowproductimages/medium/310923.jpg,2020-09-20 19:49:44,Average product rating out of 5: 5.0. Product score is based on 2 ratings,2,Designs may vary,True
1781faaf-0be6-457f-ae71-2b0e20c813cf,Woolworths Supermarket,Health & Beauty,Rexona Men Antiperspirant Aerosol Deodorant Quantum 250ml,311322,$5.00,$2.00 / 100ML,https://www.woolworths.com.au/shop/productdetails/311322/rexona-men-antiperspirant-aerosol-deodorant-quantum,https://cdn0.woolworths.media/content/wowproductimages/medium/311322.jpg,2020-09-20 19:49:44,Average product rating out of 5: 4.7. Product score is based on 10 ratings,10,Was $7.00 24/01/2018,True
7ea988a5-ef26-4c76-a39f-18b65bd9c1d5,Woolworths Supermarket,Health & Beauty,Homebrand Razor Disposable Womens Twin Blade 10 pack,311486,$2.00,$0.20 / 1EA,https://www.woolworths.com.au/shop/productdetails/311486/homebrand-razor-disposable-womens-twin-blade,https://cdn0.woolworths.media/content/wowproductimages/medium/311486.jpg,2020-09-20 19:49:44,Average product rating out of 5: 4.0. Product score is based on 11 ratings,11,,True
35c8630b-24a7-4d1e-b7f4-e39e4ecf0967,Woolworths Supermarket,Health & Beauty,Cancer Council Spf 30+ Sunscreen Everyday 500ml,312006,$20.80,$4.16 / 100ML,https://www.woolworths.com.au/shop/productdetails/312006/cancer-council-spf-30-sunscreen-everyday,https://cdn0.woolworths.media/content/wowproductimages/medium/312006.jpg,2020-09-20 19:49:44,Average product rating out of 5: 4.3. Product score is based on 4 ratings,4,,True
0f8279d6-67b4-482d-bb80-4d3ffd492d9f,Woolworths Supermarket,Health & Beauty,Palmer's Cocoa Butter Hand Cream 60g,312050,$3.50,$5.83 / 100G,https://www.woolworths.com.au/shop/productdetails/312050/palmer-s-cocoa-butter-hand-cream,https://cdn0.woolworths.media/content/wowproductimages/medium/312050.jpg,2020-09-20 19:49:44,Average product rating out of 5: 3.9. Product score is based on 9 ratings,9,Was $4.49 20/08/2018,True
3b1e7c19-30d4-4246-b146-874591418fac,Woolworths Supermarket,Health & Beauty,Tena Liners Extra Long 24 pack,312062,$3.50,$0.15 / 1EA,https://www.woolworths.com.au/shop/productdetails/312062/tena-liners-extra-long,https://cdn0.woolworths.media/content/wowproductimages/medium/312062.jpg,2020-09-20 19:49:44,,0,,True
549054d5-5b9b-47c3-9cb9-c8d05387657e,Woolworths Supermarket,Health & Beauty,Libra Maternity Pads Aloe Vera With Wings 10 pack,312064,$4.20,$0.42 / 1EA,https://www.woolworths.com.au/shop/productdetails/312064/libra-maternity-pads-aloe-vera-with-wings,https://cdn0.woolworths.media/content/wowproductimages/medium/312064.jpg,2020-09-20 19:49:44,,0,Was $4.80 06/11/2017,True
1f498534-886a-438d-a101-c9ab73a8f417,Woolworths Supermarket,Health & Beauty,Clearasil Daily Clear Facial Cleanser Oil Free Gel 150ml,312140,$10.50,$7.00 / 100ML,https://www.woolworths.com.au/shop/productdetails/312140/clearasil-daily-clear-facial-cleanser-oil-free-gel,https://cdn0.woolworths.media/content/wowproductimages/medium/312140.jpg,2020-09-20 19:49:44,Average product rating out of 5: 3.7. Product score is based on 3 ratings,3,,True
57658b2f-4d71-4d53-930a-7ba50fb276ac,Woolworths Supermarket,Health & Beauty,Cottons Panty Liners Ultra Thin 24 pack,312208,$3.10,$0.13 / 1EA,https://www.woolworths.com.au/shop/productdetails/312208/cottons-panty-liners-ultra-thin,https://cdn0.woolworths.media/content/wowproductimages/medium/312208.jpg,2020-09-20 19:49:44,,0,,True
81e3d83c-917c-4094-987b-6091762e22f1,Woolworths Supermarket,Health & Beauty,Stayfree Ultra Thins Pads Wings Super 24 pack,312312,$7.25,$0.30 / 1EA,https://www.woolworths.com.au/shop/productdetails/312312/stayfree-ultra-thins-pads-wings-super,https://cdn0.woolworths.media/content/wowproductimages/medium/312312.jpg,2020-09-20 19:49:44,,0,,True
72f3d79e-5d13-419e-b9a4-bde4a82088bf,Woolworths Supermarket,Health & Beauty,Stayfree Pads Ultra Thin Regular Wings 24 pack,312314,$7.25,$0.30 / 1EA,https://www.woolworths.com.au/shop/productdetails/312314/stayfree-pads-ultra-thin-regular-wings,https://cdn0.woolworths.media/content/wowproductimages/medium/312314.jpg,2020-09-20 19:49:44,,0,,True
a580c625-bcf4-48f3-937c-0195ae22fafa,Woolworths Supermarket,Health & Beauty,L'oreal De Age Perfect Cleansing Milk Cleansing Milk 200ml,312358,$7.50,$3.75 / 100ML,https://www.woolworths.com.au/shop/productdetails/312358/l-oreal-de-age-perfect-cleansing-milk-cleansing-milk,https://cdn0.woolworths.media/content/wowproductimages/medium/312358.jpg,2020-09-20 19:49:44,Average product rating out of 5: 5.0. Product score is based on 1 ratings,1,,True
827ef9b6-c202-465f-b548-3fa078df3b2e,Woolworths Supermarket,Health & Beauty,L'oreal De Age Perfect Toner Toner 200ml,312359,$7.50,$3.75 / 100ML,https://www.woolworths.com.au/shop/productdetails/312359/l-oreal-de-age-perfect-toner-toner,https://cdn0.woolworths.media/content/wowproductimages/medium/312359.jpg,2020-09-20 19:49:44,,0,,True
2b3127ab-2d2b-4d81-adf8-2039013ff066,Woolworths Supermarket,Health & Beauty,"Garnier Pure Active Anti Acne 3 In 1 Wash, Scrub & Mask 150ml",312446,$8.75,$5.83 / 100ML,https://www.woolworths.com.au/shop/productdetails/312446/garnier-pure-active-anti-acne-3-in-1-wash-scrub-mask,https://cdn0.woolworths.media/content/wowproductimages/medium/312446.jpg,2020-09-20 19:49:44,Average product rating out of 5: 4.8. Product score is based on 6 ratings,6,,True
eb824424-6bc4-4115-a063-b522c9b83fea,Woolworths Supermarket,Health & Beauty,Canesten Athlete's Foot Cream 50g,313472,$14.00,$28.00 / 100G,https://www.woolworths.com.au/shop/productdetails/313472/canesten-athlete-s-foot-cream,https://cdn0.woolworths.media/content/wowproductimages/medium/313472.jpg,2020-09-20 19:49:44,Average product rating out of 5: 4.5. Product score is based on 4 ratings,4,,True
da0e53db-ca9d-4fb1-a979-0fd61dc3dbf8,Woolworths Supermarket,Health & Beauty,Colgate Toothbrush Toothpaste Mouthwash & Floss Travel Pack each,313528,$8.00,,https://www.woolworths.com.au/shop/productdetails/313528/colgate-toothbrush-toothpaste-mouthwash-floss-travel-pack,https://cdn0.woolworths.media/content/wowproductimages/medium/313528.jpg,2020-09-20 19:49:44,Average product rating out of 5: 4.7. Product score is based on 7 ratings,7,,True
eb964d22-b06e-41cd-89d5-f0725bb38bde,Woolworths Supermarket,Health & Beauty,Clairol Nice N Easy 106a Natural Dark Blonde each,313721,$9.00,,https://www.woolworths.com.au/shop/productdetails/313721/clairol-nice-n-easy-106a-natural-dark-blonde,https://cdn0.woolworths.media/content/wowproductimages/medium/313721.jpg,2020-09-20 19:49:44,,0,Was $13.00 06/08/2018,True
61e2e36c-f6da-4204-9c4a-73cea61dbb7e,Woolworths Supermarket,Health & Beauty,Poise Incontinence Liners Extra Long Absorbency 22 pack,314953,$4.29,$0.20 / 1EA,https://www.woolworths.com.au/shop/productdetails/314953/poise-incontinence-liners-extra-long-absorbency,https://cdn0.woolworths.media/content/wowproductimages/medium/314953.jpg,2020-09-20 19:49:44,,0,,True
a9c2ad42-1336-44c7-8257-f1c073d19e6b,Woolworths Supermarket,Health & Beauty,Simple Kind To Skin Facial Wash Moisturising 150ml,314984,$11.00,$7.33 / 100ML,https://www.woolworths.com.au/shop/productdetails/314984/simple-kind-to-skin-facial-wash-moisturising,https://cdn0.woolworths.media/content/wowproductimages/medium/314984.jpg,2020-09-20 19:49:44,Average product rating out of 5: 4.8. Product score is based on 5 ratings,5,,True
5531d9cf-992b-4989-a0f8-608b0a2b7ccd,Woolworths Supermarket,Health & Beauty,Shockwaves Gel Extreme Hold 250ml,316823,$5.00,$2.00 / 100ML,https://www.woolworths.com.au/shop/productdetails/316823/shockwaves-gel-extreme-hold,https://cdn0.woolworths.media/content/wowproductimages/medium/316823.jpg,2020-09-20 19:49:44,Average product rating out of 5: 5.0. Product score is based on 4 ratings,4,,True
dd45411a-2bd7-4435-ab35-f4e5bc4ffec8,Woolworths Supermarket,Health & Beauty,Rexona Travel Minis Women Freshen Up pack,317006,$12.50,$12.50 / 1EA,https://www.woolworths.com.au/shop/productdetails/317006/rexona-travel-minis-women-freshen-up,https://cdn0.woolworths.media/content/wowproductimages/medium/317006.jpg,2020-09-20 19:49:44,Average product rating out of 5: 3.5. Product score is based on 6 ratings,6,,True
ef03acd5-fa98-4997-ad19-1d2a81249cf4,Woolworths Supermarket,Health & Beauty,Redwin Body Wash Sensitive Extra Sorbolene 1l,317149,$12.00,$1.20 / 100ML,https://www.woolworths.com.au/shop/productdetails/317149/redwin-body-wash-sensitive-extra-sorbolene,https://cdn0.woolworths.media/content/wowproductimages/medium/317149.jpg,2020-09-20 19:49:44,Average product rating out of 5: 5.0. Product score is based on 22 ratings,22,,True
36663343-e058-40fd-aa40-c777b96b73dd,Woolworths Supermarket,Health & Beauty,Woolworths Zinc Clear 100ml,318992,$9.50,$9.50 / 100G,https://www.woolworths.com.au/shop/productdetails/318992/woolworths-zinc-clear,https://cdn0.woolworths.media/content/wowproductimages/medium/318992.jpg,2020-09-20 19:49:44,Average product rating out of 5: 4.5. Product score is based on 2 ratings,2,,True
67e57872-32c9-4df4-8047-c13dc6d9dc7c,Woolworths Supermarket,Health & Beauty,Cover Girl & Olay Simply Ageless Foundation 240 Natural Beige 12g,319972,$25.50,$21.25 / 10G,https://www.woolworths.com.au/shop/productdetails/319972/cover-girl-olay-simply-ageless-foundation-240-natural-beige,https://cdn0.woolworths.media/content/wowproductimages/medium/319972.jpg,2020-09-20 19:49:44,,0,,True
8454cfe0-71a4-4d39-80fa-55d88111aa72,Woolworths Supermarket,Health & Beauty,Cover Girl & Olay Simply Ageless Foundation 220 Creamy Natural 12g,319973,$25.50,$21.25 / 10G,https://www.woolworths.com.au/shop/productdetails/319973/cover-girl-olay-simply-ageless-foundation-220-creamy-natural,https://cdn0.woolworths.media/content/wowproductimages/medium/319973.jpg,2020-09-20 19:49:44,,0,,True
a772c384-aa98-4054-bd23-a0cb967bbc8c,Woolworths Supermarket,Health & Beauty,Cover Girl Aquasmooth Makeup 727 Buff Beige 12g,320211,$22.00,$18.33 / 10G,https://www.woolworths.com.au/shop/productdetails/320211/cover-girl-aquasmooth-makeup-727-buff-beige,https://cdn0.woolworths.media/content/wowproductimages/medium/320211.jpg,2020-09-20 19:49:44,Average product rating out of 5: 5.0. Product score is based on 1 ratings,1,,True
73996bc5-b707-4e35-84fd-a7db9082fc47,Woolworths Supermarket,Health & Beauty,Cover Girl Aquasmooth Makeup 720 Creamy Natural 12g,320213,$22.00,$18.33 / 10G,https://www.woolworths.com.au/shop/productdetails/320213/cover-girl-aquasmooth-makeup-720-creamy-natural,https://cdn0.woolworths.media/content/wowproductimages/medium/320213.jpg,2020-09-20 19:49:44,,0,,True
d700ab02-af82-4763-b1fc-1da93213902d,Woolworths Supermarket,Health & Beauty,Aveeno Active Naturals Positively Radiant Daily Scrub 141g,320232,$9.70,$6.93 / 100G,https://www.woolworths.com.au/shop/productdetails/320232/aveeno-active-naturals-positively-radiant-daily-scrub,https://cdn0.woolworths.media/content/wowproductimages/medium/320232.jpg,2020-09-20 19:49:44,Average product rating out of 5: 5.0. Product score is based on 6 ratings,6,,True
ee3c8170-ce2f-4c5a-994e-ce04d61123d1,Woolworths Supermarket,Health & Beauty,Nivea For Men Face Care Sensitive Wash 100ml,320599,$5.60,$5.60 / 100ML,https://www.woolworths.com.au/shop/productdetails/320599/nivea-for-men-face-care-sensitive-wash,https://cdn0.woolworths.media/content/wowproductimages/medium/320599.jpg,2020-09-20 19:49:44,Average product rating out of 5: 4.6. Product score is based on 5 ratings,5,,True
b8c8ebb5-6d4a-43cd-8bc4-2237c8f0a486,Woolworths Supermarket,Health & Beauty,Nurofen Zavance Fast Pain Relief Tablets 256mg Ibuprofen 12 pack,320780,$4.00,$0.33 / 1EA,https://www.woolworths.com.au/shop/productdetails/320780/nurofen-zavance-fast-pain-relief-tablets-256mg-ibuprofen,https://cdn0.woolworths.media/content/wowproductimages/medium/320780.jpg,2020-09-20 19:49:44,Average product rating out of 5: 5.0. Product score is based on 3 ratings,3,,True
4f7dee89-bda0-43b9-b7b1-86da4ce91339,Woolworths Supermarket,Health & Beauty,Nurofen Zavance Fast Pain Relief Caplets 256mg Ibuprofen 12 pack,320782,$4.00,$0.33 / 1EA,https://www.woolworths.com.au/shop/productdetails/320782/nurofen-zavance-fast-pain-relief-caplets-256mg-ibuprofen,https://cdn0.woolworths.media/content/wowproductimages/medium/320782.jpg,2020-09-20 19:49:44,Average product rating out of 5: 5.0. Product score is based on 1 ratings,1,,True
56ab541d-aa63-4a69-a51e-ff7ff180aa73,Woolworths Supermarket,Health & Beauty,Nurofen Zavance Fast Pain Relief Caplets 256mg Ibuprofen 24 pack,320783,$7.00,$0.29 / 1EA,https://www.woolworths.com.au/shop/productdetails/320783/nurofen-zavance-fast-pain-relief-caplets-256mg-ibuprofen,https://cdn0.woolworths.media/content/wowproductimages/medium/320783.jpg,2020-09-20 19:49:44,Average product rating out of 5: 4.8. Product score is based on 10 ratings,10,,True
cb629b7d-116e-4067-a96c-265421c0d636,Woolworths Supermarket,Health & Beauty,Nurofen Zavance Fast Pain Relief Tablets 256mg Ibuprofen 24 pack,320786,$7.00,$0.29 / 1EA,https://www.woolworths.com.au/shop/productdetails/320786/nurofen-zavance-fast-pain-relief-tablets-256mg-ibuprofen,https://cdn0.woolworths.media/content/wowproductimages/medium/320786.jpg,2020-09-20 19:49:44,Average product rating out of 5: 4.5. Product score is based on 8 ratings,8,,True
ee1fbcab-9dbd-45a2-b29f-e154708169a9,Woolworths Supermarket,Health & Beauty,Olay Total Effects Touch Of Foundation Moisturiser 50g,320872,$24.50,$49.00 / 100G,https://www.woolworths.com.au/shop/productdetails/320872/olay-total-effects-touch-of-foundation-moisturiser,https://cdn0.woolworths.media/content/wowproductimages/medium/320872.jpg,2020-09-20 19:49:44,Average product rating out of 5: 4.7. Product score is based on 6 ratings,6,,True
8bf88f81-08ab-4908-8aad-57adc6355023,Woolworths Supermarket,Health & Beauty,Blistex Intensive Repair Spf15 7g,321393,$4.50,$6.43 / 10G,https://www.woolworths.com.au/shop/productdetails/321393/blistex-intensive-repair-spf15,https://cdn0.woolworths.media/content/wowproductimages/medium/321393.jpg,2020-09-20 19:49:44,Average product rating out of 5: 5.0. Product score is based on 6 ratings,6,,True
86b943ad-087d-4ed8-84d5-e53488ddd440,Woolworths Supermarket,Health & Beauty,Nicabate Quit Smoking Minis Lozenge 1.5 Mg 60 pack,321460,$28.90,$48.17 / 100EA,https://www.woolworths.com.au/shop/productdetails/321460/nicabate-quit-smoking-minis-lozenge-1-5-mg,https://cdn0.woolworths.media/content/wowproductimages/medium/321460.jpg,2020-09-20 19:49:44,Average product rating out of 5: 5.0. Product score is based on 1 ratings,1,,True
c02227a3-55fa-4240-8df7-545ef4edefd9,Woolworths Supermarket,Health & Beauty,Nicabate Quit Smoking Minis Lozenge 4 Mg 20 pack,321461,$12.79,$0.64 / 1EA,https://www.woolworths.com.au/shop/productdetails/321461/nicabate-quit-smoking-minis-lozenge-4-mg,https://cdn0.woolworths.media/content/wowproductimages/medium/321461.jpg,2020-09-20 19:49:44,Average product rating out of 5: 5.0. Product score is based on 1 ratings,1,,True
fa439478-4ea1-40ba-86b8-b61c53edcb50,Woolworths Supermarket,Health & Beauty,Nicabate Quit Smoking Minis Lozenge 1.5 Mg 20 pack,321466,$12.79,$0.64 / 1EA,https://www.woolworths.com.au/shop/productdetails/321466/nicabate-quit-smoking-minis-lozenge-1-5-mg,https://cdn0.woolworths.media/content/wowproductimages/medium/321466.jpg,2020-09-20 19:49:44,Average product rating out of 5: 4.0. Product score is based on 1 ratings,1,,True
ec3b085b-db42-4fe6-bf87-d39cf9278126,Woolworths Supermarket,Health & Beauty,Nicabate Quit Smoking Minis Lozenge 4 Mg 60 pack,321467,$28.90,$48.17 / 100EA,https://www.woolworths.com.au/shop/productdetails/321467/nicabate-quit-smoking-minis-lozenge-4-mg,https://cdn0.woolworths.media/content/wowproductimages/medium/321467.jpg,2020-09-20 19:49:44,Average product rating out of 5: 5.0. Product score is based on 1 ratings,1,,True
9aa86335-0e58-4dbc-8345-26f9979214dd,Woolworths Supermarket,Health & Beauty,Gaviscon Dual Action Heartburn & Indigestion Chewable Tablets 16 pack,321489,$5.70,$0.36 / 1EA,https://www.woolworths.com.au/shop/productdetails/321489/gaviscon-dual-action-heartburn-indigestion-chewable-tablets,https://cdn0.woolworths.media/content/wowproductimages/medium/321489.jpg,2020-09-20 19:49:44,Average product rating out of 5: 4.4. Product score is based on 5 ratings,5,,True
ff388b6f-4a23-4156-9527-f0da113f65d2,Woolworths Supermarket,Health & Beauty,Quick-eze Antacids Forest Berry 24 pack,321495,$6.00,$0.25 / 1EA,https://www.woolworths.com.au/shop/productdetails/321495/quick-eze-antacids-forest-berry,https://cdn0.woolworths.media/content/wowproductimages/medium/321495.jpg,2020-09-20 19:49:44,Average product rating out of 5: 4.9. Product score is based on 13 ratings,13,,True
0243ed41-6ff1-4b7b-8a40-e4d90b051758,Woolworths Supermarket,Health & Beauty,Panadol Paracetamol Cold + Flu Plus Decongestant 20 pack,321507,$11.50,$0.58 / 1EA,https://www.woolworths.com.au/shop/productdetails/321507/panadol-paracetamol-cold-flu-plus-decongestant,https://cdn0.woolworths.media/content/wowproductimages/medium/321507.jpg,2020-09-20 19:49:44,Average product rating out of 5: 4.7. Product score is based on 3 ratings,3,,True
d9f60d9f-6fe7-4c95-be41-2f4f3dd17493,Woolworths Supermarket,Health & Beauty,Swisse Ultiboost Sleep Tabs 60 pack,321622,$11.00,$18.33 / 100EA,https://www.woolworths.com.au/shop/productdetails/321622/swisse-ultiboost-sleep-tabs,https://cdn0.woolworths.media/content/wowproductimages/medium/321622.jpg,2020-09-20 19:49:44,Average product rating out of 5: 4.0. Product score is based on 7 ratings,7,,True
f11d8bd5-2441-460b-af40-4e4c3ed1c9dd,Woolworths Supermarket,Health & Beauty,Colgate Plax Alcohol Free Mouthwash Freshmint 250ml,321727,$3.00,$1.20 / 100ML,https://www.woolworths.com.au/shop/productdetails/321727/colgate-plax-alcohol-free-mouthwash-freshmint,https://cdn0.woolworths.media/content/wowproductimages/medium/321727.jpg,2020-09-20 19:49:44,Average product rating out of 5: 4.5. Product score is based on 26 ratings,26,,True
f59e8bad-e4bf-4525-a17b-78f874f8f501,Woolworths Supermarket,Health & Beauty,Colgate Total Mint Waxed Durable Oral Care Dental Floss 100m,321740,$8.00,$0.08 / 1M,https://www.woolworths.com.au/shop/productdetails/321740/colgate-total-mint-waxed-durable-oral-care-dental-floss,https://cdn0.woolworths.media/content/wowproductimages/medium/321740.jpg,2020-09-20 19:49:44,Average product rating out of 5: 4.9. Product score is based on 7 ratings,7,,True
eed8371c-cd69-430a-9ad7-425e2686b6f8,Woolworths Supermarket,Health & Beauty,Listerine Total Care Mouthwash Clean Mint 250ml,321874,$5.00,$2.00 / 100ML,https://www.woolworths.com.au/shop/productdetails/321874/listerine-total-care-mouthwash-clean-mint,https://cdn0.woolworths.media/content/wowproductimages/medium/321874.jpg,2020-09-20 19:49:44,Average product rating out of 5: 4.2. Product score is based on 5 ratings,5,,True
8e022fc3-88ad-434c-bc4b-fca9a62341a5,Woolworths Supermarket,Health & Beauty,Listerine Total Care Mouthwash Clean Mint 500ml,321880,$7.00,$1.40 / 100ML,https://www.woolworths.com.au/shop/productdetails/321880/listerine-total-care-mouthwash-clean-mint,https://cdn0.woolworths.media/content/wowproductimages/medium/321880.jpg,2020-09-20 19:49:44,Average product rating out of 5: 4.9. Product score is based on 8 ratings,8,,True
f6d07a84-2ca5-4fc3-b3e0-cc39115c94c4,Woolworths Supermarket,Health & Beauty,Listerine Total Care Mouthwash Clean Mint 1l,321881,$12.50,$1.25 / 100ML,https://www.woolworths.com.au/shop/productdetails/321881/listerine-total-care-mouthwash-clean-mint,https://cdn0.woolworths.media/content/wowproductimages/medium/321881.jpg,2020-09-20 19:49:44,Average product rating out of 5: 4.9. Product score is based on 11 ratings,11,Was $13.65 14/11/16,True
3eb546e6-1b9b-42cb-9516-93ce185c5981,Woolworths Supermarket,Health & Beauty,"Cenovis Echinacea, Garlic, Zinc + C Tablets 125 pack",324756,$13.00,$10.40 / 100EA,https://www.woolworths.com.au/shop/productdetails/324756/cenovis-echinacea-garlic-zinc-c-tablets,https://cdn0.woolworths.media/content/wowproductimages/medium/324756.jpg,2020-09-20 19:49:44,Average product rating out of 5: 4.7. Product score is based on 6 ratings,6,,True
a8fc6260-3acf-4bce-930d-81056c479a87,Woolworths Supermarket,Health & Beauty,Swisse Ultiboost Memory Focus Tabs 50 pack,324904,$14.50,$29.00 / 100EA,https://www.woolworths.com.au/shop/productdetails/324904/swisse-ultiboost-memory-focus-tabs,https://cdn0.woolworths.media/content/wowproductimages/medium/324904.jpg,2020-09-20 19:49:44,Average product rating out of 5: 5.0. Product score is based on 3 ratings,3,,True
25f147e0-a94c-4389-a755-3eb99ab8946a,Woolworths Supermarket,Health & Beauty,Swisse Ultiboost Hair Skin Nail Tabs 60 pack,324905,,,https://www.woolworths.com.au/shop/productdetails/324905/swisse-ultiboost-hair-skin-nail-tabs,https://cdn0.woolworths.media/content/wowproductimages/medium/324905.jpg,2020-09-20 19:49:44,Average product rating out of 5: 4.4. Product score is based on 14 ratings,14,,False
fe419ed9-96b4-4d76-b615-e67038130b62,Woolworths Supermarket,Health & Beauty,Winners Sports Nutrition Energy Gel Lemon & Lime 160g,324911,$5.90,$3.69 / 100G,https://www.woolworths.com.au/shop/productdetails/324911/winners-sports-nutrition-energy-gel-lemon-lime,https://cdn0.woolworths.media/content/wowproductimages/medium/324911.jpg,2020-09-20 19:49:44,Average product rating out of 5: 3.7. Product score is based on 3 ratings,3,,True
c1dfbd6e-c195-4140-9f2c-5116ef293253,Woolworths Supermarket,Health & Beauty,Winners Sports Nutrition Energy Gel Berry Burst 4pk 40g,324912,$5.90,$3.69 / 100G,https://www.woolworths.com.au/shop/productdetails/324912/winners-sports-nutrition-energy-gel-berry-burst-4pk,https://cdn0.woolworths.media/content/wowproductimages/medium/324912.jpg,2020-09-20 19:49:44,Average product rating out of 5: 5.0. Product score is based on 1 ratings,1,,True
c3a6fb4f-26d2-445b-8cf4-07732c74e318,Woolworths Supermarket,Health & Beauty,Burt's Bees Lip Balm Honey each,325462,$5.00,$12.50 / 10G,https://www.woolworths.com.au/shop/productdetails/325462/burt-s-bees-lip-balm-honey,https://cdn0.woolworths.media/content/wowproductimages/medium/325462.jpg,2020-09-20 19:49:44,Average product rating out of 5: 3.5. Product score is based on 2 ratings,2,,True
fa36c74c-0fc6-4fc8-b1b7-18a65926ad9f,Woolworths Supermarket,Health & Beauty,Burt's Bees Beeswax Lip Balm 4.25g,325463,$5.00,$11.76 / 10G,https://www.woolworths.com.au/shop/productdetails/325463/burt-s-bees-beeswax-lip-balm,https://cdn0.woolworths.media/content/wowproductimages/medium/325463.jpg,2020-09-20 19:49:44,Average product rating out of 5: 5.0. Product score is based on 1 ratings,1,,True
54c44baa-6f6a-4284-9921-5d98aa6598b4,Woolworths Supermarket,Health & Beauty,Palmolive Body Wash Coconut Scrub Exfoliating Shower Gel 400ml,325481,$4.50,$1.13 / 100ML,https://www.woolworths.com.au/shop/productdetails/325481/palmolive-body-wash-coconut-scrub-exfoliating-shower-gel,https://cdn0.woolworths.media/content/wowproductimages/medium/325481.jpg,2020-09-20 19:49:44,Average product rating out of 5: 4.8. Product score is based on 6 ratings,6,Was $6.00 19/03/2018,True
c785cecd-c54f-4944-bab9-3c89294795d0,Woolworths Supermarket,Health & Beauty,Burt's Bees Pomegranate Lip Balm 4.25g,325484,$5.00,$11.76 / 10G,https://www.woolworths.com.au/shop/productdetails/325484/burt-s-bees-pomegranate-lip-balm,https://cdn0.woolworths.media/content/wowproductimages/medium/325484.jpg,2020-09-20 19:49:44,Average product rating out of 5: 3.7. Product score is based on 3 ratings,3,,True
4a736fc1-09aa-4160-82a1-8eaf4bf50875,Woolworths Supermarket,Health & Beauty,Australian Botanical Soap Lemon Grass each,325511,$4.00,$2.00 / 100G,https://www.woolworths.com.au/shop/productdetails/325511/australian-botanical-soap-lemon-grass,https://cdn0.woolworths.media/content/wowproductimages/medium/325511.jpg,2020-09-20 19:49:44,Average product rating out of 5: 4.9. Product score is based on 32 ratings,32,,True
6d115c5b-8350-44a1-883d-d02739593644,Woolworths Supermarket,Health & Beauty,John Frieda Violet Crush Purple Shampoo 250ml,325764,$18.00,$7.20 / 100ML,https://www.woolworths.com.au/shop/productdetails/325764/john-frieda-violet-crush-purple-shampoo,https://cdn0.woolworths.media/content/wowproductimages/medium/325764.jpg,2020-09-20 19:49:44,Average product rating out of 5: 4.5. Product score is based on 6 ratings,6,,True
ac600035-0f67-4eec-8eff-0dc47e4dd7cc,Woolworths Supermarket,Health & Beauty,John Frieda Violet Crush Purple Conditioner 250ml,325765,$18.00,$7.20 / 100ML,https://www.woolworths.com.au/shop/productdetails/325765/john-frieda-violet-crush-purple-conditioner,https://cdn0.woolworths.media/content/wowproductimages/medium/325765.jpg,2020-09-20 19:49:44,Average product rating out of 5: 4.7. Product score is based on 7 ratings,7,,True
f89d1a22-3910-4f1f-a3db-97a391925969,Woolworths Supermarket,Health & Beauty,Ogx Nourishing Coconut Milk Shampoo 385ml,325771,$10.00,$2.60 / 100ML,https://www.woolworths.com.au/shop/productdetails/325771/ogx-nourishing-coconut-milk-shampoo,https://cdn0.woolworths.media/content/wowproductimages/medium/325771.jpg,2020-09-20 19:49:44,Average product rating out of 5: 4.6. Product score is based on 5 ratings,5,,True
5f9b3b85-4094-4c58-85c3-ef3ee02911c2,Woolworths Supermarket,Health & Beauty,Ogx Nourishing Coconut Milk Conditioner 385ml,325774,$10.00,$2.60 / 100ML,https://www.woolworths.com.au/shop/productdetails/325774/ogx-nourishing-coconut-milk-conditioner,https://cdn0.woolworths.media/content/wowproductimages/medium/325774.jpg,2020-09-20 19:49:44,Average product rating out of 5: 4.7. Product score is based on 6 ratings,6,,True
6f681a0c-23f8-44df-b993-8031af11f585,Woolworths Supermarket,Health & Beauty,Organic Care Kids Hair Care 3 In 1 Berry Bliss 400ml,325782,$1.95,$0.49 / 100ML,https://www.woolworths.com.au/shop/productdetails/325782/organic-care-kids-hair-care-3-in-1-berry-bliss,https://cdn0.woolworths.media/content/wowproductimages/medium/325782.jpg,2020-09-20 19:49:44,Average product rating out of 5: 4.8. Product score is based on 9 ratings,9,,True
70e9cdee-82a3-4576-9aff-968e28e54967,Woolworths Supermarket,Health & Beauty,Organic Care Kids Hair Care 3 In 1 Fruit Blast 400ml,325785,$1.95,$0.49 / 100ML,https://www.woolworths.com.au/shop/productdetails/325785/organic-care-kids-hair-care-3-in-1-fruit-blast,https://cdn0.woolworths.media/content/wowproductimages/medium/325785.jpg,2020-09-20 19:49:44,Average product rating out of 5: 4.4. Product score is based on 17 ratings,17,,True
8bbc5332-5e35-49e3-b349-e26ca5723c13,Woolworths Supermarket,Health & Beauty,Palmolive Antibacterial Liquid Hand Wash Soap Odour Neutralising 250ml,325881,$2.79,$1.12 / 100ML,https://www.woolworths.com.au/shop/productdetails/325881/palmolive-antibacterial-liquid-hand-wash-soap-odour-neutralising,https://cdn0.woolworths.media/content/wowproductimages/medium/325881.jpg,2020-09-20 19:49:44,Average product rating out of 5: 4.5. Product score is based on 17 ratings,17,,True
415a275d-a0db-4250-81f9-291a8450a772,Woolworths Supermarket,Health & Beauty,L'oreal Paris Casting Creme Gloss 323 Dark Chocolate each,327329,$8.00,,https://www.woolworths.com.au/shop/productdetails/327329/l-oreal-paris-casting-creme-gloss-323-dark-chocolate,https://cdn0.woolworths.media/content/wowproductimages/medium/327329.jpg,2020-09-20 19:49:44,Average product rating out of 5: 4.3. Product score is based on 3 ratings,3,,True
4ea6750b-ec15-4971-881a-447ab5e88116,Woolworths Supermarket,Health & Beauty,Dove Women Antiperspirant Deodorant Stick Original 40g,328360,$6.00,$15.00 / 100G,https://www.woolworths.com.au/shop/productdetails/328360/dove-women-antiperspirant-deodorant-stick-original,https://cdn0.woolworths.media/content/wowproductimages/medium/328360.jpg,2020-09-20 19:49:44,Average product rating out of 5: 4.9. Product score is based on 22 ratings,22,,True
f07a22c4-f3eb-4c5d-bc38-8ee7c25d9372,Woolworths Supermarket,Health & Beauty,Maybelline Colossal Volumizing Mascara- Glam Black 9.2ml,328562,$10.00,$10.87 / 10ML,https://www.woolworths.com.au/shop/productdetails/328562/maybelline-colossal-volumizing-mascara-glam-black,https://cdn0.woolworths.media/content/wowproductimages/medium/328562.jpg,2020-09-20 19:49:44,Average product rating out of 5: 4.7. Product score is based on 6 ratings,6,,True
80d54b0b-1d63-48f8-8768-01a29f19fca5,Woolworths Supermarket,Health & Beauty,Dove Women Clinical Protection Antiperspirant Fresh Touch 45ml,328741,$13.00,$28.89 / 100ML,https://www.woolworths.com.au/shop/productdetails/328741/dove-women-clinical-protection-antiperspirant-fresh-touch,https://cdn0.woolworths.media/content/wowproductimages/medium/328741.jpg,2020-09-20 19:49:44,Average product rating out of 5: 4.5. Product score is based on 17 ratings,17,,True
a395508c-5c0a-4f1e-9201-91033cfd549d,Woolworths Supermarket,Health & Beauty,Rexona Men Clinical Protection Anti- Perspirant Active Fresh 45ml,328751,$9.10,$20.22 / 100ML,https://www.woolworths.com.au/shop/productdetails/328751/rexona-men-clinical-protection-anti-perspirant-active-fresh,https://cdn0.woolworths.media/content/wowproductimages/medium/328751.jpg,2020-09-20 19:49:44,Average product rating out of 5: 4.3. Product score is based on 15 ratings,15,,True
63e76328-a9dc-4a7e-817d-36016ccb0d5e,Woolworths Supermarket,Health & Beauty,Maybelline Colossal Volumizing Mascara- Classic Black 9.2ml,329161,$10.00,$10.87 / 10ML,https://www.woolworths.com.au/shop/productdetails/329161/maybelline-colossal-volumizing-mascara-classic-black,https://cdn0.woolworths.media/content/wowproductimages/medium/329161.jpg,2020-09-20 19:49:44,Average product rating out of 5: 4.6. Product score is based on 5 ratings,5,,True
1a5e945e-e343-463d-8432-92d35d2401dc,Woolworths Supermarket,Health & Beauty,Nailene Ultra Quick Nail Glue 3g,329273,$6.99,$23.30 / 10G,https://www.woolworths.com.au/shop/productdetails/329273/nailene-ultra-quick-nail-glue,https://cdn0.woolworths.media/content/wowproductimages/medium/329273.jpg,2020-09-20 19:49:44,Average product rating out of 5: 3.7. Product score is based on 3 ratings,3,,True
04ca5fa5-8d48-4ac4-8a7f-76a6d8504f8b,Woolworths Supermarket,Health & Beauty,L'oreal Men Expert Shave Gel Hydra Sensitive 200ml,329560,$3.50,$1.75 / 100ML,https://www.woolworths.com.au/shop/productdetails/329560/l-oreal-men-expert-shave-gel-hydra-sensitive,https://cdn0.woolworths.media/content/wowproductimages/medium/329560.jpg,2020-09-20 19:49:44,Average product rating out of 5: 4.0. Product score is based on 5 ratings,5,,True
cec84909-3e61-4eef-95fc-684bc07d5811,Woolworths Supermarket,Health & Beauty,Gillette Venus Comfortglide White Tea Disposable Razor 2 pack,330417,$6.30,$3.15 / 1EA,https://www.woolworths.com.au/shop/productdetails/330417/gillette-venus-comfortglide-white-tea-disposable-razor,https://cdn0.woolworths.media/content/wowproductimages/medium/330417.jpg,2020-09-20 19:49:44,Average product rating out of 5: 4.8. Product score is based on 14 ratings,14,,True
d6ac156f-a7b8-446b-a9de-11414bc3dfb2,Woolworths Supermarket,Health & Beauty,Gillette Venus Comfortglide White Tea Women's Razor + 2 Blades each,330423,$10.40,,https://www.woolworths.com.au/shop/productdetails/330423/gillette-venus-comfortglide-white-tea-women-s-razor-2-blades,https://cdn0.woolworths.media/content/wowproductimages/medium/330423.jpg,2020-09-20 19:49:44,Average product rating out of 5: 4.3. Product score is based on 4 ratings,4,,True
29087719-37e2-4d2e-81f9-e3a720551e48,Woolworths Supermarket,Health & Beauty,Gillette Venus Comfortglide White Tea Razor Blades 4 pack,330553,$20.00,$5.00 / 1EA,https://www.woolworths.com.au/shop/productdetails/330553/gillette-venus-comfortglide-white-tea-razor-blades,https://cdn0.woolworths.media/content/wowproductimages/medium/330553.jpg,2020-09-20 19:49:44,Average product rating out of 5: 4.8. Product score is based on 5 ratings,5,,True
a444b6a5-dee8-40aa-81be-90aac65d21c0,Woolworths Supermarket,Health & Beauty,Veet Cold Hair Removal Wax Strips 40 pack,330907,$17.00,$0.43 / 1EA,https://www.woolworths.com.au/shop/productdetails/330907/veet-cold-hair-removal-wax-strips,https://cdn0.woolworths.media/content/wowproductimages/medium/330907.jpg,2020-09-20 19:49:44,Average product rating out of 5: 4.4. Product score is based on 8 ratings,8,,True
d0aa822c-195e-47a9-83c7-be1ce8450ad2,Woolworths Supermarket,Health & Beauty,Clearasil Ultra Acne Treatment 4hr Rapid Action Pimple Cream 15g,331379,$14.80,$98.67 / 100ML,https://www.woolworths.com.au/shop/productdetails/331379/clearasil-ultra-acne-treatment-4hr-rapid-action-pimple-cream,https://cdn0.woolworths.media/content/wowproductimages/medium/331379.jpg,2020-09-20 19:49:44,Average product rating out of 5: 4.0. Product score is based on 7 ratings,7,,True
d552619b-5ead-42c1-b490-463be3ae9d7d,Woolworths Supermarket,Health & Beauty,Olay Regenerist Advanced Anti Ageing Cream Cleanser 100g,331579,$12.25,$12.25 / 100G,https://www.woolworths.com.au/shop/productdetails/331579/olay-regenerist-advanced-anti-ageing-cream-cleanser,https://cdn0.woolworths.media/content/wowproductimages/medium/331579.jpg,2020-09-20 19:49:44,Average product rating out of 5: 4.4. Product score is based on 7 ratings,7,,True
303016f1-00a6-4269-b7c8-74e4e182d2c7,Woolworths Supermarket,Health & Beauty,Strepsils Double Antibacterial Soothing Sore Throat Lozenges Orange 16 pack,332283,$5.50,$0.34 / 1EA,https://www.woolworths.com.au/shop/productdetails/332283/strepsils-double-antibacterial-soothing-sore-throat-lozenges-orange,https://cdn0.woolworths.media/content/wowproductimages/medium/332283.jpg,2020-09-20 19:49:44,Average product rating out of 5: 4.0. Product score is based on 1 ratings,1,,True
c263e35b-8683-4d61-8baa-60349e1d2529,Woolworths Supermarket,Health & Beauty,Strepsils Soothing Honey & Lemon Lozenge 16 pack,332285,$5.50,$0.34 / 1EA,https://www.woolworths.com.au/shop/productdetails/332285/strepsils-soothing-honey-lemon-lozenge,https://cdn0.woolworths.media/content/wowproductimages/medium/332285.jpg,2020-09-20 19:49:44,,0,,True
c7085a63-290a-49bc-9803-06b5fc5bbda8,Woolworths Supermarket,Health & Beauty,Carefree Acti-fresh Acti-fresh Panty Liners Thin Oxygen 20 pack,332326,$2.00,$0.10 / 1EA,https://www.woolworths.com.au/shop/productdetails/332326/carefree-acti-fresh-acti-fresh-panty-liners-thin-oxygen,https://cdn0.woolworths.media/content/wowproductimages/medium/332326.jpg,2020-09-20 19:49:44,,0,,True
0bca7b46-0728-4904-8576-97c1cfbc49da,Woolworths Supermarket,Health & Beauty,Cedel Toothpaste Sensitive 110g,332489,$5.00,$4.55 / 100G,https://www.woolworths.com.au/shop/productdetails/332489/cedel-toothpaste-sensitive,https://cdn0.woolworths.media/content/wowproductimages/medium/332489.jpg,2020-09-20 19:49:44,Average product rating out of 5: 4.5. Product score is based on 13 ratings,13,,True
462a0d4f-f038-45cb-ab4a-1380204d649b,Woolworths Supermarket,Health & Beauty,Nurofen Zavance Fast Pain Relief Liquid Capsules Ibuprofen 10 pack,333585,$4.00,$0.40 / 1EA,https://www.woolworths.com.au/shop/productdetails/333585/nurofen-zavance-fast-pain-relief-liquid-capsules-ibuprofen,https://cdn0.woolworths.media/content/wowproductimages/medium/333585.jpg,2020-09-20 19:49:44,Average product rating out of 5: 5.0. Product score is based on 4 ratings,4,,True
b2582835-81e8-44af-b753-bc460fb5cd1c,Woolworths Supermarket,Health & Beauty,Nurofen Zavance Fast Pain Relief Liquid Capsules Ibuprofen 20 pack,333586,$7.00,$0.35 / 1EA,https://www.woolworths.com.au/shop/productdetails/333586/nurofen-zavance-fast-pain-relief-liquid-capsules-ibuprofen,https://cdn0.woolworths.media/content/wowproductimages/medium/333586.jpg,2020-09-20 19:49:44,Average product rating out of 5: 4.9. Product score is based on 21 ratings,21,,True
ec3c1eea-dd76-4d86-9aff-d116f0a98cc0,Woolworths Supermarket,Health & Beauty,Berocca Twist N Go Energy Vitamin Orange Drink 250ml,335749,$3.00,$12.00 / 1L,https://www.woolworths.com.au/shop/productdetails/335749/berocca-twist-n-go-energy-vitamin-orange-drink,https://cdn0.woolworths.media/content/wowproductimages/medium/335749.jpg,2020-09-20 19:49:44,Average product rating out of 5: 5.0. Product score is based on 1 ratings,1,,True
6a3b1a97-a8f6-4ec7-bb7f-beda094661da,Woolworths Supermarket,Health & Beauty,Organic Care Kids Hair Care Detangling Spray 250ml,336212,$1.95,$0.78 / 100ML,https://www.woolworths.com.au/shop/productdetails/336212/organic-care-kids-hair-care-detangling-spray,https://cdn0.woolworths.media/content/wowproductimages/medium/336212.jpg,2020-09-20 19:49:44,Average product rating out of 5: 4.3. Product score is based on 18 ratings,18,,True
f6d44ec8-441c-46c0-a5ec-6c69562fe1c4,Woolworths Supermarket,Health & Beauty,Essentials Antiseptic Solution 250ml,337214,$3.65,$1.46 / 100ML,https://www.woolworths.com.au/shop/productdetails/337214/essentials-antiseptic-solution,https://cdn0.woolworths.media/content/wowproductimages/medium/337214.jpg,2020-09-20 19:49:44,Average product rating out of 5: 4.7. Product score is based on 10 ratings,10,,True
b2f88047-a6a5-403d-b456-a786cada9dae,Woolworths Supermarket,Health & Beauty,Aveeno Baby Wash & Shampoo 236ml,339038,$10.00,$4.24 / 100ML,https://www.woolworths.com.au/shop/productdetails/339038/aveeno-baby-wash-shampoo,https://cdn0.woolworths.media/content/wowproductimages/medium/339038.jpg,2020-09-20 19:49:44,,0,,True
cd6d5ce0-5e95-401d-b0e2-77e298ec3e4d,Woolworths Supermarket,Health & Beauty,Maybelline The Colossal Volume Express Waterproof Mascara 204 Black 8ml,340311,$10.00,$12.50 / 10ML,https://www.woolworths.com.au/shop/productdetails/340311/maybelline-the-colossal-volume-express-waterproof-mascara-204-black,https://cdn0.woolworths.media/content/wowproductimages/medium/340311.jpg,2020-09-20 19:49:44,,0,,True
cb4ec03b-e5fb-477e-bfaa-2a6ed97714e0,Woolworths Supermarket,Health & Beauty,King Of Shaves Shave Gel Alphagel Sensitive 150ml,340573,$9.00,$6.00 / 100ML,https://www.woolworths.com.au/shop/productdetails/340573/king-of-shaves-shave-gel-alphagel-sensitive,https://cdn0.woolworths.media/content/wowproductimages/medium/340573.jpg,2020-09-20 19:49:44,Average product rating out of 5: 4.5. Product score is based on 2 ratings,2,,True
e5cbfe61-65d2-4eee-b098-4c08da9942ae,Woolworths Supermarket,Health & Beauty,King Of Shaves Shave Gel Alphagel Cooling Menthol 150ml,340574,$9.00,$6.00 / 100ML,https://www.woolworths.com.au/shop/productdetails/340574/king-of-shaves-shave-gel-alphagel-cooling-menthol,https://cdn0.woolworths.media/content/wowproductimages/medium/340574.jpg,2020-09-20 19:49:44,Average product rating out of 5: 5.0. Product score is based on 4 ratings,4,,True
6030e592-f57d-46a3-9c97-38925d05c272,Woolworths Supermarket,Health & Beauty,Nivea Men Active Energy Face Wash Gel Cleanser 100ml,340577,$9.00,$9.00 / 100ML,https://www.woolworths.com.au/shop/productdetails/340577/nivea-men-active-energy-face-wash-gel-cleanser,https://cdn0.woolworths.media/content/wowproductimages/medium/340577.jpg,2020-09-20 19:49:44,,0,,True
7ed7ea8f-1041-4955-bb98-92aff5e104d1,Woolworths Supermarket,Health & Beauty,Gillette Fusion Power Shaving Razor & Battery each,340804,$16.00,,https://www.woolworths.com.au/shop/productdetails/340804/gillette-fusion-power-shaving-razor-battery,https://cdn0.woolworths.media/content/wowproductimages/medium/340804.jpg,2020-09-20 19:49:44,,0,,True
c4036df7-a260-467a-b1db-0a331b263177,Woolworths Supermarket,Health & Beauty,Clairol Nice N Easy 9.5a Natural Baby Blonde each,340812,$9.00,,https://www.woolworths.com.au/shop/productdetails/340812/clairol-nice-n-easy-9-5a-natural-baby-blonde,https://cdn0.woolworths.media/content/wowproductimages/medium/340812.jpg,2020-09-20 19:49:44,Average product rating out of 5: 4.8. Product score is based on 4 ratings,4,Was $13.00 06/08/2018,True
f43c1e0a-87e5-4c01-83ce-b8035d0df69c,Woolworths Supermarket,Health & Beauty,Colgate Total Original Antibacterial Fluoride Toothpaste 200g,822391,$5.50,$2.75 / 100G,https://www.woolworths.com.au/shop/productdetails/822391/colgate-total-original-antibacterial-fluoride-toothpaste,https://cdn0.woolworths.media/content/wowproductimages/medium/822391.jpg,2020-09-20 19:49:44,Average product rating out of 5: 4.5. Product score is based on 35 ratings,35,Was $6.10 03/06/2019,True
46c75b6b-9fd2-4575-9e3b-b102e1b5fc3c,Woolworths Supermarket,Health & Beauty,Salvital Salts Saline 375g,030847,$5.50,$1.47 / 100G,https://www.woolworths.com.au/shop/productdetails/30847/salvital-salts-saline,https://cdn0.woolworths.media/content/wowproductimages/medium/030847.jpg,2020-09-20 19:49:44,Average product rating out of 5: 4.1. Product score is based on 12 ratings,12,,True
2c9740c5-ab53-4c72-9764-ea7ba24293ad,Woolworths Supermarket,Health & Beauty,Colgate Total Advanced Fresh Antibacterial Gel Toothpaste 200g,819776,$8.00,$4.00 / 100G,https://www.woolworths.com.au/shop/productdetails/819776/colgate-total-advanced-fresh-antibacterial-gel-toothpaste,https://cdn0.woolworths.media/content/wowproductimages/medium/819776.jpg,2020-09-20 19:49:44,,0,,True
a66cebe2-b9c2-4292-87cb-b88557f3998d,Woolworths Supermarket,Health & Beauty,Panadol Extra With Optizorb Paracetamol Pain Relief 20 pack,770450,$7.20,$0.36 / 1EA,https://www.woolworths.com.au/shop/productdetails/770450/panadol-extra-with-optizorb-paracetamol-pain-relief,https://cdn0.woolworths.media/content/wowproductimages/medium/770450.jpg,2020-09-20 19:49:44,Average product rating out of 5: 4.4. Product score is based on 15 ratings,15,,True
ef79fe7e-0455-4e15-affe-6609ff70cbb8,Woolworths Supermarket,Health & Beauty,Health Basics Body Wash Dermatology Plus 1l,237850,$10.00,$1.00 / 100ML,https://www.woolworths.com.au/shop/productdetails/237850/health-basics-body-wash-dermatology-plus,https://cdn0.woolworths.media/content/wowproductimages/medium/237850.jpg,2020-09-20 19:49:44,Average product rating out of 5: 4.9. Product score is based on 35 ratings,35,,True
6cc3229b-7ae1-445e-8b80-edcaf3e7195a,Woolworths Supermarket,Health & Beauty,Depend Real Fit For Women Underwear Medium 8pk,800830,$12.00,$1.50 / 1EA,https://www.woolworths.com.au/shop/productdetails/800830/depend-real-fit-for-women-underwear-medium,https://cdn0.woolworths.media/content/wowproductimages/medium/800830.jpg,2020-09-20 19:49:44,,0,Was $12.99 18/04/2017,True
fc75161e-2334-4e6e-ba71-c181b7f4f89f,Woolworths Supermarket,Health & Beauty,Colgate Advanced Whitening Tartar Control Toothpaste 190g,704088,$5.00,$2.63 / 100G,https://www.woolworths.com.au/shop/productdetails/704088/colgate-advanced-whitening-tartar-control-toothpaste,https://cdn0.woolworths.media/content/wowproductimages/medium/704088.jpg,2020-09-20 19:49:44,Average product rating out of 5: 4.4. Product score is based on 27 ratings,27,,True
ae149aa0-33e5-4f62-8bbb-cd31221fcfcf,Woolworths Supermarket,Health & Beauty,L'oreal Age Perfect Face Cream Day Intense Nutrition 50ml,381577,$17.50,$35.00 / 100ML,https://www.woolworths.com.au/shop/productdetails/381577/l-oreal-age-perfect-face-cream-day-intense-nutrition,https://cdn0.woolworths.media/content/wowproductimages/medium/381577.jpg,2020-09-20 19:49:44,Average product rating out of 5: 4.0. Product score is based on 3 ratings,3,,True
8d59a110-bb6c-4305-94e5-ab86805c7f60,Woolworths Supermarket,Health & Beauty,Oral-b Essential Floss Dental Floss 50m 2 pack,580269,$5.85,$0.06 / 1M,https://www.woolworths.com.au/shop/productdetails/580269/oral-b-essential-floss-dental-floss-50m,https://cdn0.woolworths.media/content/wowproductimages/medium/580269.jpg,2020-09-20 19:49:44,Average product rating out of 5: 4.5. Product score is based on 19 ratings,19,,True
5949b4fc-aed8-4fd6-9123-53c95f444ea2,Woolworths Supermarket,Health & Beauty,Mylanta 2go Antacids Double Strength Tabs 48pk,232259,$8.20,$0.17 / 1EA,https://www.woolworths.com.au/shop/productdetails/232259/mylanta-2go-antacids-double-strength-tabs,https://cdn0.woolworths.media/content/wowproductimages/medium/232259.jpg,2020-09-20 19:49:44,Average product rating out of 5: 5.0. Product score is based on 11 ratings,11,,True
bbfafc35-380e-4222-86f9-d625bb7f3b9e,Woolworths Supermarket,Health & Beauty,Bx Earth Antibacterial Handwash Desert Lime & Coconut 300ml,786895,$5.00,$1.67 / 100ML,https://www.woolworths.com.au/shop/productdetails/786895/bx-earth-antibacterial-handwash-desert-lime-coconut,https://cdn0.woolworths.media/content/wowproductimages/medium/786895.jpg,2020-09-20 19:49:44,Average product rating out of 5: 4.8. Product score is based on 16 ratings,16,,True
ea88db24-ff44-42a3-afbd-7497a6b72148,Woolworths Supermarket,Health & Beauty,Sensodyne Toothbrush Sensitive Teeth Daily Care Soft 3 pack,680514,$10.50,$3.50 / 1EA,https://www.woolworths.com.au/shop/productdetails/680514/sensodyne-toothbrush-sensitive-teeth-daily-care-soft,https://cdn0.woolworths.media/content/wowproductimages/medium/680514.jpg,2020-09-20 19:49:44,Average product rating out of 5: 5.0. Product score is based on 8 ratings,8,,True
e0b29ea9-4e00-4556-906b-16f297404f84,Woolworths Supermarket,Health & Beauty,Pantene Pro-v Daily Moisture Renewal Shampoo 900ml,842806,$11.90,$1.32 / 100ML,https://www.woolworths.com.au/shop/productdetails/842806/pantene-pro-v-daily-moisture-renewal-shampoo,https://cdn0.woolworths.media/content/wowproductimages/medium/842806.jpg,2020-09-20 19:49:44,Average product rating out of 5: 4.7. Product score is based on 13 ratings,13,,True
7a952c97-4563-44fe-aa4d-71fddffe1c3b,Woolworths Supermarket,Health & Beauty,Brutal Truth Antiperspirant Roll On Rustic & Woody 75ml,078120,$10.00,$13.33 / 100ML,https://www.woolworths.com.au/shop/productdetails/78120/brutal-truth-antiperspirant-roll-on-rustic-woody,https://cdn0.woolworths.media/content/wowproductimages/medium/078120.jpg,2020-09-20 19:49:44,,0,,True
35fb9e8e-d351-43e1-ba9f-940de2a03dac,Woolworths Supermarket,Health & Beauty,Colgate Peppa Pig Kids Toothpaste Sparkling Mint Gel 2-5 Years 80g,248897,$2.10,$2.63 / 100G,https://www.woolworths.com.au/shop/productdetails/248897/colgate-peppa-pig-kids-toothpaste-sparkling-mint-gel-2-5-years,https://cdn0.woolworths.media/content/wowproductimages/medium/248897.jpg,2020-09-20 19:49:44,Average product rating out of 5: 4.4. Product score is based on 51 ratings,51,,True
fb3b69a3-3d64-448b-a840-63b636c1f63b,Woolworths Supermarket,Health & Beauty,Palmolive Kids 3 In 1 Bodywash Shampoo & Conditioner Strawberry 700ml,046238,$6.50,$0.93 / 100ML,https://www.woolworths.com.au/shop/productdetails/46238/palmolive-kids-3-in-1-bodywash-shampoo-conditioner-strawberry,https://cdn0.woolworths.media/content/wowproductimages/medium/046238.jpg,2020-09-20 19:49:44,,0,Was $7.00 23/04/2018,True
582fdf90-514c-461a-afe1-1054e0878eef,Woolworths Supermarket,Health & Beauty,Selsun Gold Anti-dandruff Medically Proven Treatment 200ml,205490,$11.00,$5.50 / 100ML,https://www.woolworths.com.au/shop/productdetails/205490/selsun-gold-anti-dandruff-medically-proven-treatment,https://cdn0.woolworths.media/content/wowproductimages/medium/205490.jpg,2020-09-20 19:49:44,Average product rating out of 5: 4.8. Product score is based on 17 ratings,17,,True
93ec15a7-842d-4db6-b132-fa62980b04c5,Woolworths Supermarket,Health & Beauty,Kleenex Facial Tissues 200 pack,063899,$2.00,$1.00 / 100SS,https://www.woolworths.com.au/shop/productdetails/63899/kleenex-facial-tissues,https://cdn0.woolworths.media/content/wowproductimages/medium/063899.jpg,2020-09-20 19:49:44,,0,Was $2.20 26/02/2020,True
8637d91f-756b-49e8-a6da-dfdc7e701c7f,Woolworths Supermarket,Health & Beauty,Strepsils Sore Throat Sugar Free Lemon Lozenges 36 pack,841550,$10.50,$0.29 / 1EA,https://www.woolworths.com.au/shop/productdetails/841550/strepsils-sore-throat-sugar-free-lemon-lozenges,https://cdn0.woolworths.media/content/wowproductimages/medium/841550.jpg,2020-09-20 19:49:44,Average product rating out of 5: 4.3. Product score is based on 3 ratings,3,,True
148e9298-2077-475b-be54-d9e85fc69c75,Woolworths Supermarket,Health & Beauty,Kleenex Facial Tissue Soft & Thick 95 pack,064373,$2.00,$2.11 / 100SS,https://www.woolworths.com.au/shop/productdetails/64373/kleenex-facial-tissue-soft-thick,https://cdn0.woolworths.media/content/wowproductimages/medium/064373.jpg,2020-09-20 19:49:44,,0,,True
3bfd77a0-7e7f-4ff7-9735-5c4aebaa4c07,Woolworths Supermarket,Health & Beauty,Clairol Nice'n Easy Natural Golden Auburn each,340820,$9.00,,https://www.woolworths.com.au/shop/productdetails/340820/clairol-nice-n-easy-natural-golden-auburn,https://cdn0.woolworths.media/content/wowproductimages/medium/340820.jpg,2020-09-20 19:49:44,Average product rating out of 5: 4.0. Product score is based on 3 ratings,3,Was $13.00 06/08/2018,True
41b1233c-c457-4f56-8ebc-6eca61ddd964,Woolworths Supermarket,Health & Beauty,Panadol With Optizorb Paracetamol Pain Relief 12 pack,340940,$3.10,$0.26 / 1EA,https://www.woolworths.com.au/shop/productdetails/340940/panadol-with-optizorb-paracetamol-pain-relief,https://cdn0.woolworths.media/content/wowproductimages/medium/340940.jpg,2020-09-20 19:49:44,Average product rating out of 5: 5.0. Product score is based on 2 ratings,2,,True
e17de197-e778-4ef8-a0dd-622660f22c67,Woolworths Supermarket,Health & Beauty,Gillette Blue 3 Disposable Shaving Razor 8 pack,341040,$8.50,$1.06 / 1EA,https://www.woolworths.com.au/shop/productdetails/341040/gillette-blue-3-disposable-shaving-razor,https://cdn0.woolworths.media/content/wowproductimages/medium/341040.jpg,2020-09-20 19:49:44,Average product rating out of 5: 5.0. Product score is based on 7 ratings,7,,True
cd254a7c-ea9a-4e97-8408-be19dddedcd0,Woolworths Supermarket,Health & Beauty,Four Seasons Naked Condoms Larger Pack 12 pack,341145,$7.00,$0.58 / 1EA,https://www.woolworths.com.au/shop/productdetails/341145/four-seasons-naked-condoms-larger-pack,https://cdn0.woolworths.media/content/wowproductimages/medium/341145.jpg,2020-09-20 19:49:44,Average product rating out of 5: 5.0. Product score is based on 1 ratings,1,,True
3da05167-d5e6-4398-aa86-dd66a4b569c8,Woolworths Supermarket,Health & Beauty,Robitussin Cough Syrups Cold & Chesty Cough 235ml,341147,$11.40,$5.70 / 100ML,https://www.woolworths.com.au/shop/productdetails/341147/robitussin-cough-syrups-cold-chesty-cough,https://cdn0.woolworths.media/content/wowproductimages/medium/341147.jpg,2020-09-20 19:49:44,Average product rating out of 5: 3.5. Product score is based on 2 ratings,2,,True
9199e704-2982-43c4-9831-e66cf4801e98,Woolworths Supermarket,Health & Beauty,Sudocrem Tube 30g,341157,$4.00,$13.33 / 100G,https://www.woolworths.com.au/shop/productdetails/341157/sudocrem-tube,https://cdn0.woolworths.media/content/wowproductimages/medium/341157.jpg,2020-09-20 19:49:44,,0,,True
320340e2-e84c-42c8-9779-e2ad35d44a04,Woolworths Supermarket,Health & Beauty,Dencorub Heat Patch Pain Relief 3 pack,341232,$7.00,$2.33 / 1EA,https://www.woolworths.com.au/shop/productdetails/341232/dencorub-heat-patch-pain-relief,https://cdn0.woolworths.media/content/wowproductimages/medium/341232.jpg,2020-09-20 19:49:44,Average product rating out of 5: 5.0. Product score is based on 5 ratings,5,,True
18d9985e-29b9-47b7-9306-81d7a2714bdc,Woolworths Supermarket,Health & Beauty,Aveeno Active Naturals Stress Relief Moisturising Lotion 354ml,342853,$9.10,$2.57 / 100ML,https://www.woolworths.com.au/shop/productdetails/342853/aveeno-active-naturals-stress-relief-moisturising-lotion,https://cdn0.woolworths.media/content/wowproductimages/medium/342853.jpg,2020-09-20 19:49:44,Average product rating out of 5: 4.9. Product score is based on 7 ratings,7,,True
19e825a2-76c7-4a0c-b3e9-1393f853abb0,Woolworths Supermarket,Health & Beauty,Colgate Savacol Antiseptic Mouth & Throat Rinse 300ml,342970,$10.00,$3.33 / 100ML,https://www.woolworths.com.au/shop/productdetails/342970/colgate-savacol-antiseptic-mouth-throat-rinse,https://cdn0.woolworths.media/content/wowproductimages/medium/342970.jpg,2020-09-20 19:49:44,Average product rating out of 5: 5.0. Product score is based on 9 ratings,9,,True
01ed2e6d-ebd5-4b53-9160-0be7d327f64c,Woolworths Supermarket,Health & Beauty,Carmex Lip Balm Squeeze Tube 10g,343437,$4.99,$49.90 / 100G,https://www.woolworths.com.au/shop/productdetails/343437/carmex-lip-balm-squeeze-tube,https://cdn0.woolworths.media/content/wowproductimages/medium/343437.jpg,2020-09-20 19:49:44,Average product rating out of 5: 5.0. Product score is based on 2 ratings,2,,True
6528f290-0b91-4592-99dd-73711711773a,Woolworths Supermarket,Health & Beauty,Vaseline Intensive Care Body Lotion Cocoa Glow 750ml,343469,$10.00,$1.33 / 100ML,https://www.woolworths.com.au/shop/productdetails/343469/vaseline-intensive-care-body-lotion-cocoa-glow,https://cdn0.woolworths.media/content/wowproductimages/medium/343469.jpg,2020-09-20 19:49:44,Average product rating out of 5: 4.8. Product score is based on 6 ratings,6,Was $12.99 27/02/2017,True
271f4692-8f8e-4b76-8faa-367b67054fb3,Woolworths Supermarket,Health & Beauty,Lucas' Papaw Lip Care Ointment 25g,343488,$6.00,$24.00 / 100G,https://www.woolworths.com.au/shop/productdetails/343488/lucas-papaw-lip-care-ointment,https://cdn0.woolworths.media/content/wowproductimages/medium/343488.jpg,2020-09-20 19:49:44,Average product rating out of 5: 5.0. Product score is based on 7 ratings,7,,True
390c17c6-c790-4cb4-91ce-fc93551b44a9,Woolworths Supermarket,Health & Beauty,Fudge Urban Matte Wax With No Shine & Firm Hold 70ml,345022,$10.00,$14.29 / 100ML,https://www.woolworths.com.au/shop/productdetails/345022/fudge-urban-matte-wax-with-no-shine-firm-hold,https://cdn0.woolworths.media/content/wowproductimages/medium/345022.jpg,2020-09-20 19:49:44,Average product rating out of 5: 5.0. Product score is based on 3 ratings,3,,True
6f1556c6-dd29-4335-bc64-9854f351548d,Woolworths Supermarket,Health & Beauty,Nature's Way Kids Smart Complete 50 pack,345773,$19.00,$38.00 / 100EA,https://www.woolworths.com.au/shop/productdetails/345773/nature-s-way-kids-smart-complete,https://cdn0.woolworths.media/content/wowproductimages/medium/345773.jpg,2020-09-20 19:49:44,Average product rating out of 5: 3.3. Product score is based on 4 ratings,4,,True
e82d986c-17dd-450c-b54e-277fb35374f8,Woolworths Supermarket,Health & Beauty,Swisse Ultiboost Liver Detox Tabs 60 pack,345775,$10.60,$17.67 / 100EA,https://www.woolworths.com.au/shop/productdetails/345775/swisse-ultiboost-liver-detox-tabs,https://cdn0.woolworths.media/content/wowproductimages/medium/345775.jpg,2020-09-20 19:49:44,Average product rating out of 5: 4.7. Product score is based on 3 ratings,3,,True
716332dd-2849-404a-ab11-51ece40a137d,Woolworths Supermarket,Health & Beauty,Swisse Ultiboost Magnesium 60 tablets,345785,$21.00,$35.00 / 100EA,https://www.woolworths.com.au/shop/productdetails/345785/swisse-ultiboost-magnesium,https://cdn0.woolworths.media/content/wowproductimages/medium/345785.jpg,2020-09-20 19:49:44,Average product rating out of 5: 4.5. Product score is based on 8 ratings,8,,True
5f0fd1e8-3626-4506-b5b3-20e02cddf8ea,Woolworths Supermarket,Health & Beauty,John Frieda Frizz Ease Repairing Shampoo 250ml,347454,$16.00,$6.40 / 100ML,https://www.woolworths.com.au/shop/productdetails/347454/john-frieda-frizz-ease-repairing-shampoo,https://cdn0.woolworths.media/content/wowproductimages/medium/347454.jpg,2020-09-20 19:49:44,Average product rating out of 5: 5.0. Product score is based on 1 ratings,1,,True
4d73dfd8-be75-4f52-ba39-5f46b5107138,Woolworths Supermarket,Health & Beauty,John Frieda Frizz Ease Miraculous Recovery Conditioner 250ml,347455,$16.00,$6.40 / 100ML,https://www.woolworths.com.au/shop/productdetails/347455/john-frieda-frizz-ease-miraculous-recovery-conditioner,https://cdn0.woolworths.media/content/wowproductimages/medium/347455.jpg,2020-09-20 19:49:44,Average product rating out of 5: 5.0. Product score is based on 1 ratings,1,,True
c4782bb6-fb0b-4310-8dba-91aece7d6fb0,Woolworths Supermarket,Health & Beauty,John Frieda Frizz Ease Dream Curls Shampoo 250ml,347456,$16.00,$6.40 / 100ML,https://www.woolworths.com.au/shop/productdetails/347456/john-frieda-frizz-ease-dream-curls-shampoo,https://cdn0.woolworths.media/content/wowproductimages/medium/347456.jpg,2020-09-20 19:49:44,Average product rating out of 5: 4.3. Product score is based on 3 ratings,3,,True
f39134f3-6894-441a-ad21-f5125d9fe630,Woolworths Supermarket,Health & Beauty,John Frieda Frizz Ease Dream Curls Conditioner 250ml,347462,$16.00,$6.40 / 100ML,https://www.woolworths.com.au/shop/productdetails/347462/john-frieda-frizz-ease-dream-curls-conditioner,https://cdn0.woolworths.media/content/wowproductimages/medium/347462.jpg,2020-09-20 19:49:44,Average product rating out of 5: 4.7. Product score is based on 3 ratings,3,,True
32512b35-3723-45c4-be62-8249ec831168,Woolworths Supermarket,Health & Beauty,Priya Soap Bar Goats Milk 100g,347627,$2.00,$2.00 / 100G,https://www.woolworths.com.au/shop/productdetails/347627/priya-soap-bar-goats-milk,https://cdn0.woolworths.media/content/wowproductimages/medium/347627.jpg,2020-09-20 19:49:44,Average product rating out of 5: 4.5. Product score is based on 12 ratings,12,,True
eac06df3-ea9f-446d-944a-1e4d2b59744e,Woolworths Supermarket,Health & Beauty,Panadol With Optizorb Paracetamol Pain Relief 20 pack,348643,$4.00,$0.20 / 1EA,https://www.woolworths.com.au/shop/productdetails/348643/panadol-with-optizorb-paracetamol-pain-relief,https://cdn0.woolworths.media/content/wowproductimages/medium/348643.jpg,2020-09-20 19:49:44,Average product rating out of 5: 4.4. Product score is based on 19 ratings,19,Was $4.20 24/07/2017,True
29e2f6ac-d265-40df-abe0-151da0fef452,Woolworths Supermarket,Health & Beauty,Carefree Flexia Super Tampons Tampons 32 pack,352341,$7.70,$0.24 / 1EA,https://www.woolworths.com.au/shop/productdetails/352341/carefree-flexia-super-tampons-tampons,https://cdn0.woolworths.media/content/wowproductimages/medium/352341.jpg,2020-09-20 19:49:44,,0,Was $9.50 03/09/2018,True
50c06c40-ffe1-4c9d-8339-990b8dd56774,Woolworths Supermarket,Health & Beauty,Colgate Sensitive Prorelief Whitening Teeth Pain Toothpaste 110g,352411,$5.00,$4.55 / 100G,https://www.woolworths.com.au/shop/productdetails/352411/colgate-sensitive-prorelief-whitening-teeth-pain-toothpaste,https://cdn0.woolworths.media/content/wowproductimages/medium/352411.jpg,2020-09-20 19:49:44,Average product rating out of 5: 4.4. Product score is based on 25 ratings,25,,True
ac9b6d80-77ce-4a89-be74-feda03f6b3e3,Woolworths Supermarket,Health & Beauty,U By Kotex Regular Extra Pads With Wings 16 pack,352468,$2.80,$0.18 / 1EA,https://www.woolworths.com.au/shop/productdetails/352468/u-by-kotex-regular-extra-pads-with-wings,https://cdn0.woolworths.media/content/wowproductimages/medium/352468.jpg,2020-09-20 19:49:44,,0,,True
3c3cd686-dc01-4c5a-9b36-a89aa8310c42,Woolworths Supermarket,Health & Beauty,U By Kotex Overnight Pads Extra 10 pack,352469,$2.80,$0.28 / 1EA,https://www.woolworths.com.au/shop/productdetails/352469/u-by-kotex-overnight-pads-extra,https://cdn0.woolworths.media/content/wowproductimages/medium/352469.jpg,2020-09-20 19:49:44,,0,,True
a30393df-fdf2-46d2-9d8e-258b79d5c8ec,Woolworths Supermarket,Health & Beauty,Betadine Antiseptic Liquid 15ml,353198,$11.30,$75.33 / 100ML,https://www.woolworths.com.au/shop/productdetails/353198/betadine-antiseptic-liquid,https://cdn0.woolworths.media/content/wowproductimages/medium/353198.jpg,2020-09-20 19:49:44,Average product rating out of 5: 5.0. Product score is based on 3 ratings,3,,True
f804e3e9-3f3a-4108-90fa-e6197dd0effe,Woolworths Supermarket,Health & Beauty,Betadine Ready To Use Sore Throat Gargle 120ml,353199,$13.50,$11.25 / 100ML,https://www.woolworths.com.au/shop/productdetails/353199/betadine-ready-to-use-sore-throat-gargle,https://cdn0.woolworths.media/content/wowproductimages/medium/353199.jpg,2020-09-20 19:49:44,Average product rating out of 5: 4.7. Product score is based on 3 ratings,3,,True
402d5a62-3b95-40dd-9dc8-5e15b3b3e452,Woolworths Supermarket,Health & Beauty,Betadine Antiseptic Ointment 25g,353200,$11.30,$45.20 / 100G,https://www.woolworths.com.au/shop/productdetails/353200/betadine-antiseptic-ointment,https://cdn0.woolworths.media/content/wowproductimages/medium/353200.jpg,2020-09-20 19:49:44,Average product rating out of 5: 4.0. Product score is based on 1 ratings,1,,True
b5430e7b-8814-4eec-898a-94a2ed472d47,Woolworths Supermarket,Health & Beauty,Betadine Concentrated Sore Throat Gargle 15ml,353203,$12.00,$80.00 / 100ML,https://www.woolworths.com.au/shop/productdetails/353203/betadine-concentrated-sore-throat-gargle,https://cdn0.woolworths.media/content/wowproductimages/medium/353203.jpg,2020-09-20 19:49:44,Average product rating out of 5: 5.0. Product score is based on 2 ratings,2,,True
346bd5b5-3e6c-4991-9a24-9fd356f0b425,Woolworths Supermarket,Health & Beauty,Skyn Original Natural Feeling Non-latex Condoms 10 pack,353204,$9.00,$0.90 / 1EA,https://www.woolworths.com.au/shop/productdetails/353204/skyn-original-natural-feeling-non-latex-condoms,https://cdn0.woolworths.media/content/wowproductimages/medium/353204.jpg,2020-09-20 19:49:44,Average product rating out of 5: 5.0. Product score is based on 1 ratings,1,,True
6db33141-0b78-4649-9992-b7d706dda83a,Woolworths Supermarket,Health & Beauty,Tena Men Level 1 12 pack,353459,$8.00,$0.67 / 1EA,https://www.woolworths.com.au/shop/productdetails/353459/tena-men-level-1,https://cdn0.woolworths.media/content/wowproductimages/medium/353459.jpg,2020-09-20 19:49:44,,0,,True
7cd711b4-ef1e-43ba-b6d8-c55060b6a1b2,Woolworths Supermarket,Health & Beauty,Cussons Imperial Leather Talc Original 300g,353655,$3.00,$1.00 / 100G,https://www.woolworths.com.au/shop/productdetails/353655/cussons-imperial-leather-talc-original,https://cdn0.woolworths.media/content/wowproductimages/medium/353655.jpg,2020-09-20 19:49:44,Average product rating out of 5: 4.7. Product score is based on 19 ratings,19,,True
7cf37f79-c35f-4858-b665-f29496f1fcb5,Woolworths Supermarket,Health & Beauty,Band-aid Waterproof Tough Strips Extra Large 10 pack,353656,$3.99,$0.40 / 1EA,https://www.woolworths.com.au/shop/productdetails/353656/band-aid-waterproof-tough-strips-extra-large,https://cdn0.woolworths.media/content/wowproductimages/medium/353656.jpg,2020-09-20 19:49:44,Average product rating out of 5: 4.4. Product score is based on 5 ratings,5,,True
0e82daf4-cb51-4154-a90c-be477a605436,Woolworths Supermarket,Health & Beauty,Maybelline Great Lash Big Volumizing Mascara - Blackest Black 10ml,354203,$7.80,$7.80 / 10ML,https://www.woolworths.com.au/shop/productdetails/354203/maybelline-great-lash-big-volumizing-mascara-blackest-black,https://cdn0.woolworths.media/content/wowproductimages/medium/354203.jpg,2020-09-20 19:49:44,Average product rating out of 5: 2.7. Product score is based on 3 ratings,3,,True
fd8a749a-95ae-427d-8b43-f365c20c3f62,Woolworths Supermarket,Health & Beauty,Neutrogena Oil Free Acne Pink Grapefruit Cleanser 175ml,355054,$15.50,$8.86 / 100ML,https://www.woolworths.com.au/shop/productdetails/355054/neutrogena-oil-free-acne-pink-grapefruit-cleanser,https://cdn0.woolworths.media/content/wowproductimages/medium/355054.jpg,2020-09-20 19:49:44,Average product rating out of 5: 4.7. Product score is based on 3 ratings,3,,True
8815f9bc-1ae2-4ded-bca9-2620852c31d9,Woolworths Supermarket,Health & Beauty,Olay Regenerist Micro-sculpting Face Serum 50ml,355094,$37.10,$74.20 / 100ML,https://www.woolworths.com.au/shop/productdetails/355094/olay-regenerist-micro-sculpting-face-serum,https://cdn0.woolworths.media/content/wowproductimages/medium/355094.jpg,2020-09-20 19:49:44,Average product rating out of 5: 4.9. Product score is based on 8 ratings,8,,True
d8f278de-048e-43b2-8e0d-c471a0086a55,Woolworths Supermarket,Health & Beauty,Reef Tanning Oil Coconut Spf 30+ 125ml,355170,$9.20,$7.36 / 100ML,https://www.woolworths.com.au/shop/productdetails/355170/reef-tanning-oil-coconut-spf-30-,https://cdn0.woolworths.media/content/wowproductimages/medium/355170.jpg,2020-09-20 19:49:44,Average product rating out of 5: 5.0. Product score is based on 1 ratings,1,,True
6e9f468a-8729-4be4-9a1e-11d6efbaf491,Woolworths Supermarket,Health & Beauty,Nad's Hair Removal Wax Facial Strips 16 pack,355267,$8.00,$0.50 / 1EA,https://www.woolworths.com.au/shop/productdetails/355267/nad-s-hair-removal-wax-facial-strips,https://cdn0.woolworths.media/content/wowproductimages/medium/355267.jpg,2020-09-20 19:49:44,Average product rating out of 5: 4.5. Product score is based on 10 ratings,10,,True
7f476b91-57bd-40d3-ad83-a45532b79bfb,Woolworths Supermarket,Health & Beauty,Nair Hair Removal Cream Shower Power Max 312g,355278,$15.50,$4.97 / 100G,https://www.woolworths.com.au/shop/productdetails/355278/nair-hair-removal-cream-shower-power-max,https://cdn0.woolworths.media/content/wowproductimages/medium/355278.jpg,2020-09-20 19:49:44,Average product rating out of 5: 5.0. Product score is based on 1 ratings,1,,True
12c56b89-66be-4af8-bd33-3b6508444e71,Woolworths Supermarket,Health & Beauty,Schick Mens Razor Quattro Titanium Kit each,356796,$9.25,,https://www.woolworths.com.au/shop/productdetails/356796/schick-mens-razor-quattro-titanium-kit,https://cdn0.woolworths.media/content/wowproductimages/medium/356796.jpg,2020-09-20 19:49:44,Average product rating out of 5: 3.5. Product score is based on 6 ratings,6,,True
0ff0b466-df2e-41b4-9427-f6010e75b5e4,Woolworths Supermarket,Health & Beauty,Woolworths All Smiles Dental Floss Total Care Mint Picks 36 pack,359883,$1.80,$0.05 / 1EA,https://www.woolworths.com.au/shop/productdetails/359883/woolworths-all-smiles-dental-floss-total-care-mint-picks,https://cdn0.woolworths.media/content/wowproductimages/medium/359883.jpg,2020-09-20 19:49:44,Average product rating out of 5: 4.1. Product score is based on 163 ratings,163,,True
e82b77a7-40b7-46e9-9cbb-d9639e9e175b,Woolworths Supermarket,Health & Beauty,Nature's Way Restore Daily Probiotic Capsules 28 pack,360043,$20.00,$71.43 / 100EA,https://www.woolworths.com.au/shop/productdetails/360043/nature-s-way-restore-daily-probiotic-capsules,https://cdn0.woolworths.media/content/wowproductimages/medium/360043.jpg,2020-09-20 19:49:44,Average product rating out of 5: 5.0. Product score is based on 7 ratings,7,,True
57d832a1-2c77-472c-9fbc-84bfcdbab29e,Woolworths Supermarket,Health & Beauty,Elevit Women's Multivitamin Tablets 100 pack,360127,$26.40,$26.40 / 100EA,https://www.woolworths.com.au/shop/productdetails/360127/elevit-women-s-multivitamin-tablets,https://cdn0.woolworths.media/content/wowproductimages/medium/360127.jpg,2020-09-20 19:49:44,Average product rating out of 5: 5.0. Product score is based on 4 ratings,4,,True
08303c5d-6d3f-46ca-97e3-c200356b40dd,Woolworths Supermarket,Health & Beauty,Palmer's Cocoa Butter Body Lotion 400ml,360630,$8.40,$2.10 / 100ML,https://www.woolworths.com.au/shop/productdetails/360630/palmer-s-cocoa-butter-body-lotion,https://cdn0.woolworths.media/content/wowproductimages/medium/360630.jpg,2020-09-20 19:49:44,Average product rating out of 5: 4.9. Product score is based on 10 ratings,10,,True
7c8c1d9d-cbee-43be-b1b2-896d75704956,Woolworths Supermarket,Health & Beauty,Olay Regenerist Face Cream Moisturiser Spf 30 50g,361965,$34.30,$68.60 / 100G,https://www.woolworths.com.au/shop/productdetails/361965/olay-regenerist-face-cream-moisturiser-spf-30,https://cdn0.woolworths.media/content/wowproductimages/medium/361965.jpg,2020-09-20 19:49:44,Average product rating out of 5: 4.3. Product score is based on 3 ratings,3,,True
b394a855-96c2-4bc1-88e6-d821313517ae,Woolworths Supermarket,Health & Beauty,Head & Shoulders Itchy Scalp Care Anti Dandruff Shampoo 200ml,363454,$4.45,$2.23 / 100ML,https://www.woolworths.com.au/shop/productdetails/363454/head-shoulders-itchy-scalp-care-anti-dandruff-shampoo,https://cdn0.woolworths.media/content/wowproductimages/medium/363454.jpg,2020-09-20 19:49:44,Average product rating out of 5: 3.9. Product score is based on 7 ratings,7,,True
fa7d546d-fead-408e-b317-91ef57f5967c,Woolworths Supermarket,Health & Beauty,Head & Shoulders Itchy Scalp Care Anti Dandruff Conditioner 200ml,363459,$4.45,$2.23 / 100ML,https://www.woolworths.com.au/shop/productdetails/363459/head-shoulders-itchy-scalp-care-anti-dandruff-conditioner,https://cdn0.woolworths.media/content/wowproductimages/medium/363459.jpg,2020-09-20 19:49:44,Average product rating out of 5: 5.0. Product score is based on 2 ratings,2,,True
3ff6fb6e-a8ab-412a-8c34-ad2d8de9eef2,Woolworths Supermarket,Health & Beauty,Head & Shoulders Clean & Balanced Conditioner 200ml,363466,$4.45,$2.23 / 100ML,https://www.woolworths.com.au/shop/productdetails/363466/head-shoulders-clean-balanced-conditioner,https://cdn0.woolworths.media/content/wowproductimages/medium/363466.jpg,2020-09-20 19:49:44,,0,,True
42448a7e-d9c9-4f9d-b1f9-5a5c7fa26628,Woolworths Supermarket,Health & Beauty,Head & Shoulders Clean & Balanced Hair Scalp Care Anti Dandruff Conditioner 400ml,363467,$11.00,$2.75 / 100ML,https://www.woolworths.com.au/shop/productdetails/363467/head-shoulders-clean-balanced-hair-scalp-care-anti-dandruff-conditioner,https://cdn0.woolworths.media/content/wowproductimages/medium/363467.jpg,2020-09-20 19:49:44,Average product rating out of 5: 4.7. Product score is based on 3 ratings,3,,True
36aee8de-8386-4389-80af-a3420e8f2953,Woolworths Supermarket,Health & Beauty,Head & Shoulders Smooth & Silky Scalp Care Anti Dandruff Conditioner 200ml,363468,$4.45,$2.23 / 100ML,https://www.woolworths.com.au/shop/productdetails/363468/head-shoulders-smooth-silky-scalp-care-anti-dandruff-conditioner,https://cdn0.woolworths.media/content/wowproductimages/medium/363468.jpg,2020-09-20 19:49:44,Average product rating out of 5: 5.0. Product score is based on 2 ratings,2,,True
9163e02c-02b6-4c44-910d-f898ee7f84f2,Woolworths Supermarket,Health & Beauty,Head & Shoulders Smooth & Silky Scalp Care Anti Dandruff Conditioner 400ml,363469,$11.00,$2.75 / 100ML,https://www.woolworths.com.au/shop/productdetails/363469/head-shoulders-smooth-silky-scalp-care-anti-dandruff-conditioner,https://cdn0.woolworths.media/content/wowproductimages/medium/363469.jpg,2020-09-20 19:49:44,Average product rating out of 5: 4.0. Product score is based on 2 ratings,2,,True
6d30ce11-c331-4f97-a6f3-5f903935a586,Woolworths Supermarket,Health & Beauty,Schwarzkopf Extra Care Shampoo Push Up Volume Hair Repair 400ml,363572,$6.90,$1.73 / 100ML,https://www.woolworths.com.au/shop/productdetails/363572/schwarzkopf-extra-care-shampoo-push-up-volume-hair-repair,https://cdn0.woolworths.media/content/wowproductimages/medium/363572.jpg,2020-09-20 19:49:44,Average product rating out of 5: 4.6. Product score is based on 7 ratings,7,,True
a5b2b54f-1660-45ba-a66e-fe6dba3e4086,Woolworths Supermarket,Health & Beauty,Schwarzkopf Extra Care Conditioner Push Up Volume Hair Repair 400ml,363573,$6.90,$1.73 / 100ML,https://www.woolworths.com.au/shop/productdetails/363573/schwarzkopf-extra-care-conditioner-push-up-volume-hair-repair,https://cdn0.woolworths.media/content/wowproductimages/medium/363573.jpg,2020-09-20 19:49:44,Average product rating out of 5: 4.5. Product score is based on 2 ratings,2,,True
9bb611b1-c50a-4aa2-90fb-5ce1ffc18c83,Woolworths Supermarket,Health & Beauty,Oscar Orsen Extra Hold Bobby Pins Black 80 pack,363850,$4.50,$0.06 / 1EA,https://www.woolworths.com.au/shop/productdetails/363850/oscar-orsen-extra-hold-bobby-pins-black,https://cdn0.woolworths.media/content/wowproductimages/medium/363850.jpg,2020-09-20 19:49:44,Average product rating out of 5: 4.6. Product score is based on 199 ratings,199,,True
6337eb3a-df75-43e4-892a-1b13394226a4,Woolworths Supermarket,Health & Beauty,Oscar Orsen Extra Hold Bobby Pins Brown 80 pack,363875,$4.50,$0.06 / 1EA,https://www.woolworths.com.au/shop/productdetails/363875/oscar-orsen-extra-hold-bobby-pins-brown,https://cdn0.woolworths.media/content/wowproductimages/medium/363875.jpg,2020-09-20 19:49:44,Average product rating out of 5: 3.0. Product score is based on 2 ratings,2,,True
7cb971d5-5ae3-493f-9b56-14ef7c1a0c3e,Woolworths Supermarket,Health & Beauty,Aveeno Active Naturals Positively Radiant Moisturiser Spf 15 75ml,364051,$13.90,$18.53 / 100ML,https://www.woolworths.com.au/shop/productdetails/364051/aveeno-active-naturals-positively-radiant-moisturiser-spf-15,https://cdn0.woolworths.media/content/wowproductimages/medium/364051.jpg,2020-09-20 19:49:44,Average product rating out of 5: 4.3. Product score is based on 4 ratings,4,,True
1afa50af-048b-401e-bf48-9dbb9a859149,Woolworths Supermarket,Health & Beauty,Head & Shoulders Itchy Scalp Care Dandruff Shampoo 400ml,364150,$11.00,$2.75 / 100ML,https://www.woolworths.com.au/shop/productdetails/364150/head-shoulders-itchy-scalp-care-dandruff-shampoo,https://cdn0.woolworths.media/content/wowproductimages/medium/364150.jpg,2020-09-20 19:49:44,Average product rating out of 5: 4.9. Product score is based on 9 ratings,9,,True
14104ece-25ee-4a0e-906a-f61d8abf6d8b,Woolworths Supermarket,Health & Beauty,Nivea Creme Soft Soap Bar 2x100g,364482,$3.60,$1.80 / 100G,https://www.woolworths.com.au/shop/productdetails/364482/nivea-creme-soft-soap-bar,https://cdn0.woolworths.media/content/wowproductimages/medium/364482.jpg,2020-09-20 19:49:44,Average product rating out of 5: 4.7. Product score is based on 19 ratings,19,,True
98339e31-b110-45b0-9451-50a783773fa2,Woolworths Supermarket,Health & Beauty,Original Source Body Wash Mint & Tea Tree Gel 250ml,365264,$2.00,$0.80 / 100ML,https://www.woolworths.com.au/shop/productdetails/365264/original-source-body-wash-mint-tea-tree-gel,https://cdn0.woolworths.media/content/wowproductimages/medium/365264.jpg,2020-09-20 19:49:44,Average product rating out of 5: 4.7. Product score is based on 34 ratings,34,,True
ae69aa59-4718-4c9a-ab60-4853ed582d4d,Woolworths Supermarket,Health & Beauty,Original Source Body Wash Lime 250ml,365268,$2.00,$0.80 / 100ML,https://www.woolworths.com.au/shop/productdetails/365268/original-source-body-wash-lime,https://cdn0.woolworths.media/content/wowproductimages/medium/365268.jpg,2020-09-20 19:49:44,Average product rating out of 5: 4.8. Product score is based on 28 ratings,28,,True
fdcd5afc-cd9f-4559-8100-1f3161e13619,Woolworths Supermarket,Health & Beauty,Rimmel 100% Waterproof Mascara Black 8ml,365870,$13.00,$16.25 / 10ML,https://www.woolworths.com.au/shop/productdetails/365870/rimmel-100-waterproof-mascara-black,https://cdn0.woolworths.media/content/wowproductimages/medium/365870.jpg,2020-09-20 19:49:44,Average product rating out of 5: 4.5. Product score is based on 2 ratings,2,,True
58f00260-143d-42fe-bc19-daf01844a3b0,Woolworths Supermarket,Health & Beauty,Rimmel Extra Super Lash Mascara Black 8ml,365873,$13.50,$16.88 / 10ML,https://www.woolworths.com.au/shop/productdetails/365873/rimmel-extra-super-lash-mascara-black,https://cdn0.woolworths.media/content/wowproductimages/medium/365873.jpg,2020-09-20 19:49:44,Average product rating out of 5: 3.8. Product score is based on 6 ratings,6,,True
e2276436-454d-4a2b-afc2-71c91c47cdee,Woolworths Supermarket,Health & Beauty,Rimmel Soft Kohl Kajal Eye Pencil 061 Jet Black 1.2g,365915,$9.00,$75.00 / 10G,https://www.woolworths.com.au/shop/productdetails/365915/rimmel-soft-kohl-kajal-eye-pencil-061-jet-black,https://cdn0.woolworths.media/content/wowproductimages/medium/365915.jpg,2020-09-20 19:49:44,Average product rating out of 5: 5.0. Product score is based on 2 ratings,2,,True
352b4693-efa4-410c-967f-6d505dc1a8f3,Woolworths Supermarket,Health & Beauty,Rimmel Professional Eyebrow Pencil Dark Brown 1.4g,365916,$9.00,$64.29 / 10G,https://www.woolworths.com.au/shop/productdetails/365916/rimmel-professional-eyebrow-pencil-dark-brown,https://cdn0.woolworths.media/content/wowproductimages/medium/365916.jpg,2020-09-20 19:49:44,Average product rating out of 5: 4.3. Product score is based on 3 ratings,3,,True
46314902-183d-4c8a-97bd-7063593b2eb4,Woolworths Supermarket,Health & Beauty,Rimmel Professional Eyebrow Pencil 002 Hazel 1.4g,365918,$9.00,$64.29 / 10G,https://www.woolworths.com.au/shop/productdetails/365918/rimmel-professional-eyebrow-pencil-002-hazel,https://cdn0.woolworths.media/content/wowproductimages/medium/365918.jpg,2020-09-20 19:49:44,Average product rating out of 5: 4.0. Product score is based on 2 ratings,2,,True
0ef7f0cc-e96b-42ce-b41a-d5fe14f227e2,Woolworths Supermarket,Health & Beauty,Rimmel Proffesional Eyebrow Eye Pencil 004 Black 1.4g,365919,$9.00,$64.29 / 10G,https://www.woolworths.com.au/shop/productdetails/365919/rimmel-proffesional-eyebrow-eye-pencil-004-black,https://cdn0.woolworths.media/content/wowproductimages/medium/365919.jpg,2020-09-20 19:49:44,Average product rating out of 5: 4.0. Product score is based on 1 ratings,1,,True
88144e48-686c-45c0-894c-ab372b863958,Woolworths Supermarket,Health & Beauty,Rimmel Hide The Blemish Concealer 001 Ivory 4.5g,365944,$10.50,$23.33 / 10G,https://www.woolworths.com.au/shop/productdetails/365944/rimmel-hide-the-blemish-concealer-001-ivory,https://cdn0.woolworths.media/content/wowproductimages/medium/365944.jpg,2020-09-20 19:49:44,Average product rating out of 5: 4.0. Product score is based on 1 ratings,1,,True
78e3da50-9783-44d1-9b0f-7c26833d0636,Woolworths Supermarket,Health & Beauty,Rimmel Hide The Blemish Concealer 004 Natural Beige 4.5g,365946,$10.50,$23.33 / 10G,https://www.woolworths.com.au/shop/productdetails/365946/rimmel-hide-the-blemish-concealer-004-natural-beige,https://cdn0.woolworths.media/content/wowproductimages/medium/365946.jpg,2020-09-20 19:49:44,Average product rating out of 5: 4.5. Product score is based on 2 ratings,2,,True
f7ac7a4b-1636-4273-b722-6e9a22c7d90d,Woolworths Supermarket,Health & Beauty,Rimmel Lasting Finish Full Coverage Foundation 400 Natural Beige 30ml,365951,$19.00,$6.33 / 10ML,https://www.woolworths.com.au/shop/productdetails/365951/rimmel-lasting-finish-full-coverage-foundation-400-natural-beige,https://cdn0.woolworths.media/content/wowproductimages/medium/365951.jpg,2020-09-20 19:49:44,,0,,True
7c5a6bb5-2053-47ce-97a6-d1e35b19dc51,Woolworths Supermarket,Health & Beauty,Rimmel Lasting Finish Full Coverage Foundation 200 Soft Beige 30ml,365954,$19.00,$6.33 / 10ML,https://www.woolworths.com.au/shop/productdetails/365954/rimmel-lasting-finish-full-coverage-foundation-200-soft-beige,https://cdn0.woolworths.media/content/wowproductimages/medium/365954.jpg,2020-09-20 19:49:44,Average product rating out of 5: 4.7. Product score is based on 3 ratings,3,,True
53604f2f-a0d8-44e9-a21b-53c44607b44f,Woolworths Supermarket,Health & Beauty,Rimmel Lastingfinish Fdn Ivory 30ml,365958,$19.00,$6.33 / 10ML,https://www.woolworths.com.au/shop/productdetails/365958/rimmel-lastingfinish-fdn-ivory,https://cdn0.woolworths.media/content/wowproductimages/medium/365958.jpg,2020-09-20 19:49:44,Average product rating out of 5: 4.7. Product score is based on 3 ratings,3,,True
53e636f1-672b-4f31-89bd-fdf077db12ea,Woolworths Supermarket,Health & Beauty,Rimmel Natural Bronzer Sun Bronze 14g,365966,$16.00,$11.43 / 10G,https://www.woolworths.com.au/shop/productdetails/365966/rimmel-natural-bronzer-sun-bronze,https://cdn0.woolworths.media/content/wowproductimages/medium/365966.jpg,2020-09-20 19:49:44,Average product rating out of 5: 5.0. Product score is based on 2 ratings,2,,True
2f3e600d-4760-44cc-84bf-3cd85a8db82a,Woolworths Supermarket,Health & Beauty,Rimmel Powder Pressed Transparent 14g,365976,$12.00,$8.57 / 10G,https://www.woolworths.com.au/shop/productdetails/365976/rimmel-powder-pressed-transparent,https://cdn0.woolworths.media/content/wowproductimages/medium/365976.jpg,2020-09-20 19:49:44,Average product rating out of 5: 4.5. Product score is based on 2 ratings,2,,True
5011e33d-7cdd-4b7e-88cf-788d227dcb17,Woolworths Supermarket,Health & Beauty,Rimmel Powder Pressed Peach Glow 14g,365977,$12.00,$8.57 / 10G,https://www.woolworths.com.au/shop/productdetails/365977/rimmel-powder-pressed-peach-glow,https://cdn0.woolworths.media/content/wowproductimages/medium/365977.jpg,2020-09-20 19:49:44,Average product rating out of 5: 4.0. Product score is based on 1 ratings,1,,True
570c4a91-215f-417c-aff8-a72fae277b6e,Woolworths Supermarket,Health & Beauty,Rimmel Stay Matte Powder Pressed Silk Beige 14g,365978,$12.00,$8.57 / 10G,https://www.woolworths.com.au/shop/productdetails/365978/rimmel-stay-matte-powder-pressed-silk-beige,https://cdn0.woolworths.media/content/wowproductimages/medium/365978.jpg,2020-09-20 19:49:44,Average product rating out of 5: 5.0. Product score is based on 1 ratings,1,,True
80f144fd-0fc4-4571-b427-1da28b76450d,Woolworths Supermarket,Health & Beauty,Maybelline Mascara Falsies Black Waterproof 7.5ml,367893,$12.00,$16.00 / 10ML,https://www.woolworths.com.au/shop/productdetails/367893/maybelline-mascara-falsies-black-waterproof,https://cdn0.woolworths.media/content/wowproductimages/medium/367893.jpg,2020-09-20 19:49:44,,0,,True
75d1c2fe-d1c7-403a-b2f0-78e358d32fff,Woolworths Supermarket,Health & Beauty,Maybelline Falsies Volumizing Mascara - Blackest Black 7.5ml,367899,$12.00,$16.00 / 10ML,https://www.woolworths.com.au/shop/productdetails/367899/maybelline-falsies-volumizing-mascara-blackest-black,https://cdn0.woolworths.media/content/wowproductimages/medium/367899.jpg,2020-09-20 19:49:44,Average product rating out of 5: 3.0. Product score is based on 2 ratings,2,,True
13a2453c-05ab-4577-bea6-3886a6e71198,Woolworths Supermarket,Health & Beauty,Schick Shave Gel Hydro Sensitive 236g,368684,$6.00,$2.54 / 100G,https://www.woolworths.com.au/shop/productdetails/368684/schick-shave-gel-hydro-sensitive,https://cdn0.woolworths.media/content/wowproductimages/medium/368684.jpg,2020-09-20 19:49:44,Average product rating out of 5: 4.8. Product score is based on 16 ratings,16,,True
d86865a3-03d4-4f9f-8fc3-32ac60a779a5,Woolworths Supermarket,Health & Beauty,Sally Hansen Xtreme Wear Nail Polish Black Out 12ml,369602,$7.00,$5.93 / 10ML,https://www.woolworths.com.au/shop/productdetails/369602/sally-hansen-xtreme-wear-nail-polish-black-out,https://cdn0.woolworths.media/content/wowproductimages/medium/369602.jpg,2020-09-20 19:49:44,Average product rating out of 5: 4.0. Product score is based on 1 ratings,1,,True
5bcb96e3-fe46-4db7-9b70-d8d2f9bdd082,Woolworths Supermarket,Health & Beauty,All Smiles Total Care Mint Mouthwash 500ml,370382,$2.20,$0.44 / 100ML,https://www.woolworths.com.au/shop/productdetails/370382/all-smiles-total-care-mint-mouthwash,https://cdn0.woolworths.media/content/wowproductimages/medium/370382.jpg,2020-09-20 19:49:44,Average product rating out of 5: 3.5. Product score is based on 125 ratings,125,,True
cf1f042a-5ed3-4a29-b555-ce1388e7773a,Woolworths Supermarket,Health & Beauty,Just For Men Moustache & Beard Dark Brown 70g,370388,$11.50,$11.50 / 1EA,https://www.woolworths.com.au/shop/productdetails/370388/just-for-men-moustache-beard-dark-brown,https://cdn0.woolworths.media/content/wowproductimages/medium/370388.jpg,2020-09-20 19:49:44,Average product rating out of 5: 4.8. Product score is based on 4 ratings,4,,True
fe505c01-c246-49e8-a6a0-3aae6d3ebbc0,Woolworths Supermarket,Health & Beauty,Colgate 360 Degrees Optic White Power Toothbrush Medium each,370532,$8.95,$8.95 / 1EA,https://www.woolworths.com.au/shop/productdetails/370532/colgate-360-degrees-optic-white-power-toothbrush-medium,https://cdn0.woolworths.media/content/wowproductimages/medium/370532.jpg,2020-09-20 19:49:44,Average product rating out of 5: 4.9. Product score is based on 8 ratings,8,,True
d65999ba-925b-4e92-8417-01959710cb4e,Woolworths Supermarket,Health & Beauty,Norsca Deodorant Aerosol Instant Adrenalin 150g,370615,$6.00,$2.45 / 100ML,https://www.woolworths.com.au/shop/productdetails/370615/norsca-deodorant-aerosol-instant-adrenalin,https://cdn0.woolworths.media/content/wowproductimages/medium/370615.jpg,2020-09-20 19:49:44,Average product rating out of 5: 4.4. Product score is based on 5 ratings,5,,True
179fb2b0-c71a-48dc-a80a-4ff2cd350a3b,Woolworths Supermarket,Health & Beauty,Norsca Deodorant Aerosol Clear Passion Flower 150g,370625,$6.00,$2.45 / 100ML,https://www.woolworths.com.au/shop/productdetails/370625/norsca-deodorant-aerosol-clear-passion-flower,https://cdn0.woolworths.media/content/wowproductimages/medium/370625.jpg,2020-09-20 19:49:44,Average product rating out of 5: 4.1. Product score is based on 17 ratings,17,,True
2c438b7c-f6e4-4b02-81ed-b8c156843624,Woolworths Supermarket,Health & Beauty,Stayfree Pads Ultra Thin Regular Wing 14 pack,370631,$4.50,$0.32 / 1EA,https://www.woolworths.com.au/shop/productdetails/370631/stayfree-pads-ultra-thin-regular-wing,https://cdn0.woolworths.media/content/wowproductimages/medium/370631.jpg,2020-09-20 19:49:44,,0,,True
509082d2-a5b2-4a36-9b3b-130c1cd325d3,Woolworths Supermarket,Health & Beauty,L'oreal Age Perfect Face Cream With Spf15+ 70ml,370865,$18.50,$26.43 / 100ML,https://www.woolworths.com.au/shop/productdetails/370865/l-oreal-age-perfect-face-cream-with-spf15-,https://cdn0.woolworths.media/content/wowproductimages/medium/370865.jpg,2020-09-20 19:49:44,Average product rating out of 5: 4.8. Product score is based on 4 ratings,4,,True
17d80b45-0421-4053-ad16-ea3df61fec76,Woolworths Supermarket,Health & Beauty,Nivea Nourishing Day Cream Dry & Sensitive Skin Spf15 each,370880,$7.70,$15.40 / 100ML,https://www.woolworths.com.au/shop/productdetails/370880/nivea-nourishing-day-cream-dry-sensitive-skin-spf15,https://cdn0.woolworths.media/content/wowproductimages/medium/370880.jpg,2020-09-20 19:49:44,Average product rating out of 5: 4.0. Product score is based on 1 ratings,1,,True
eeffafea-5782-414d-ac91-88732efaf669,Woolworths Supermarket,Health & Beauty,St Ives Naturally Clear Scrub Green Tea 150ml,370899,$10.00,$6.67 / 100ML,https://www.woolworths.com.au/shop/productdetails/370899/st-ives-naturally-clear-scrub-green-tea,https://cdn0.woolworths.media/content/wowproductimages/medium/370899.jpg,2020-09-20 19:49:44,Average product rating out of 5: 4.9. Product score is based on 7 ratings,7,,True
a27f6439-4dc7-4cae-8026-4dfd3ff3d606,Woolworths Supermarket,Health & Beauty,Clean & Clear Essentials Moisturiser 100ml,370917,$8.00,$8.00 / 100ML,https://www.woolworths.com.au/shop/productdetails/370917/clean-clear-essentials-moisturiser,https://cdn0.woolworths.media/content/wowproductimages/medium/370917.jpg,2020-09-20 19:49:44,Average product rating out of 5: 5.0. Product score is based on 1 ratings,1,,True
beab9312-6019-4a1f-8333-baa278ea87ff,Woolworths Supermarket,Health & Beauty,Sambucol Cough Syrups Cold & Flu Liquid 120ml,370940,$14.00,$11.67 / 100ML,https://www.woolworths.com.au/shop/productdetails/370940/sambucol-cough-syrups-cold-flu-liquid,https://cdn0.woolworths.media/content/wowproductimages/medium/370940.jpg,2020-09-20 19:49:44,Average product rating out of 5: 5.0. Product score is based on 4 ratings,4,,True
fd365b76-46c2-4556-9b80-da27fb971d00,Woolworths Supermarket,Health & Beauty,Lemsip Max Cold & Flu Multi Relief Hot Drink Lemon 10 pack,370954,$15.00,$1.50 / 1EA,https://www.woolworths.com.au/shop/productdetails/370954/lemsip-max-cold-flu-multi-relief-hot-drink-lemon,https://cdn0.woolworths.media/content/wowproductimages/medium/370954.jpg,2020-09-20 19:49:44,Average product rating out of 5: 5.0. Product score is based on 4 ratings,4,,True
8ef8fb7a-2729-4190-8f38-309611145ec3,Woolworths Supermarket,Health & Beauty,Vicks Lozenges Original Menthol 24 pack,370957,$3.25,$0.14 / 1EA,https://www.woolworths.com.au/shop/productdetails/370957/vicks-lozenges-original-menthol,https://cdn0.woolworths.media/content/wowproductimages/medium/370957.jpg,2020-09-20 19:49:44,Average product rating out of 5: 4.8. Product score is based on 8 ratings,8,,True
7248ec40-ed53-46db-b73e-73ce5b34f99a,Woolworths Supermarket,Health & Beauty,Vicks Lozenges Butter Menthol 24 pack,370958,$3.25,$0.14 / 1EA,https://www.woolworths.com.au/shop/productdetails/370958/vicks-lozenges-butter-menthol,https://cdn0.woolworths.media/content/wowproductimages/medium/370958.jpg,2020-09-20 19:49:44,Average product rating out of 5: 4.8. Product score is based on 6 ratings,6,,True
1d17428b-98cd-4800-8a5e-f8a8f5662fc0,Woolworths Supermarket,Health & Beauty,Elastoplast Strappings Class Tape 1pk,370964,$6.99,$6.99 / 1EA,https://www.woolworths.com.au/shop/productdetails/370964/elastoplast-strappings-class-tape,https://cdn0.woolworths.media/content/wowproductimages/medium/370964.jpg,2020-09-20 19:49:44,Average product rating out of 5: 5.0. Product score is based on 1 ratings,1,,True
0897fd94-b0a5-489d-ad00-06f867fcd7a5,Woolworths Supermarket,Health & Beauty,Mentholatum Sprays Ice Cool 150ml,370966,$13.00,$8.67 / 100ML,https://www.woolworths.com.au/shop/productdetails/370966/mentholatum-sprays-ice-cool,https://cdn0.woolworths.media/content/wowproductimages/medium/370966.jpg,2020-09-20 19:49:44,Average product rating out of 5: 5.0. Product score is based on 3 ratings,3,,True
5ff331b6-abbe-48df-a060-eac5947be266,Woolworths Supermarket,Health & Beauty,Nicorette Quit Smoking Extra Strength Classic Gum 4mg 75 pack,370978,$29.00,$38.67 / 100EA,https://www.woolworths.com.au/shop/productdetails/370978/nicorette-quit-smoking-extra-strength-classic-gum-4mg,https://cdn0.woolworths.media/content/wowproductimages/medium/370978.jpg,2020-09-20 19:49:44,,0,,True
54e30b83-c9b5-4899-b583-d8595bbed016,Woolworths Supermarket,Health & Beauty,Nicorette Quit Smoking Regular Strength Classic Gum 2mg 75pk,370979,$29.00,$38.67 / 100EA,https://www.woolworths.com.au/shop/productdetails/370979/nicorette-quit-smoking-regular-strength-classic-gum-2mg,https://cdn0.woolworths.media/content/wowproductimages/medium/370979.jpg,2020-09-20 19:49:44,Average product rating out of 5: 5.0. Product score is based on 1 ratings,1,,True
14d0a971-b9af-4fe3-b30d-a858f70553f7,Woolworths Supermarket,Health & Beauty,Cenovis Vitamin D3 1000iu Tablets 200 pack,375733,$14.00,$7.00 / 100EA,https://www.woolworths.com.au/shop/productdetails/375733/cenovis-vitamin-d3-1000iu-tablets,https://cdn0.woolworths.media/content/wowproductimages/medium/375733.jpg,2020-09-20 19:49:44,Average product rating out of 5: 4.9. Product score is based on 14 ratings,14,,True
57bac300-86dd-4959-9658-a315f34efdb4,Woolworths Supermarket,Health & Beauty,Aveeno Active Natural Skin Relief Moisturising Lotion 354ml,376108,$9.10,$2.57 / 100ML,https://www.woolworths.com.au/shop/productdetails/376108/aveeno-active-natural-skin-relief-moisturising-lotion,https://cdn0.woolworths.media/content/wowproductimages/medium/376108.jpg,2020-09-20 19:49:44,Average product rating out of 5: 5.0. Product score is based on 4 ratings,4,,True
d50fe17a-bd0f-4323-8d37-155ba0898e20,Woolworths Supermarket,Health & Beauty,Nature's Way Advanced Omega Triple Strength Fish Oil 60 pack,376268,$20.00,$33.33 / 100EA,https://www.woolworths.com.au/shop/productdetails/376268/nature-s-way-advanced-omega-triple-strength-fish-oil,https://cdn0.woolworths.media/content/wowproductimages/medium/376268.jpg,2020-09-20 19:49:44,Average product rating out of 5: 5.0. Product score is based on 2 ratings,2,,True
6a819250-62b2-423f-b5ca-1b1f0d0df6c4,Woolworths Supermarket,Health & Beauty,Berocca 50+ Energy Vitamin With Ginseng Effervescent Tablets 30 pack,376469,$13.00,$43.33 / 100EA,https://www.woolworths.com.au/shop/productdetails/376469/berocca-50-energy-vitamin-with-ginseng-effervescent-tablets,https://cdn0.woolworths.media/content/wowproductimages/medium/376469.jpg,2020-09-20 19:49:44,Average product rating out of 5: 4.8. Product score is based on 5 ratings,5,,True
a395f893-ce12-43af-848d-e918d76c1b33,Woolworths Supermarket,Health & Beauty,Piksters Dental Floss Interdental Brush Small 10 pack,376487,$6.50,$0.65 / 1EA,https://www.woolworths.com.au/shop/productdetails/376487/piksters-dental-floss-interdental-brush-small,https://cdn0.woolworths.media/content/wowproductimages/medium/376487.jpg,2020-09-20 19:49:44,Average product rating out of 5: 4.7. Product score is based on 12 ratings,12,,True
fea17c5d-1d13-4a95-9e37-0abe746beed3,Woolworths Supermarket,Health & Beauty,Listerine Zero Mouthwash 1l,376504,$11.50,$1.15 / 100ML,https://www.woolworths.com.au/shop/productdetails/376504/listerine-zero-mouthwash,https://cdn0.woolworths.media/content/wowproductimages/medium/376504.jpg,2020-09-20 19:49:44,Average product rating out of 5: 5.0. Product score is based on 5 ratings,5,Was $13.50 14/11/16,True
fa28d21c-4660-4eaf-afae-e0acbaa88533,Woolworths Supermarket,Health & Beauty,Listerine Zero Mouthwash 500ml,376505,$8.50,$1.70 / 100ML,https://www.woolworths.com.au/shop/productdetails/376505/listerine-zero-mouthwash,https://cdn0.woolworths.media/content/wowproductimages/medium/376505.jpg,2020-09-20 19:49:44,Average product rating out of 5: 4.3. Product score is based on 9 ratings,9,Was $9.20 14/11/16,True
38f3f18e-6c2c-49d8-be28-956ced168ff6,Woolworths Supermarket,Health & Beauty,Ogx Brazilian Keratin Therapy Shampoo 385ml,376590,$10.00,$2.60 / 100ML,https://www.woolworths.com.au/shop/productdetails/376590/ogx-brazilian-keratin-therapy-shampoo,https://cdn0.woolworths.media/content/wowproductimages/medium/376590.jpg,2020-09-20 19:49:44,Average product rating out of 5: 3.8. Product score is based on 4 ratings,4,,True
82ec9aba-f33d-4a88-8a75-f91287f7f1cd,Woolworths Supermarket,Health & Beauty,Ogx Conditioner Ever Straight Brazilian Keratin Therapy 385ml,376591,$10.00,$2.60 / 100ML,https://www.woolworths.com.au/shop/productdetails/376591/ogx-conditioner-ever-straight-brazilian-keratin-therapy,https://cdn0.woolworths.media/content/wowproductimages/medium/376591.jpg,2020-09-20 19:49:44,Average product rating out of 5: 4.8. Product score is based on 5 ratings,5,,True
31d1ca3e-f077-4228-8574-c8e313f81798,Woolworths Supermarket,Health & Beauty,Oral-b Vitality Plus Floss Action Power Toothbrush each,376687,$45.00,$45.00 / 1EA,https://www.woolworths.com.au/shop/productdetails/376687/oral-b-vitality-plus-floss-action-power-toothbrush,https://cdn0.woolworths.media/content/wowproductimages/medium/376687.jpg,2020-09-20 19:49:44,Average product rating out of 5: 4.4. Product score is based on 8 ratings,8,,True
1c880004-e24d-4a50-bb53-2141325a1191,Woolworths Supermarket,Health & Beauty,Carefree Procomfort Tampons Super 32 pack,376702,$6.35,$0.20 / 1EA,https://www.woolworths.com.au/shop/productdetails/376702/carefree-procomfort-tampons-super,https://cdn0.woolworths.media/content/wowproductimages/medium/376702.jpg,2020-09-20 19:49:44,,0,Was $7.60 10/04/2017,True
9feb67ef-b8af-4292-ae06-f0aad5d931fe,Woolworths Supermarket,Health & Beauty,Carefree Procomfort Tampons Regular 32 pack,376708,$6.35,$0.20 / 1EA,https://www.woolworths.com.au/shop/productdetails/376708/carefree-procomfort-tampons-regular,https://cdn0.woolworths.media/content/wowproductimages/medium/376708.jpg,2020-09-20 19:49:44,,0,Was $7.60 10/04/2017,True
668189a1-794c-49c5-8cbb-0dfd8c6b85cd,Woolworths Supermarket,Health & Beauty,Atkins Endulge Bar Caramel Nut Multi Pack 5x34g,376747,$13.50,$2.70 / 1EA,https://www.woolworths.com.au/shop/productdetails/376747/atkins-endulge-bar-caramel-nut-multi-pack,https://cdn0.woolworths.media/content/wowproductimages/medium/376747.jpg,2020-09-20 19:49:44,Average product rating out of 5: 4.7. Product score is based on 24 ratings,24,,True
a6bf4f7d-1728-4e3e-9c1e-d553e10cd077,Woolworths Supermarket,Health & Beauty,Tom Organic Tampons Regular 16 pack,377097,$4.55,$0.28 / 1EA,https://www.woolworths.com.au/shop/productdetails/377097/tom-organic-tampons-regular,https://cdn0.woolworths.media/content/wowproductimages/medium/377097.jpg,2020-09-20 19:49:44,,0,,True
ae389438-67e1-4c66-89cd-a98b32031e13,Woolworths Supermarket,Health & Beauty,Tom Organic Tampons Mini 16pk,377099,$4.55,$0.28 / 1EA,https://www.woolworths.com.au/shop/productdetails/377099/tom-organic-tampons-mini,https://cdn0.woolworths.media/content/wowproductimages/medium/377099.jpg,2020-09-20 19:49:44,,0,,True
79c41f68-a337-4176-87c6-20469425a609,Woolworths Supermarket,Health & Beauty,Piksters Dental Floss Interdental Brush Medium 10 pack,377293,$6.50,$0.65 / 1EA,https://www.woolworths.com.au/shop/productdetails/377293/piksters-dental-floss-interdental-brush-medium,https://cdn0.woolworths.media/content/wowproductimages/medium/377293.jpg,2020-09-20 19:49:44,Average product rating out of 5: 4.9. Product score is based on 9 ratings,9,,True
ea209372-0548-480e-b69d-459ac7c7bee9,Woolworths Supermarket,Health & Beauty,Piksters Dental Floss Interdental Brush Large 10 pack,377295,$6.50,$0.65 / 1EA,https://www.woolworths.com.au/shop/productdetails/377295/piksters-dental-floss-interdental-brush-large,https://cdn0.woolworths.media/content/wowproductimages/medium/377295.jpg,2020-09-20 19:49:44,Average product rating out of 5: 5.0. Product score is based on 5 ratings,5,,True
7afae5d4-da72-4d22-b77a-960ca2343341,Woolworths Supermarket,Health & Beauty,Atkins Endulge Bar Milk Chocolate Mint Crisp 30g,378444,$3.00,$10.00 / 100G,https://www.woolworths.com.au/shop/productdetails/378444/atkins-endulge-bar-milk-chocolate-mint-crisp,https://cdn0.woolworths.media/content/wowproductimages/medium/378444.jpg,2020-09-20 19:49:44,Average product rating out of 5: 5.0. Product score is based on 7 ratings,7,,True
46edf05c-d441-4008-b49c-64d853ab39dd,Woolworths Supermarket,Health & Beauty,Winners Sports Nutrition Energy Bar Apple Berry Crumble 55g,378452,$2.50,$4.55 / 100G,https://www.woolworths.com.au/shop/productdetails/378452/winners-sports-nutrition-energy-bar-apple-berry-crumble,https://cdn0.woolworths.media/content/wowproductimages/medium/378452.jpg,2020-09-20 19:49:44,,0,,True
bedbfe17-5b8a-4f89-8553-08a806d9077d,Woolworths Supermarket,Health & Beauty,Atkins Day Break Bar Chocolate Chip Crisp 5x37g,378526,$11.50,$6.22 / 100G,https://www.woolworths.com.au/shop/productdetails/378526/atkins-day-break-bar-chocolate-chip-crisp,https://cdn0.woolworths.media/content/wowproductimages/medium/378526.jpg,2020-09-20 19:49:44,Average product rating out of 5: 4.0. Product score is based on 10 ratings,10,,True
6d77e4f9-0f50-4a3b-a641-f5792c196325,Woolworths Supermarket,Health & Beauty,Atkins Day Break Bar Cappuccino 5x37g,378529,$11.50,$6.22 / 100G,https://www.woolworths.com.au/shop/productdetails/378529/atkins-day-break-bar-cappuccino,https://cdn0.woolworths.media/content/wowproductimages/medium/378529.jpg,2020-09-20 19:49:44,Average product rating out of 5: 4.5. Product score is based on 11 ratings,11,,True
5ee0d74c-641a-41ea-95ea-9afbcfbc530f,Woolworths Supermarket,Health & Beauty,Schwarzkopf Extra Care Hair Spray Ultra Styling Lacquer 250g,378904,$5.95,$2.38 / 100G,https://www.woolworths.com.au/shop/productdetails/378904/schwarzkopf-extra-care-hair-spray-ultra-styling-lacquer,https://cdn0.woolworths.media/content/wowproductimages/medium/378904.jpg,2020-09-20 19:49:44,Average product rating out of 5: 3.5. Product score is based on 2 ratings,2,,True
220e9592-dbf2-4612-8deb-cc99ea91c9e4,Woolworths Supermarket,Health & Beauty,L'oreal Hair Spray Elnett Supreme Volume Hold 400ml,378909,$5.50,$1.38 / 100ML,https://www.woolworths.com.au/shop/productdetails/378909/l-oreal-hair-spray-elnett-supreme-volume-hold,https://cdn0.woolworths.media/content/wowproductimages/medium/378909.jpg,2020-09-20 19:49:44,Average product rating out of 5: 1.0. Product score is based on 1 ratings,1,,True
fc2f1c9b-c136-47d2-8ac4-701dc458ba32,Woolworths Supermarket,Health & Beauty,Schwarzkopf Extra Care Mousse Ultra Styling Extreme Hold 150g,378916,$5.10,$3.40 / 100G,https://www.woolworths.com.au/shop/productdetails/378916/schwarzkopf-extra-care-mousse-ultra-styling-extreme-hold,https://cdn0.woolworths.media/content/wowproductimages/medium/378916.jpg,2020-09-20 19:49:44,Average product rating out of 5: 4.8. Product score is based on 8 ratings,8,,True
9a3fb8f3-c89c-46ae-ba7a-f14cdd23a1b9,Woolworths Supermarket,Health & Beauty,Cetaphil Facial Moisturiser Uva/uvb Spf 50+ All Types 50ml,379074,$23.00,$46.00 / 100ML,https://www.woolworths.com.au/shop/productdetails/379074/cetaphil-facial-moisturiser-uva-uvb-spf-50-all-types,https://cdn0.woolworths.media/content/wowproductimages/medium/379074.jpg,2020-09-20 19:49:44,Average product rating out of 5: 3.3. Product score is based on 6 ratings,6,,True
d3db3ede-dc1f-46d9-b7b1-f03446ea56bc,Woolworths Supermarket,Health & Beauty,Quitnits Head Lice Treatment Rapid 200ml,379098,$17.00,$8.50 / 100ML,https://www.woolworths.com.au/shop/productdetails/379098/quitnits-head-lice-treatment-rapid,https://cdn0.woolworths.media/content/wowproductimages/medium/379098.jpg,2020-09-20 19:49:44,Average product rating out of 5: 4.0. Product score is based on 6 ratings,6,,True
29827c04-600a-4956-a654-6416eff00333,Woolworths Supermarket,Health & Beauty,Schwarzkopf Extra Care Shampoo Ultimate Repair 400ml,379198,$6.90,$1.73 / 100ML,https://www.woolworths.com.au/shop/productdetails/379198/schwarzkopf-extra-care-shampoo-ultimate-repair,https://cdn0.woolworths.media/content/wowproductimages/medium/379198.jpg,2020-09-20 19:49:44,Average product rating out of 5: 4.7. Product score is based on 12 ratings,12,,True
7b63dbd2-a1a4-47f5-8d0a-5a0bdf0e1a77,Woolworths Supermarket,Health & Beauty,Schwarzkopf Extra Care Conditioner Ultimate Repair 400ml,379199,$6.90,$1.73 / 100ML,https://www.woolworths.com.au/shop/productdetails/379199/schwarzkopf-extra-care-conditioner-ultimate-repair,https://cdn0.woolworths.media/content/wowproductimages/medium/379199.jpg,2020-09-20 19:49:44,Average product rating out of 5: 4.8. Product score is based on 9 ratings,9,,True
c5ccc598-c9d3-4bc5-b61d-d0c57dfedfe1,Woolworths Supermarket,Health & Beauty,Quitnits Head Lice Treatment Complet Kit each,379396,$23.50,$23.50 / 1EA,https://www.woolworths.com.au/shop/productdetails/379396/quitnits-head-lice-treatment-complet-kit,https://cdn0.woolworths.media/content/wowproductimages/medium/379396.jpg,2020-09-20 19:49:44,Average product rating out of 5: 5.0. Product score is based on 1 ratings,1,,True
462bea25-7f2d-4369-85c6-bedf6a7a7667,Woolworths Supermarket,Health & Beauty,L'oreal Elnett Satin Normal Strength Hairspray 400ml,379506,$5.50,$1.38 / 100ML,https://www.woolworths.com.au/shop/productdetails/379506/l-oreal-elnett-satin-normal-strength-hairspray,https://cdn0.woolworths.media/content/wowproductimages/medium/379506.jpg,2020-09-20 19:49:44,Average product rating out of 5: 4.0. Product score is based on 2 ratings,2,,True
e62987e0-a885-41eb-9851-a86f12581b46,Woolworths Supermarket,Health & Beauty,Dettol Antibacterial Hand Wash Refill Aloe Vera & Vitamin E 250ml,379953,$5.00,$2.00 / 100ML,https://www.woolworths.com.au/shop/productdetails/379953/dettol-antibacterial-hand-wash-refill-aloe-vera-vitamin-e,https://cdn0.woolworths.media/content/wowproductimages/medium/379953.jpg,2020-09-20 19:49:44,Average product rating out of 5: 4.4. Product score is based on 18 ratings,18,Was $5.99 16/05/2016,True
c8681e80-0b99-4115-87d6-274ed5221892,Woolworths Supermarket,Health & Beauty,Palmolive Antibacterial Liquid Hand Wash Soap Pump Orange 250ml,379968,$2.79,$1.12 / 100ML,https://www.woolworths.com.au/shop/productdetails/379968/palmolive-antibacterial-liquid-hand-wash-soap-pump-orange,https://cdn0.woolworths.media/content/wowproductimages/medium/379968.jpg,2020-09-20 19:49:44,Average product rating out of 5: 4.3. Product score is based on 19 ratings,19,,True
a32200ee-9dda-4894-8f33-2aa42060726a,Woolworths Supermarket,Health & Beauty,Palmolive Naturals Liquid Hand Wash Soap Milk & Honey Refill 1l,379969,$6.50,$0.65 / 100ML,https://www.woolworths.com.au/shop/productdetails/379969/palmolive-naturals-liquid-hand-wash-soap-milk-honey-refill,https://cdn0.woolworths.media/content/wowproductimages/medium/379969.jpg,2020-09-20 19:49:44,Average product rating out of 5: 4.8. Product score is based on 15 ratings,15,Was $7.00 10/07/2017,True
ddd8fefc-2c68-4dda-b47f-ca72dbc31544,Woolworths Supermarket,Health & Beauty,Palmolive Naturals Liquid Hand Wash Soap Aloe Vera Value Refill 1l,379970,$6.50,$0.65 / 100ML,https://www.woolworths.com.au/shop/productdetails/379970/palmolive-naturals-liquid-hand-wash-soap-aloe-vera-value-refill,https://cdn0.woolworths.media/content/wowproductimages/medium/379970.jpg,2020-09-20 19:49:44,Average product rating out of 5: 4.7. Product score is based on 27 ratings,27,Was $7.00 10/07/2017,True
c573db91-dc48-461e-8a74-b62faad2596f,Woolworths Supermarket,Health & Beauty,Palmolive Antibacterial Liquid Hand Wash Soap Sea Minerals Refill 1l,379972,$6.50,$0.65 / 100ML,https://www.woolworths.com.au/shop/productdetails/379972/palmolive-antibacterial-liquid-hand-wash-soap-sea-minerals-refill,https://cdn0.woolworths.media/content/wowproductimages/medium/379972.jpg,2020-09-20 19:49:44,Average product rating out of 5: 4.6. Product score is based on 22 ratings,22,Was $7.00 10/07/2017,True
329506d0-89d3-4748-877a-40798659a53a,Woolworths Supermarket,Health & Beauty,Palmolive Antibacterial Liquid Hand Wash Soap White Tea Refill 1l,379973,$6.50,$0.65 / 100ML,https://www.woolworths.com.au/shop/productdetails/379973/palmolive-antibacterial-liquid-hand-wash-soap-white-tea-refill,https://cdn0.woolworths.media/content/wowproductimages/medium/379973.jpg,2020-09-20 19:49:44,Average product rating out of 5: 4.4. Product score is based on 28 ratings,28,Was $7.00 10/07/2017,True
1c1bbbad-8743-4f70-b157-d6294808951c,Woolworths Supermarket,Health & Beauty,Cussons Prize Medal Oatmeal Soap Bar 5x90g,380104,$3.40,$0.76 / 100G,https://www.woolworths.com.au/shop/productdetails/380104/cussons-prize-medal-oatmeal-soap-bar,https://cdn0.woolworths.media/content/wowproductimages/medium/380104.jpg,2020-09-20 19:49:44,Average product rating out of 5: 4.7. Product score is based on 22 ratings,22,,True
21a5b6a0-7708-433b-9a45-9449e5009206,Woolworths Supermarket,Health & Beauty,Tena Pads Normal Fresh Odour Control 24 pack,380315,$9.00,$0.38 / 1EA,https://www.woolworths.com.au/shop/productdetails/380315/tena-pads-normal-fresh-odour-control,https://cdn0.woolworths.media/content/wowproductimages/medium/380315.jpg,2020-09-20 19:49:44,,0,,True
eecfbd22-8f4e-41bd-8129-b21b8287132b,Woolworths Supermarket,Health & Beauty,Tena Pads Fresh Odour Control Extra 20 pack,380316,$9.00,$0.45 / 1EA,https://www.woolworths.com.au/shop/productdetails/380316/tena-pads-fresh-odour-control-extra,https://cdn0.woolworths.media/content/wowproductimages/medium/380316.jpg,2020-09-20 19:49:44,,0,,True
94221915-cc58-4d21-872b-4ebdee3b2814,Woolworths Supermarket,Health & Beauty,Tena Pads Day Night Super Plus 14 pack,380317,$9.00,$0.64 / 1EA,https://www.woolworths.com.au/shop/productdetails/380317/tena-pads-day-night-super-plus,https://cdn0.woolworths.media/content/wowproductimages/medium/380317.jpg,2020-09-20 19:49:44,,0,,True
4df32084-fa3e-44ea-ae5c-feae5c0a7d85,Woolworths Supermarket,Health & Beauty,Maybelline Master Liner Waterproof Pencil Eyeliner - Black each,380412,$7.80,,https://www.woolworths.com.au/shop/productdetails/380412/maybelline-master-liner-waterproof-pencil-eyeliner-black,https://cdn0.woolworths.media/content/wowproductimages/medium/380412.jpg,2020-09-20 19:49:44,Average product rating out of 5: 4.2. Product score is based on 9 ratings,9,,True
e53d8453-8b48-42e9-a905-1a52f66e8d00,Woolworths Supermarket,Health & Beauty,Maybelline Superstay 24 2-step Liquid Lipstick - Perpetual Plum 1.8ml,380418,$14.40,,https://www.woolworths.com.au/shop/productdetails/380418/maybelline-superstay-24-2-step-liquid-lipstick-perpetual-plum,https://cdn0.woolworths.media/content/wowproductimages/medium/380418.jpg,2020-09-20 19:49:44,Average product rating out of 5: 5.0. Product score is based on 3 ratings,3,,True
07df7c03-7058-48de-87c2-b5df21580bf1,Woolworths Supermarket,Health & Beauty,Maybelline Superstay 24 2-step Liquid Lipstick - Infinite Petal 1.8ml,380419,$14.40,,https://www.woolworths.com.au/shop/productdetails/380419/maybelline-superstay-24-2-step-liquid-lipstick-infinite-petal,https://cdn0.woolworths.media/content/wowproductimages/medium/380419.jpg,2020-09-20 19:49:44,,0,,True
84e1d59d-6f6a-4227-8918-95d99d6ea26b,Woolworths Supermarket,Health & Beauty,Maybelline Fit Me Dewy & Smooth Foundation - Classic Ivory 120 30ml,380444,$11.00,$3.67 / 10ML,https://www.woolworths.com.au/shop/productdetails/380444/maybelline-fit-me-dewy-smooth-foundation-classic-ivory-120,https://cdn0.woolworths.media/content/wowproductimages/medium/380444.jpg,2020-09-20 19:49:44,Average product rating out of 5: 4.3. Product score is based on 3 ratings,3,,True
80aaf8d9-c382-47c7-ad2c-73497f470fc2,Woolworths Supermarket,Health & Beauty,Maybelline Fit Me Dewy & Smooth Liquid Foundation - Medium Buff 30ml,380446,$11.00,$3.67 / 10ML,https://www.woolworths.com.au/shop/productdetails/380446/maybelline-fit-me-dewy-smooth-liquid-foundation-medium-buff,https://cdn0.woolworths.media/content/wowproductimages/medium/380446.jpg,2020-09-20 19:49:44,Average product rating out of 5: 2.0. Product score is based on 1 ratings,1,,True
27724f2b-71ef-47cf-b576-3248a8a2a45c,Woolworths Supermarket,Health & Beauty,Maybelline Fit Me Concealer - Light 15 6.8ml,380447,$9.60,$14.12 / 10ML,https://www.woolworths.com.au/shop/productdetails/380447/maybelline-fit-me-concealer-light-15,https://cdn0.woolworths.media/content/wowproductimages/medium/380447.jpg,2020-09-20 19:49:44,Average product rating out of 5: 4.7. Product score is based on 3 ratings,3,,True
d24780ae-75e9-40cc-991c-e7a5b4df5dcb,Woolworths Supermarket,Health & Beauty,Maybelline Fit Me Natural Coverage Concealer - Sand 6.8ml,380448,$9.60,$14.12 / 10ML,https://www.woolworths.com.au/shop/productdetails/380448/maybelline-fit-me-natural-coverage-concealer-sand,https://cdn0.woolworths.media/content/wowproductimages/medium/380448.jpg,2020-09-20 19:49:44,Average product rating out of 5: 5.0. Product score is based on 2 ratings,2,,True
93f52d6f-f4be-4345-aada-5e09148ac943,Woolworths Supermarket,Health & Beauty,Maybelline Falsies Drama False Lash Effect Mascara - Black Drama 8ml,380771,$12.00,$15.00 / 10ML,https://www.woolworths.com.au/shop/productdetails/380771/maybelline-falsies-drama-false-lash-effect-mascara-black-drama,https://cdn0.woolworths.media/content/wowproductimages/medium/380771.jpg,2020-09-20 19:49:44,Average product rating out of 5: 5.0. Product score is based on 3 ratings,3,,True
970bb7e3-5066-48b0-b7b1-aa862a7504a8,Woolworths Supermarket,Health & Beauty,Maybelline Fit Me Dewy & Smooth Liquid Foundation - Natural Buff 30ml,380778,$11.00,$3.67 / 10ML,https://www.woolworths.com.au/shop/productdetails/380778/maybelline-fit-me-dewy-smooth-liquid-foundation-natural-buff,https://cdn0.woolworths.media/content/wowproductimages/medium/380778.jpg,2020-09-20 19:49:44,,0,,True
4150100b-e976-41b4-b914-0334c52a8df9,Woolworths Supermarket,Health & Beauty,Maybelline Fit Me Dewy & Smooth Liquid Foundation - Sun Beige 30ml,380781,$11.00,$3.67 / 10ML,https://www.woolworths.com.au/shop/productdetails/380781/maybelline-fit-me-dewy-smooth-liquid-foundation-sun-beige,https://cdn0.woolworths.media/content/wowproductimages/medium/380781.jpg,2020-09-20 19:49:44,,0,,True
a19a929d-8eb3-4b8d-9552-def457d5b516,Woolworths Supermarket,Health & Beauty,Maybelline Superstay 24 2-step Liquid Lipstick - Forever Chestnut 1.8ml,380782,$14.40,,https://www.woolworths.com.au/shop/productdetails/380782/maybelline-superstay-24-2-step-liquid-lipstick-forever-chestnut,https://cdn0.woolworths.media/content/wowproductimages/medium/380782.jpg,2020-09-20 19:49:44,Average product rating out of 5: 5.0. Product score is based on 2 ratings,2,,True
d218fcd9-3b88-4e2e-9b79-f77953dcaf18,Woolworths Supermarket,Health & Beauty,Maybelline Superstay 24 2-step Liquid Lipstick - Continuous Coral 1.8ml,380784,$14.40,,https://www.woolworths.com.au/shop/productdetails/380784/maybelline-superstay-24-2-step-liquid-lipstick-continuous-coral,https://cdn0.woolworths.media/content/wowproductimages/medium/380784.jpg,2020-09-20 19:49:44,Average product rating out of 5: 5.0. Product score is based on 2 ratings,2,,True
d9322467-586f-474f-a159-bde3eaa4af02,Woolworths Supermarket,Health & Beauty,Dove Body Wash Triple Moisturising 1l,380810,$13.70,$1.37 / 100ML,https://www.woolworths.com.au/shop/productdetails/380810/dove-body-wash-triple-moisturising,https://cdn0.woolworths.media/content/wowproductimages/medium/380810.jpg,2020-09-20 19:49:44,Average product rating out of 5: 4.9. Product score is based on 55 ratings,55,,True
912e9ffa-8a26-4bca-b579-2ecd6b1cfe1a,Woolworths Supermarket,Health & Beauty,Dove Sensitive Body Wash Hypo-allergenic 1l,380811,$13.70,$1.37 / 100ML,https://www.woolworths.com.au/shop/productdetails/380811/dove-sensitive-body-wash-hypo-allergenic,https://cdn0.woolworths.media/content/wowproductimages/medium/380811.jpg,2020-09-20 19:49:44,Average product rating out of 5: 4.9. Product score is based on 14 ratings,14,,True
1bbdfc2b-70a8-4ef4-915d-015ed632cf1d,Woolworths Supermarket,Health & Beauty,Rimmel Lasting Finish Full Coverage Foundation 103 True Ivory 30ml,380945,$19.00,$6.33 / 10ML,https://www.woolworths.com.au/shop/productdetails/380945/rimmel-lasting-finish-full-coverage-foundation-103-true-ivory,https://cdn0.woolworths.media/content/wowproductimages/medium/380945.jpg,2020-09-20 19:49:44,Average product rating out of 5: 5.0. Product score is based on 1 ratings,1,,True
597594e3-7cd0-4183-bf89-1e0d26e3e541,Woolworths Supermarket,Health & Beauty,Palmolive Naturals Travel Body Wash Milk & Honey Shower Gel 100ml,380988,$2.00,$2.00 / 100ML,https://www.woolworths.com.au/shop/productdetails/380988/palmolive-naturals-travel-body-wash-milk-honey-shower-gel,https://cdn0.woolworths.media/content/wowproductimages/medium/380988.jpg,2020-09-20 19:49:44,Average product rating out of 5: 4.3. Product score is based on 3 ratings,3,,True
4a60f2f8-fb68-4ce2-8830-43eeda9888f6,Woolworths Supermarket,Health & Beauty,Nivea Invi For Black & White Deodorant Roll On Clear 50ml,381095,$2.80,$5.60 / 100ML,https://www.woolworths.com.au/shop/productdetails/381095/nivea-invi-for-black-white-deodorant-roll-on-clear,https://cdn0.woolworths.media/content/wowproductimages/medium/381095.jpg,2020-09-20 19:49:44,Average product rating out of 5: 4.7. Product score is based on 27 ratings,27,,True
73344e3a-21ac-42ec-aed6-9b2f76d74946,Woolworths Supermarket,Health & Beauty,Nivea Invi For Black & White Deodorant For Men 50ml,381128,$3.50,$7.00 / 100ML,https://www.woolworths.com.au/shop/productdetails/381128/nivea-invi-for-black-white-deodorant-for-men,https://cdn0.woolworths.media/content/wowproductimages/medium/381128.jpg,2020-09-20 19:49:44,Average product rating out of 5: 4.8. Product score is based on 14 ratings,14,Was $4 23/06/16,True
5f55fdd4-76bd-48f3-92a7-4b32454efa79,Woolworths Supermarket,Health & Beauty,Nivea Invisible Black & White Deodorant Aerosol Pure 91g,381129,$4.00,$2.67 / 100ML,https://www.woolworths.com.au/shop/productdetails/381129/nivea-invisible-black-white-deodorant-aerosol-pure,https://cdn0.woolworths.media/content/wowproductimages/medium/381129.jpg,2020-09-20 19:49:44,Average product rating out of 5: 4.4. Product score is based on 5 ratings,5,,True
4f4eec68-4ba7-471a-b646-e004dbbaf6db,Woolworths Supermarket,Health & Beauty,Palmolive Naturals Body Wash Milk & Honey Shower Gel 1l,381207,$7.00,$0.70 / 100ML,https://www.woolworths.com.au/shop/productdetails/381207/palmolive-naturals-body-wash-milk-honey-shower-gel,https://cdn0.woolworths.media/content/wowproductimages/medium/381207.jpg,2020-09-20 19:49:44,Average product rating out of 5: 4.6. Product score is based on 26 ratings,26,,True
aef424a1-85fd-4877-b573-1509fd99ccb4,Woolworths Supermarket,Health & Beauty,Palmolive Naturals Body Wash Pomegranate With Mango Shower Gel 1l,381208,$7.00,$0.70 / 100ML,https://www.woolworths.com.au/shop/productdetails/381208/palmolive-naturals-body-wash-pomegranate-with-mango-shower-gel,https://cdn0.woolworths.media/content/wowproductimages/medium/381208.jpg,2020-09-20 19:49:44,Average product rating out of 5: 4.4. Product score is based on 23 ratings,23,,True
0764a6b9-2c17-4593-8119-63504558bffb,Woolworths Supermarket,Health & Beauty,Palmolive Men Body Wash Active Shower Gel 1l,381210,$7.00,$0.70 / 100ML,https://www.woolworths.com.au/shop/productdetails/381210/palmolive-men-body-wash-active-shower-gel,https://cdn0.woolworths.media/content/wowproductimages/medium/381210.jpg,2020-09-20 19:49:44,Average product rating out of 5: 4.6. Product score is based on 24 ratings,24,,True
3f0cee11-e29e-4fa4-8846-a9725dff4dce,Woolworths Supermarket,Health & Beauty,Palmolive Naturals Body Wash Milk & Cherry Blossom Shower Gel 1l,381212,$7.00,$0.70 / 100ML,https://www.woolworths.com.au/shop/productdetails/381212/palmolive-naturals-body-wash-milk-cherry-blossom-shower-gel,https://cdn0.woolworths.media/content/wowproductimages/medium/381212.jpg,2020-09-20 19:49:44,Average product rating out of 5: 4.9. Product score is based on 18 ratings,18,,True
b121f7ce-388a-4c6b-b85d-5258a1133064,Woolworths Supermarket,Health & Beauty,Natural Instinct Body Wash 1l,381217,$12.00,$1.20 / 100ML,https://www.woolworths.com.au/shop/productdetails/381217/natural-instinct-body-wash,https://cdn0.woolworths.media/content/wowproductimages/medium/381217.jpg,2020-09-20 19:49:44,Average product rating out of 5: 4.8. Product score is based on 17 ratings,17,Was $15.99 24/07/2017,True
b26dd065-fe54-4200-9749-58fdad4db2a8,Woolworths Supermarket,Health & Beauty,Nivea Night Cream Face Moisturiser With Vitamin E 50ml,381551,$9.45,$18.90 / 100ML,https://www.woolworths.com.au/shop/productdetails/381551/nivea-night-cream-face-moisturiser-with-vitamin-e,https://cdn0.woolworths.media/content/wowproductimages/medium/381551.jpg,2020-09-20 19:49:44,Average product rating out of 5: 4.0. Product score is based on 4 ratings,4,,True
25891819-6007-4895-b37a-dc226ed3d519,Woolworths Supermarket,Health & Beauty,Garnier Bb Cream Original Light Beige All In One Tinted Light 50ml,381571,$11.02,$22.04 / 100ML,https://www.woolworths.com.au/shop/productdetails/381571/garnier-bb-cream-original-light-beige-all-in-one-tinted-light,https://cdn0.woolworths.media/content/wowproductimages/medium/381571.jpg,2020-09-20 19:49:44,Average product rating out of 5: 4.0. Product score is based on 1 ratings,1,,True
20998528-7a56-452d-b1c7-3127aca36e02,Woolworths Supermarket,Health & Beauty,Garnier Bb Cream Original Medium Beige 50ml,381572,$11.02,$22.04 / 100ML,https://www.woolworths.com.au/shop/productdetails/381572/garnier-bb-cream-original-medium-beige,https://cdn0.woolworths.media/content/wowproductimages/medium/381572.jpg,2020-09-20 19:49:44,Average product rating out of 5: 5.0. Product score is based on 3 ratings,3,,True
4ff3f7e0-57b6-4178-9d05-a6bd2b1838f0,Woolworths Supermarket,Health & Beauty,L'oreal Age Perfect Face Cream Day Intense Nutrition 50ml,381577,$17.50,$35.00 / 100ML,https://www.woolworths.com.au/shop/productdetails/381577/l-oreal-age-perfect-face-cream-day-intense-nutrition,https://cdn0.woolworths.media/content/wowproductimages/medium/381577.jpg,2020-09-20 19:49:44,Average product rating out of 5: 4.0. Product score is based on 3 ratings,3,,True
d9584464-35e7-46cb-8d67-e3cd60a95667,Woolworths Supermarket,Health & Beauty,L'oreal Age Perfect Face Cream Intense Nutrition Night Moist 50ml,381581,$17.50,$35.00 / 100ML,https://www.woolworths.com.au/shop/productdetails/381581/l-oreal-age-perfect-face-cream-intense-nutrition-night-moist,https://cdn0.woolworths.media/content/wowproductimages/medium/381581.jpg,2020-09-20 19:49:44,Average product rating out of 5: 4.8. Product score is based on 6 ratings,6,,True
c509a36c-38eb-48dd-8bbc-30818d0887ee,Woolworths Supermarket,Health & Beauty,Oscar Orsen Nail Polish Remover Acetone Free 125ml,381672,$2.80,$0.22 / 10ML,https://www.woolworths.com.au/shop/productdetails/381672/oscar-orsen-nail-polish-remover-acetone-free,https://cdn0.woolworths.media/content/wowproductimages/medium/381672.jpg,2020-09-20 19:49:44,Average product rating out of 5: 4.5. Product score is based on 179 ratings,179,,True
ad53e837-ede4-4f9f-ba99-c7f95b5060ab,Woolworths Supermarket,Health & Beauty,Oscar Orsen Nail Polish Remover Nourishing 125ml,381675,$2.80,$0.22 / 10ML,https://www.woolworths.com.au/shop/productdetails/381675/oscar-orsen-nail-polish-remover-nourishing,https://cdn0.woolworths.media/content/wowproductimages/medium/381675.jpg,2020-09-20 19:49:44,Average product rating out of 5: 4.6. Product score is based on 13 ratings,13,,True
d95064e0-dc81-4a44-8b6d-f731d3008431,Woolworths Supermarket,Health & Beauty,Palmolive Naturals Body Wash Sea Minerals Shower Gel 1l,381697,$7.00,$0.70 / 100ML,https://www.woolworths.com.au/shop/productdetails/381697/palmolive-naturals-body-wash-sea-minerals-shower-gel,https://cdn0.woolworths.media/content/wowproductimages/medium/381697.jpg,2020-09-20 19:49:44,Average product rating out of 5: 4.5. Product score is based on 19 ratings,19,,True
e833ed1e-f369-4318-8f54-7a6ae35f05c3,Woolworths Supermarket,Health & Beauty,Nivea Sun Spf 30+ Sunscreen Light Feel 200ml,383350,$16.50,$8.25 / 100ML,https://www.woolworths.com.au/shop/productdetails/383350/nivea-sun-spf-30-sunscreen-light-feel,https://cdn0.woolworths.media/content/wowproductimages/medium/383350.jpg,2020-09-20 19:49:44,Average product rating out of 5: 4.8. Product score is based on 4 ratings,4,,True
6bf782bc-eb99-479b-ac77-2aa12276c2f7,Woolworths Supermarket,Health & Beauty,Banana Boat After Sun Aloe Vera Gel 250g,383358,$8.00,$3.20 / 100G,https://www.woolworths.com.au/shop/productdetails/383358/banana-boat-after-sun-aloe-vera-gel,https://cdn0.woolworths.media/content/wowproductimages/medium/383358.jpg,2020-09-20 19:49:44,Average product rating out of 5: 5.0. Product score is based on 6 ratings,6,,True
a49a1f1f-8a39-48ea-95a1-cc207a0e29a3,Woolworths Supermarket,Health & Beauty,Cetaphil Gentle Skin Cleanser All Skin Types 500ml,383489,$17.00,$3.40 / 100ML,https://www.woolworths.com.au/shop/productdetails/383489/cetaphil-gentle-skin-cleanser-all-skin-types,https://cdn0.woolworths.media/content/wowproductimages/medium/383489.jpg,2020-09-20 19:49:44,Average product rating out of 5: 4.8. Product score is based on 12 ratings,12,,True
22dc5ada-6e6c-4642-8d1f-a068aca6e28c,Woolworths Supermarket,Health & Beauty,Cetaphil Moisturising Lotion 250ml,383490,$11.00,$4.40 / 100ML,https://www.woolworths.com.au/shop/productdetails/383490/cetaphil-moisturising-lotion,https://cdn0.woolworths.media/content/wowproductimages/medium/383490.jpg,2020-09-20 19:49:44,Average product rating out of 5: 5.0. Product score is based on 1 ratings,1,,True
b03e819c-13a8-434d-be04-1ae984e71324,Woolworths Supermarket,Health & Beauty,Nivea Sunscreen Moisturiser Lotion Spf50+ & Vitamin E 400ml,402160,$21.00,$5.25 / 100ML,https://www.woolworths.com.au/shop/productdetails/402160/nivea-sunscreen-moisturiser-lotion-spf50-vitamin-e,https://cdn0.woolworths.media/content/wowproductimages/medium/402160.jpg,2020-09-20 19:49:44,Average product rating out of 5: 4.8. Product score is based on 18 ratings,18,,True
ff8a0fad-4e73-494e-86dc-7a7ed96a53cb,Woolworths Supermarket,Health & Beauty,Quest Bar Choc Chip Cookie Dough 60g,402198,$4.00,$6.67 / 100G,https://www.woolworths.com.au/shop/productdetails/402198/quest-bar-choc-chip-cookie-dough,https://cdn0.woolworths.media/content/wowproductimages/medium/402198.jpg,2020-09-20 19:49:44,Average product rating out of 5: 4.0. Product score is based on 1 ratings,1,,True
170eed97-0e5e-4ff5-ad25-ff675ef96fb2,Woolworths Supermarket,Health & Beauty,Quest Bar Cookies & Cream 60g,402270,$4.00,$6.67 / 100G,https://www.woolworths.com.au/shop/productdetails/402270/quest-bar-cookies-cream,https://cdn0.woolworths.media/content/wowproductimages/medium/402270.jpg,2020-09-20 19:49:44,Average product rating out of 5: 5.0. Product score is based on 2 ratings,2,,True
a0cd9714-bc95-4bfc-956c-a3f6037400ec,Woolworths Supermarket,Health & Beauty,Libra Invisible Pads Goodnight 16 pack,402913,$7.25,$0.45 / 1EA,https://www.woolworths.com.au/shop/productdetails/402913/libra-invisible-pads-goodnight,https://cdn0.woolworths.media/content/wowproductimages/medium/402913.jpg,2020-09-20 19:49:44,,0,,True
78d77492-bf3d-4751-9054-ee187004c233,Woolworths Supermarket,Health & Beauty,Skin Republic Collagen Infusion Face Mask each,404165,$4.00,$4.00 / 1EA,https://www.woolworths.com.au/shop/productdetails/404165/skin-republic-collagen-infusion-face-mask,https://cdn0.woolworths.media/content/wowproductimages/medium/404165.jpg,2020-09-20 19:49:44,Average product rating out of 5: 4.3. Product score is based on 3 ratings,3,,True
4b63c4f6-beba-45ac-aa8c-f082c8e1e395,Woolworths Supermarket,Health & Beauty,Clif Bar Crunchy Peanut Butter 68g,404245,$3.00,$4.41 / 100G,https://www.woolworths.com.au/shop/productdetails/404245/clif-bar-crunchy-peanut-butter,https://cdn0.woolworths.media/content/wowproductimages/medium/404245.jpg,2020-09-20 19:49:44,Average product rating out of 5: 4.5. Product score is based on 6 ratings,6,,True
e79da3a4-b4f6-47fb-ab06-8d6aa8702731,Woolworths Supermarket,Health & Beauty,Schwarzkopf Nordic Blonde Hair Colour T1 Refresher Mousse each,404695,$10.00,$10.87 / 100G,https://www.woolworths.com.au/shop/productdetails/404695/schwarzkopf-nordic-blonde-hair-colour-t1-refresher-mousse,https://cdn0.woolworths.media/content/wowproductimages/medium/404695.jpg,2020-09-20 19:49:44,Average product rating out of 5: 4.0. Product score is based on 1 ratings,1,,True
e3f17a11-bf30-4a06-91c1-97910593f0d5,Woolworths Supermarket,Health & Beauty,Palmer's Coconut Oil Body Lotion 400ml,407352,$8.30,$2.08 / 100ML,https://www.woolworths.com.au/shop/productdetails/407352/palmer-s-coconut-oil-body-lotion,https://cdn0.woolworths.media/content/wowproductimages/medium/407352.jpg,2020-09-20 19:49:44,Average product rating out of 5: 4.7. Product score is based on 9 ratings,9,,True
4d0eac8f-46c7-4745-add4-0015615fa45f,Woolworths Supermarket,Health & Beauty,Bondi Sands Liquid Gold Self Tan Oil 150ml,412969,$20.00,$13.33 / 100ML,https://www.woolworths.com.au/shop/productdetails/412969/bondi-sands-liquid-gold-self-tan-oil,https://cdn0.woolworths.media/content/wowproductimages/medium/412969.jpg,2020-09-20 19:49:44,,0,,True
4eec8c43-95c7-422b-ae9c-1948af8e5122,Woolworths Supermarket,Health & Beauty,Oscar Orsen Gel Nail Polish Remover 125ml,419093,$7.00,$0.56 / 10ML,https://www.woolworths.com.au/shop/productdetails/419093/oscar-orsen-gel-nail-polish-remover,https://cdn0.woolworths.media/content/wowproductimages/medium/419093.jpg,2020-09-20 19:49:44,Average product rating out of 5: 4.5. Product score is based on 153 ratings,153,,True
69c2f482-a4fd-407e-a472-3c043a771a79,Woolworths Supermarket,Health & Beauty,Nailene Oval Nail Kit 200 each,419461,$14.99,,https://www.woolworths.com.au/shop/productdetails/419461/nailene-oval-nail-kit-200,https://cdn0.woolworths.media/content/wowproductimages/medium/419461.jpg,2020-09-20 19:49:44,,0,,True
7c2b93df-3dee-4993-bc3f-6dd8448ef451,Woolworths Supermarket,Health & Beauty,Atkins Advantage Fudge Caramel Bar 60g,422351,$4.50,$7.50 / 100G,https://www.woolworths.com.au/shop/productdetails/422351/atkins-advantage-fudge-caramel-bar,https://cdn0.woolworths.media/content/wowproductimages/medium/422351.jpg,2020-09-20 19:49:44,Average product rating out of 5: 5.0. Product score is based on 5 ratings,5,,True
7eb6d96d-40a2-4f0b-a52d-434feb788776,Woolworths Supermarket,Health & Beauty,Rimmel Fix & Perfect Primer 30ml,422457,$14.00,$4.67 / 10ML,https://www.woolworths.com.au/shop/productdetails/422457/rimmel-fix-perfect-primer,https://cdn0.woolworths.media/content/wowproductimages/medium/422457.jpg,2020-09-20 19:49:44,,0,,True
a701eca8-9221-4dc8-8361-12c5cb85ae83,Woolworths Supermarket,Health & Beauty,Sally Hansen Complete Care 7 In 1 13.3ml,422545,$20.00,$15.04 / 10ML,https://www.woolworths.com.au/shop/productdetails/422545/sally-hansen-complete-care-7-in-1,https://cdn0.woolworths.media/content/wowproductimages/medium/422545.jpg,2020-09-20 19:49:44,Average product rating out of 5: 4.0. Product score is based on 3 ratings,3,,True
d95e4e40-4ddf-4cbc-9908-633a46bb1fa6,Woolworths Supermarket,Health & Beauty,Rimmel Lasting Finish 25hr Foundation True Beige 30ml,423310,$19.00,$6.33 / 10ML,https://www.woolworths.com.au/shop/productdetails/423310/rimmel-lasting-finish-25hr-foundation-true-beige,https://cdn0.woolworths.media/content/wowproductimages/medium/423310.jpg,2020-09-20 19:49:44,Average product rating out of 5: 5.0. Product score is based on 2 ratings,2,,True
364d7128-3c7c-4158-a7f3-172e664676d9,Woolworths Supermarket,Health & Beauty,Maybelline Superstay 24 Hour Foundation - Light Beige 5 30ml,423314,$15.00,$5.00 / 10ML,https://www.woolworths.com.au/shop/productdetails/423314/maybelline-superstay-24-hour-foundation-light-beige-5,https://cdn0.woolworths.media/content/wowproductimages/medium/423314.jpg,2020-09-20 19:49:44,Average product rating out of 5: 5.0. Product score is based on 1 ratings,1,,True
a7e0761e-8591-433a-a4e0-4f839a2f45f3,Woolworths Supermarket,Health & Beauty,Maybelline Superstay 24hr Full Coverage Foundation - Light Beige 30ml,423316,$15.00,$5.00 / 10ML,https://www.woolworths.com.au/shop/productdetails/423316/maybelline-superstay-24hr-full-coverage-foundation-light-beige,https://cdn0.woolworths.media/content/wowproductimages/medium/423316.jpg,2020-09-20 19:49:44,Average product rating out of 5: 4.5. Product score is based on 2 ratings,2,,True
f6659461-88bc-48b9-a3fb-34feec7e8249,Woolworths Supermarket,Health & Beauty,Maybelline Superstay 24hr Full Coverage Foundation - True Ivory 30ml,423404,$15.00,$5.00 / 10ML,https://www.woolworths.com.au/shop/productdetails/423404/maybelline-superstay-24hr-full-coverage-foundation-true-ivory,https://cdn0.woolworths.media/content/wowproductimages/medium/423404.jpg,2020-09-20 19:49:44,Average product rating out of 5: 1.0. Product score is based on 1 ratings,1,,True
54645ed0-a9b2-43f2-ad9f-a9e726d4517e,Woolworths Supermarket,Health & Beauty,Maybelline Superstay 24hr Full Coverage Liquid Foundation - Ivory 10 30ml,423449,$15.00,$5.00 / 10ML,https://www.woolworths.com.au/shop/productdetails/423449/maybelline-superstay-24hr-full-coverage-liquid-foundation-ivory-10,https://cdn0.woolworths.media/content/wowproductimages/medium/423449.jpg,2020-09-20 19:49:44,Average product rating out of 5: 5.0. Product score is based on 1 ratings,1,,True
a4a3e18b-5d4c-4ddf-ae3a-cdf6e4487201,Woolworths Supermarket,Health & Beauty,Maybelline Colossal Go Extreme Volumizing Mascara - Leather Black 9.5ml,423466,$10.00,$10.53 / 10ML,https://www.woolworths.com.au/shop/productdetails/423466/maybelline-colossal-go-extreme-volumizing-mascara-leather-black,https://cdn0.woolworths.media/content/wowproductimages/medium/423466.jpg,2020-09-20 19:49:44,,0,,True
784f0e9f-5eea-4dff-abbe-65cdeb3a284d,Woolworths Supermarket,Health & Beauty,Oscar Orsen Salon Clips 4 pack,425604,$4.99,,https://www.woolworths.com.au/shop/productdetails/425604/oscar-orsen-salon-clips,https://cdn0.woolworths.media/content/wowproductimages/medium/425604.jpg,2020-09-20 19:49:44,Average product rating out of 5: 5.0. Product score is based on 1 ratings,1,,True
05896ee8-e039-4312-94fe-9b3a3472f9f2,Woolworths Supermarket,Health & Beauty,Ecotools Enhancing Eye Set each,425953,$20.00,,https://www.woolworths.com.au/shop/productdetails/425953/ecotools-enhancing-eye-set,https://cdn0.woolworths.media/content/wowproductimages/medium/425953.jpg,2020-09-20 19:49:44,Average product rating out of 5: 5.0. Product score is based on 1 ratings,1,,True
4f6eeb68-0244-4dbe-b3fa-035aa44ff91e,Woolworths Supermarket,Health & Beauty,Oral-b 3d White Luxe Whitening Treatments Advanced Seal each,426200,$27.95,$2.00 / 1EA,https://www.woolworths.com.au/shop/productdetails/426200/oral-b-3d-white-luxe-whitening-treatments-advanced-seal,https://cdn0.woolworths.media/content/wowproductimages/medium/426200.jpg,2020-09-20 19:49:44,Average product rating out of 5: 4.1. Product score is based on 9 ratings,9,,True
f71f007a-70a1-47df-9fa8-503015d42c61,Woolworths Supermarket,Health & Beauty,Oral-b 3d White Luxe Mouthwash Diamond Strong Clean Mint 473ml,426201,$9.00,$1.90 / 100ML,https://www.woolworths.com.au/shop/productdetails/426201/oral-b-3d-white-luxe-mouthwash-diamond-strong-clean-mint,https://cdn0.woolworths.media/content/wowproductimages/medium/426201.jpg,2020-09-20 19:49:44,Average product rating out of 5: 4.9. Product score is based on 8 ratings,8,Was $9.99 14/11/16,True
385e1fc2-7a6e-4c11-8d96-de2c1169f77a,Woolworths Supermarket,Health & Beauty,Oral-b Pro Health Toothpaste Advanced Whitening 110g,426208,$4.99,$4.54 / 100G,https://www.woolworths.com.au/shop/productdetails/426208/oral-b-pro-health-toothpaste-advanced-whitening,https://cdn0.woolworths.media/content/wowproductimages/medium/426208.jpg,2020-09-20 19:49:44,Average product rating out of 5: 4.6. Product score is based on 14 ratings,14,,True
0e3b543e-84ca-410c-8833-1ea913327053,Woolworths Supermarket,Health & Beauty,Oral-b Pro Health Fluoride Toothpaste Advanced Deep Clean Mint 110g,426213,$4.99,$4.54 / 100G,https://www.woolworths.com.au/shop/productdetails/426213/oral-b-pro-health-fluoride-toothpaste-advanced-deep-clean-mint,https://cdn0.woolworths.media/content/wowproductimages/medium/426213.jpg,2020-09-20 19:49:44,Average product rating out of 5: 4.3. Product score is based on 22 ratings,22,,True
d7c6bb61-d25f-41eb-8a23-1d1162958ec5,Woolworths Supermarket,Health & Beauty,Grants Of Australia Toothpaste Mild Mint 110g,426901,$3.00,$2.73 / 100G,https://www.woolworths.com.au/shop/productdetails/426901/grants-of-australia-toothpaste-mild-mint,https://cdn0.woolworths.media/content/wowproductimages/medium/426901.jpg,2020-09-20 19:49:44,Average product rating out of 5: 4.8. Product score is based on 59 ratings,59,,True
56d1c98d-112c-4054-ab4b-c948a0fe126f,Woolworths Supermarket,Health & Beauty,Colgate 360 Degrees Optic White Platinum Toothbrush Medium 2 pack,427390,$8.00,$4.00 / 1EA,https://www.woolworths.com.au/shop/productdetails/427390/colgate-360-degrees-optic-white-platinum-toothbrush-medium,https://cdn0.woolworths.media/content/wowproductimages/medium/427390.jpg,2020-09-20 19:49:44,,0,Was $9.99 18/09/2017,True
d2b761d9-52a9-4d25-ae90-d76776443900,Woolworths Supermarket,Health & Beauty,Mcobeauty Instant Brows Light To Medium Light To Medium 1.5g,427850,$8.40,$56.00 / 10G,https://www.woolworths.com.au/shop/productdetails/427850/mcobeauty-instant-brows-light-to-medium-light-to-medium,https://cdn0.woolworths.media/content/wowproductimages/medium/427850.jpg,2020-09-20 19:49:44,Average product rating out of 5: 4.0. Product score is based on 1 ratings,1,,True
15e75e89-8f06-4cac-b825-a7a7ea10ff88,Woolworths Supermarket,Health & Beauty,Mcobeauty Instant Brows Medium To Dark Medium To Dark 1.5g,427856,$8.40,$56.00 / 10G,https://www.woolworths.com.au/shop/productdetails/427856/mcobeauty-instant-brows-medium-to-dark-medium-to-dark,https://cdn0.woolworths.media/content/wowproductimages/medium/427856.jpg,2020-09-20 19:49:44,Average product rating out of 5: 3.7. Product score is based on 3 ratings,3,,True
e26f389f-e792-4fd7-83cd-44afa64c5b6e,Woolworths Supermarket,Health & Beauty,Mcobeauty Magic Makeup Blender each,427871,$6.65,,https://www.woolworths.com.au/shop/productdetails/427871/mcobeauty-magic-makeup-blender,https://cdn0.woolworths.media/content/wowproductimages/medium/427871.jpg,2020-09-20 19:49:44,Average product rating out of 5: 5.0. Product score is based on 8 ratings,8,,True
e158e1a2-e590-482d-a426-c6b60cd37cc6,Woolworths Supermarket,Health & Beauty,Woolworths Bobby Pins Blonde 80 pack,428745,$4.50,,https://www.woolworths.com.au/shop/productdetails/428745/woolworths-bobby-pins-blonde,https://cdn0.woolworths.media/content/wowproductimages/medium/428745.jpg,2020-09-20 19:49:44,Average product rating out of 5: 5.0. Product score is based on 1 ratings,1,,True
9458ff3b-8dcb-4a4d-a66a-4998d7705c20,Woolworths Supermarket,Health & Beauty,Vo5 Refresh Me Quick Dry Shampoo 250ml,431184,$6.80,$2.72 / 100ML,https://www.woolworths.com.au/shop/productdetails/431184/vo5-refresh-me-quick-dry-shampoo,https://cdn0.woolworths.media/content/wowproductimages/medium/431184.jpg,2020-09-20 19:49:44,Average product rating out of 5: 5.0. Product score is based on 2 ratings,2,Was $8.00 25/09/2017,True
5694baee-9b53-47fc-b2ec-b2cd0b47f72f,Woolworths Supermarket,Health & Beauty,Colgate Cavity Protection Regular Flavour Toothpaste Pump 130g,433997,$5.50,$4.23 / 100G,https://www.woolworths.com.au/shop/productdetails/433997/colgate-cavity-protection-regular-flavour-toothpaste-pump,https://cdn0.woolworths.media/content/wowproductimages/medium/433997.jpg,2020-09-20 19:49:44,Average product rating out of 5: 4.7. Product score is based on 21 ratings,21,,True
a922d3a1-a620-4e6d-905f-f69e60a817b6,Woolworths Supermarket,Health & Beauty,Schick Hydro Razor 5 Kit each,436045,$13.40,$13.40 / 1EA,https://www.woolworths.com.au/shop/productdetails/436045/schick-hydro-razor-5-kit,https://cdn0.woolworths.media/content/wowproductimages/medium/436045.jpg,2020-09-20 19:49:44,Average product rating out of 5: 3.6. Product score is based on 7 ratings,7,,True
1231ed90-3d93-4d87-b5e5-4d0dc687618b,Woolworths Supermarket,Health & Beauty,Nivea Q10 Pearls Anti-wrinkle Face Moisturiser Cream + Creatine 40ml,436063,$29.99,$74.98 / 100ML,https://www.woolworths.com.au/shop/productdetails/436063/nivea-q10-pearls-anti-wrinkle-face-moisturiser-cream-creatine,https://cdn0.woolworths.media/content/wowproductimages/medium/436063.jpg,2020-09-20 19:49:44,Average product rating out of 5: 5.0. Product score is based on 2 ratings,2,,True
72c90723-4e3b-458e-97d3-4b7d75934ddb,Woolworths Supermarket,Health & Beauty,Thankyou. Hand Cream - Botanical Geranium & Rosewood 70ml,436127,$6.50,$9.29 / 100ML,https://www.woolworths.com.au/shop/productdetails/436127/thankyou-hand-cream-botanical-geranium-rosewood,https://cdn0.woolworths.media/content/wowproductimages/medium/436127.jpg,2020-09-20 19:49:44,Average product rating out of 5: 4.9. Product score is based on 13 ratings,13,,True
52f18623-49a4-4ce0-af96-271b37ec8f39,Woolworths Supermarket,Health & Beauty,Clearasil Ultra 5 In 1 Wash 150ml,436515,$14.80,$9.87 / 100ML,https://www.woolworths.com.au/shop/productdetails/436515/clearasil-ultra-5-in-1-wash,https://cdn0.woolworths.media/content/wowproductimages/medium/436515.jpg,2020-09-20 19:49:44,Average product rating out of 5: 4.5. Product score is based on 2 ratings,2,,True
3062bceb-4b6d-4b64-9e27-e25e20fb767a,Woolworths Supermarket,Health & Beauty,Clearasil Ultra 5 In 1 Scrub 150ml,436924,$14.80,$9.87 / 100ML,https://www.woolworths.com.au/shop/productdetails/436924/clearasil-ultra-5-in-1-scrub,https://cdn0.woolworths.media/content/wowproductimages/medium/436924.jpg,2020-09-20 19:49:44,Average product rating out of 5: 5.0. Product score is based on 2 ratings,2,,True
71724673-4ed1-4cbd-9d68-6174e60ebaea,Woolworths Supermarket,Health & Beauty,Aveeno Daily Sheer Hydration 350ml,438577,$9.00,$2.57 / 100ML,https://www.woolworths.com.au/shop/productdetails/438577/aveeno-daily-sheer-hydration,https://cdn0.woolworths.media/content/wowproductimages/medium/438577.jpg,2020-09-20 19:49:44,Average product rating out of 5: 5.0. Product score is based on 1 ratings,1,,True
e160d5cc-d674-4602-9022-1f959ecd0a9b,Woolworths Supermarket,Health & Beauty,Dr Pickles Tattoo Balm Tube 75g,440479,$11.45,$15.27 / 100G,https://www.woolworths.com.au/shop/productdetails/440479/dr-pickles-tattoo-balm-tube,https://cdn0.woolworths.media/content/wowproductimages/medium/440479.jpg,2020-09-20 19:49:44,Average product rating out of 5: 4.0. Product score is based on 1 ratings,1,,True
d6fd7757-18f0-452b-9cad-440ceb37af72,Woolworths Supermarket,Health & Beauty,Palmer's Coconut Body Oil 150ml,440852,$8.40,$5.60 / 100ML,https://www.woolworths.com.au/shop/productdetails/440852/palmer-s-coconut-body-oil,https://cdn0.woolworths.media/content/wowproductimages/medium/440852.jpg,2020-09-20 19:49:44,Average product rating out of 5: 5.0. Product score is based on 2 ratings,2,,True
854846b3-802a-46c8-954d-ec6fb4947e8e,Woolworths Supermarket,Health & Beauty,Palmer's Coconut Oil Hand Cream 60g,440911,$3.50,$5.83 / 100G,https://www.woolworths.com.au/shop/productdetails/440911/palmer-s-coconut-oil-hand-cream,https://cdn0.woolworths.media/content/wowproductimages/medium/440911.jpg,2020-09-20 19:49:44,Average product rating out of 5: 4.7. Product score is based on 6 ratings,6,Was $4.49 20/08/2018,True
1a3f3b3a-2487-4133-bfd1-1f76a34d4a1c,Woolworths Supermarket,Health & Beauty,Natralus Natural Paw Paw Ointment 25g,441107,$4.70,$18.80 / 100G,https://www.woolworths.com.au/shop/productdetails/441107/natralus-natural-paw-paw-ointment,https://cdn0.woolworths.media/content/wowproductimages/medium/441107.jpg,2020-09-20 19:49:44,Average product rating out of 5: 4.6. Product score is based on 5 ratings,5,,True
5079487c-7c88-4e78-a4e7-652aa68c2408,Woolworths Supermarket,Health & Beauty,Nivea For Men Facial Scrub Clear Effect Oil Control 100ml,442168,$9.00,$9.00 / 100ML,https://www.woolworths.com.au/shop/productdetails/442168/nivea-for-men-facial-scrub-clear-effect-oil-control,https://cdn0.woolworths.media/content/wowproductimages/medium/442168.jpg,2020-09-20 19:49:44,Average product rating out of 5: 3.0. Product score is based on 1 ratings,1,,True
2711a4d2-33cf-4f26-af84-c50f5058bdba,Woolworths Supermarket,Health & Beauty,Palmer's Cocoa Butter Moisturising Body Oil 250ml,443113,$8.70,$3.48 / 100ML,https://www.woolworths.com.au/shop/productdetails/443113/palmer-s-cocoa-butter-moisturising-body-oil,https://cdn0.woolworths.media/content/wowproductimages/medium/443113.jpg,2020-09-20 19:49:44,,0,,True
d3f27151-0837-4f6a-99d5-3d37b540fa88,Woolworths Supermarket,Health & Beauty,Brite Organix Semi Permanent Hair Colour Turquoise 75ml,443920,$10.00,$13.33 / 100ML,https://www.woolworths.com.au/shop/productdetails/443920/brite-organix-semi-permanent-hair-colour-turquoise,https://cdn0.woolworths.media/content/wowproductimages/medium/443920.jpg,2020-09-20 19:49:44,Average product rating out of 5: 4.0. Product score is based on 5 ratings,5,,True
612273fe-9ff6-48bc-8123-fe8ad4b9f0d1,Woolworths Supermarket,Health & Beauty,Clearblue Pregnancy Test Plus 3 pack,444306,$17.00,$5.67 / 1EA,https://www.woolworths.com.au/shop/productdetails/444306/clearblue-pregnancy-test-plus,https://cdn0.woolworths.media/content/wowproductimages/medium/444306.jpg,2020-09-20 19:49:44,Average product rating out of 5: 5.0. Product score is based on 1 ratings,1,,True
9dd0015c-9739-401c-be66-a888147e6d7a,Woolworths Supermarket,Health & Beauty,L'oreal Paris Preference Hair Colour 3.12 St Honore each,447480,$9.50,,https://www.woolworths.com.au/shop/productdetails/447480/l-oreal-paris-preference-hair-colour-3-12-st-honore,https://cdn0.woolworths.media/content/wowproductimages/medium/447480.jpg,2020-09-20 19:49:44,,0,,True
f31e57d4-0678-4528-8b52-201332898e36,Woolworths Supermarket,Health & Beauty,L'oreal Paris Magic Retouch Hair Colour 3 Brown each,452053,$7.95,$10.60 / 100ML,https://www.woolworths.com.au/shop/productdetails/452053/l-oreal-paris-magic-retouch-hair-colour-3-brown,https://cdn0.woolworths.media/content/wowproductimages/medium/452053.jpg,2020-09-20 19:49:44,Average product rating out of 5: 4.7. Product score is based on 9 ratings,9,,True
5a4715f0-99e6-4e38-8e4d-dbec91d82564,Woolworths Supermarket,Health & Beauty,L'oreal Paris Magic Retouch Hair Colour 2 Dark Brown each,452064,$7.95,$10.60 / 100ML,https://www.woolworths.com.au/shop/productdetails/452064/l-oreal-paris-magic-retouch-hair-colour-2-dark-brown,https://cdn0.woolworths.media/content/wowproductimages/medium/452064.jpg,2020-09-20 19:49:44,Average product rating out of 5: 4.7. Product score is based on 12 ratings,12,,True
a4c3089c-a24c-4c35-aabe-6b6a17a5ebc3,Woolworths Supermarket,Health & Beauty,L'oreal Paris Magic Retouch Hair Colour 4 Light Brown each,452081,$7.95,$10.60 / 100ML,https://www.woolworths.com.au/shop/productdetails/452081/l-oreal-paris-magic-retouch-hair-colour-4-light-brown,https://cdn0.woolworths.media/content/wowproductimages/medium/452081.jpg,2020-09-20 19:49:44,Average product rating out of 5: 4.8. Product score is based on 9 ratings,9,,True
03d3e02e-6669-4ba9-93db-c59713f47f32,Woolworths Supermarket,Health & Beauty,L'oreal Paris Magic Retouch Hair Colour 5 Blonde each,452087,$7.95,$10.60 / 100ML,https://www.woolworths.com.au/shop/productdetails/452087/l-oreal-paris-magic-retouch-hair-colour-5-blonde,https://cdn0.woolworths.media/content/wowproductimages/medium/452087.jpg,2020-09-20 19:49:44,Average product rating out of 5: 4.0. Product score is based on 11 ratings,11,,True
783bf520-c883-45c4-88c5-0c9aae4638b0,Woolworths Supermarket,Health & Beauty,Rimmel Wonderful Mascara Volume Colourist 11ml,457841,$19.00,$17.27 / 10ML,https://www.woolworths.com.au/shop/productdetails/457841/rimmel-wonderful-mascara-volume-colourist,https://cdn0.woolworths.media/content/wowproductimages/medium/457841.jpg,2020-09-20 19:49:44,,0,,True
d4d7a80f-afd0-4347-bd05-e465f1dcc49d,Woolworths Supermarket,Health & Beauty,Pantene 3 Minute Miracle Conditioner Colour Protect 180ml,458675,$4.50,$2.50 / 100ML,https://www.woolworths.com.au/shop/productdetails/458675/pantene-3-minute-miracle-conditioner-colour-protect,https://cdn0.woolworths.media/content/wowproductimages/medium/458675.jpg,2020-09-20 19:49:44,Average product rating out of 5: 5.0. Product score is based on 4 ratings,4,Was $7.00 02/11/2017,True
ead31a5f-7ebb-42a4-8ec9-57132b85c847,Woolworths Supermarket,Health & Beauty,Pantene 3 Minute Miracle Conditioner Daily Moisture Renewal 180ml,458800,$4.50,$2.50 / 100ML,https://www.woolworths.com.au/shop/productdetails/458800/pantene-3-minute-miracle-conditioner-daily-moisture-renewal,https://cdn0.woolworths.media/content/wowproductimages/medium/458800.jpg,2020-09-20 19:49:44,Average product rating out of 5: 3.5. Product score is based on 4 ratings,4,Was $7.00 02/11/2017,True
c456a4da-9157-40d2-b88a-c3923cc73700,Woolworths Supermarket,Health & Beauty,Pantene 3 Minute Miracle Conditioner Renew & Protect 180ml,458807,$4.50,$2.50 / 100ML,https://www.woolworths.com.au/shop/productdetails/458807/pantene-3-minute-miracle-conditioner-renew-protect,https://cdn0.woolworths.media/content/wowproductimages/medium/458807.jpg,2020-09-20 19:49:44,Average product rating out of 5: 5.0. Product score is based on 4 ratings,4,Was $7.00 02/11/2017,True
dae90b31-3ed3-4215-b77e-cfb060ae6ba3,Woolworths Supermarket,Health & Beauty,Mitchum Clinical Gel 48h Powder Fresh Antiperspirant & Deodorant 57g,459777,$10.00,$17.54 / 100G,https://www.woolworths.com.au/shop/productdetails/459777/mitchum-clinical-gel-48h-powder-fresh-antiperspirant-deodorant,https://cdn0.woolworths.media/content/wowproductimages/medium/459777.jpg,2020-09-20 19:49:44,Average product rating out of 5: 4.7. Product score is based on 7 ratings,7,Was $13.00 04/09/2017,True
1f8e01fe-c91f-4713-90f4-a8d71f0597af,Woolworths Supermarket,Health & Beauty,Cenovis Zinc Plus Tablets 150 pack,460958,$13.00,$8.67 / 100EA,https://www.woolworths.com.au/shop/productdetails/460958/cenovis-zinc-plus-tablets,https://cdn0.woolworths.media/content/wowproductimages/medium/460958.jpg,2020-09-20 19:49:44,Average product rating out of 5: 4.8. Product score is based on 4 ratings,4,,True
647af5f1-cb3f-4895-af2f-315992c654ac,Woolworths Supermarket,Health & Beauty,Cenovis Iron Plus Tablets 80 pack,460962,$6.50,$8.13 / 100EA,https://www.woolworths.com.au/shop/productdetails/460962/cenovis-iron-plus-tablets,https://cdn0.woolworths.media/content/wowproductimages/medium/460962.jpg,2020-09-20 19:49:44,Average product rating out of 5: 5.0. Product score is based on 7 ratings,7,,True
97f00ab5-9140-4414-9b1d-31a2c7262628,Woolworths Supermarket,Health & Beauty,Schick Extreme 3 Womens Sensitive Disposable Razor 4 pack,462523,$5.00,$1.25 / 1EA,https://www.woolworths.com.au/shop/productdetails/462523/schick-extreme-3-womens-sensitive-disposable-razor,https://cdn0.woolworths.media/content/wowproductimages/medium/462523.jpg,2020-09-20 19:49:44,,0,,True
c32d89de-dde1-413e-9b98-cca5650af7d5,Woolworths Supermarket,Health & Beauty,Urbane Mess Beard Oil 30ml,463097,$9.00,$30.00 / 100ML,https://www.woolworths.com.au/shop/productdetails/463097/urbane-mess-beard-oil,https://cdn0.woolworths.media/content/wowproductimages/medium/463097.jpg,2020-09-20 19:49:44,Average product rating out of 5: 4.0. Product score is based on 1 ratings,1,,True
ab4b4676-94de-4257-9a8e-48fbbb37ed13,Woolworths Supermarket,Health & Beauty,Urbane Mess Beard Maintenance Kit each,463106,$15.00,$15.00 / 1EA,https://www.woolworths.com.au/shop/productdetails/463106/urbane-mess-beard-maintenance-kit,https://cdn0.woolworths.media/content/wowproductimages/medium/463106.jpg,2020-09-20 19:49:44,,0,,True
913895de-6740-4522-b7a9-81429a1e9a31,Woolworths Supermarket,Health & Beauty,Sunsilk Conditioner Soft & Smooth 700ml,463180,$7.00,$1.00 / 100ML,https://www.woolworths.com.au/shop/productdetails/463180/sunsilk-conditioner-soft-smooth,https://cdn0.woolworths.media/content/wowproductimages/medium/463180.jpg,2020-09-20 19:49:44,,0,,True
94d48f5d-7b46-4d38-af01-b78c8cbe76ed,Woolworths Supermarket,Health & Beauty,Sunsilk Keratin Conditioner Defeat Damage 700ml,463182,$7.00,$1.00 / 100ML,https://www.woolworths.com.au/shop/productdetails/463182/sunsilk-keratin-conditioner-defeat-damage,https://cdn0.woolworths.media/content/wowproductimages/medium/463182.jpg,2020-09-20 19:49:44,,0,,True
511083b0-d048-4397-9d28-cfef07f036b9,Woolworths Supermarket,Health & Beauty,Sunsilk Biotin Conditioner Longer & Stronger 700ml,463186,$7.00,$1.00 / 100ML,https://www.woolworths.com.au/shop/productdetails/463186/sunsilk-biotin-conditioner-longer-stronger,https://cdn0.woolworths.media/content/wowproductimages/medium/463186.jpg,2020-09-20 19:49:44,,0,,True
7f48abcf-0a41-46d2-b44d-c02137afa2dc,Woolworths Supermarket,Health & Beauty,Sunsilk Conditioner Addictive Brilliant Shine 700ml,463191,$7.00,$1.00 / 100ML,https://www.woolworths.com.au/shop/productdetails/463191/sunsilk-conditioner-addictive-brilliant-shine,https://cdn0.woolworths.media/content/wowproductimages/medium/463191.jpg,2020-09-20 19:49:44,,0,,True
e7e460e0-1de0-45b3-8e45-ddc17edac5f4,Woolworths Supermarket,Health & Beauty,Sunsilk Shampoo Defeat Damage 700ml,463192,$7.00,$1.00 / 100ML,https://www.woolworths.com.au/shop/productdetails/463192/sunsilk-shampoo-defeat-damage,https://cdn0.woolworths.media/content/wowproductimages/medium/463192.jpg,2020-09-20 19:49:44,,0,,True
7a89c435-21de-42fc-8302-2576ece1c31c,Woolworths Supermarket,Health & Beauty,Sunsilk Shampoo Addictive Brilliant Shine 700ml,463193,$7.00,$1.00 / 100ML,https://www.woolworths.com.au/shop/productdetails/463193/sunsilk-shampoo-addictive-brilliant-shine,https://cdn0.woolworths.media/content/wowproductimages/medium/463193.jpg,2020-09-20 19:49:44,,0,,True
9e11f081-bf3f-4dba-a951-dc629acb330a,Woolworths Supermarket,Health & Beauty,Sunsilk Shampoo Soft & Smooth 700ml,463194,$7.00,$1.00 / 100ML,https://www.woolworths.com.au/shop/productdetails/463194/sunsilk-shampoo-soft-smooth,https://cdn0.woolworths.media/content/wowproductimages/medium/463194.jpg,2020-09-20 19:49:44,,0,,True
ffd67d36-bb57-4349-9593-25b6cef82261,Woolworths Supermarket,Health & Beauty,Sunsilk Biotin Shampoo Longer & Stronger 700ml,463195,$7.00,$1.00 / 100ML,https://www.woolworths.com.au/shop/productdetails/463195/sunsilk-biotin-shampoo-longer-stronger,https://cdn0.woolworths.media/content/wowproductimages/medium/463195.jpg,2020-09-20 19:49:44,,0,,True
012e5403-9fb1-4813-88d8-11569e3f6ce8,Woolworths Supermarket,Health & Beauty,Colgate Optic White High Impact Teeth Whitening Toothpaste 85g,465421,$8.00,$9.41 / 100G,https://www.woolworths.com.au/shop/productdetails/465421/colgate-optic-white-high-impact-teeth-whitening-toothpaste,https://cdn0.woolworths.media/content/wowproductimages/medium/465421.jpg,2020-09-20 19:49:44,Average product rating out of 5: 5.0. Product score is based on 2 ratings,2,Was $9.99 18/09/2017,True
05baab3b-435f-461a-87fc-04151e247999,Woolworths Supermarket,Health & Beauty,Libra Ultra Thins Sanitary Pads Goodnights With Wings 20 pack,466098,$7.70,$0.39 / 1EA,https://www.woolworths.com.au/shop/productdetails/466098/libra-ultra-thins-sanitary-pads-goodnights-with-wings,https://cdn0.woolworths.media/content/wowproductimages/medium/466098.jpg,2020-09-20 19:49:44,,0,Was $8.00 25/02/2019,True
94d5d339-9ae8-45b5-9484-e29370d131ca,Woolworths Supermarket,Health & Beauty,Depend Female Underwear Super Large 8pk,467384,$17.00,$2.13 / 1EA,https://www.woolworths.com.au/shop/productdetails/467384/depend-female-underwear-super-large,https://cdn0.woolworths.media/content/wowproductimages/medium/467384.jpg,2020-09-20 19:49:44,,0,,True
c4f7f3d0-56c9-4a71-a397-0cb6ecf46bea,Woolworths Supermarket,Health & Beauty,Depend Female Underwear Super Extra-large 8pk,467392,$17.00,$2.13 / 1EA,https://www.woolworths.com.au/shop/productdetails/467392/depend-female-underwear-super-extra-large,https://cdn0.woolworths.media/content/wowproductimages/medium/467392.jpg,2020-09-20 19:49:44,,0,,True
94f6b709-4859-456c-8e70-9276b4223a4c,Woolworths Supermarket,Health & Beauty,So? Sinful Body Spray 150ml,473050,$5.00,$3.33 / 100ML,https://www.woolworths.com.au/shop/productdetails/473050/so-sinful-body-spray,https://cdn0.woolworths.media/content/wowproductimages/medium/473050.jpg,2020-09-20 19:49:44,,0,,True
1f2a9f25-d13f-4d3c-a454-b04bf5100419,Woolworths Supermarket,Health & Beauty,So? Body Spray 150ml,473053,$5.00,$3.33 / 100ML,https://www.woolworths.com.au/shop/productdetails/473053/so-body-spray,https://cdn0.woolworths.media/content/wowproductimages/medium/473053.jpg,2020-09-20 19:49:44,,0,,True
39543cca-9503-46f3-9343-97cc768b7c07,Woolworths Supermarket,Health & Beauty,Band-aid Adhesive Bandages Disney Frozen 15 pack,473254,$2.50,$16.67 / 100EA,https://www.woolworths.com.au/shop/productdetails/473254/band-aid-adhesive-bandages-disney-frozen,https://cdn0.woolworths.media/content/wowproductimages/medium/473254.jpg,2020-09-20 19:49:44,Average product rating out of 5: 3.6. Product score is based on 9 ratings,9,,True
791ed5d3-ad2f-43db-8c57-0ceb017a14f1,Woolworths Supermarket,Health & Beauty,Ease A Cold Day Cough Cold & Flu Capsules 20 pack,476708,$14.00,$0.70 / 1EA,https://www.woolworths.com.au/shop/productdetails/476708/ease-a-cold-day-cough-cold-flu-capsules,https://cdn0.woolworths.media/content/wowproductimages/medium/476708.jpg,2020-09-20 19:49:44,Average product rating out of 5: 5.0. Product score is based on 1 ratings,1,,True
202147a9-aaa4-44fe-97d1-ea612ad9ceae,Woolworths Supermarket,Health & Beauty,Mud Cosmetics Eyebrow Pencil Blonde each,476711,$5.50,$5.50 / 1EA,https://www.woolworths.com.au/shop/productdetails/476711/mud-cosmetics-eyebrow-pencil-blonde,https://cdn0.woolworths.media/content/wowproductimages/medium/476711.jpg,2020-09-20 19:49:44,Average product rating out of 5: 5.0. Product score is based on 1 ratings,1,Was $6 23/08/2016,True
e4b711d3-daa1-43a2-a4fa-7f9e82c982cc,Woolworths Supermarket,Health & Beauty,Mud Cosmetics Lip Defining Pencil Nude Interlude 112 each,476715,$5.50,$5.50 / 1EA,https://www.woolworths.com.au/shop/productdetails/476715/mud-cosmetics-lip-defining-pencil-nude-interlude-112,https://cdn0.woolworths.media/content/wowproductimages/medium/476715.jpg,2020-09-20 19:49:44,Average product rating out of 5: 5.0. Product score is based on 1 ratings,1,Was $6 23/08/2016,True
475dd5a0-e209-493d-9257-da8be8868dd7,Woolworths Supermarket,Health & Beauty,Mud Cosmetics Perfecting Primer 30ml,476724,$9.50,$3.17 / 10ML,https://www.woolworths.com.au/shop/productdetails/476724/mud-cosmetics-perfecting-primer,https://cdn0.woolworths.media/content/wowproductimages/medium/476724.jpg,2020-09-20 19:49:44,Average product rating out of 5: 4.0. Product score is based on 2 ratings,2,Was $10 23/08/2016,True
039acbd1-cb47-4540-a579-7db17869a8cd,Woolworths Supermarket,Health & Beauty,Mud Cosmetics Eyebrow Pencil Brunette each,476727,$5.50,$5.50 / 1EA,https://www.woolworths.com.au/shop/productdetails/476727/mud-cosmetics-eyebrow-pencil-brunette,https://cdn0.woolworths.media/content/wowproductimages/medium/476727.jpg,2020-09-20 19:49:44,Average product rating out of 5: 4.0. Product score is based on 1 ratings,1,Was $6 23/08/2016,True
226f2f96-26a8-4fe2-9b00-f8c033471cc1,Woolworths Supermarket,Health & Beauty,Mud Nail Polish Au Naturale 13ml,476741,$2.50,$2.50 / 1EA,https://www.woolworths.com.au/shop/productdetails/476741/mud-nail-polish-au-naturale,https://cdn0.woolworths.media/content/wowproductimages/medium/476741.jpg,2020-09-20 19:49:44,Average product rating out of 5: 4.0. Product score is based on 1 ratings,1,Was $3 23/08/2016,True
7bfa94cc-5b3c-4a8e-bf7e-acf5e76892bd,Woolworths Supermarket,Health & Beauty,Mcobeauty Long Lasting Pressed Powder Invisible Matte Translucent 14.5g,476752,$8.75,$6.03 / 10G,https://www.woolworths.com.au/shop/productdetails/476752/mcobeauty-long-lasting-pressed-powder-invisible-matte-translucent,https://cdn0.woolworths.media/content/wowproductimages/medium/476752.jpg,2020-09-20 19:49:44,Average product rating out of 5: 4.5. Product score is based on 2 ratings,2,,True
d0f3fcf9-c6e9-4723-94d8-1994f0ad91dc,Woolworths Supermarket,Health & Beauty,Mcobeauty Long Wear Lipstick Nearly Nude 3.5g,476782,$5.60,$16.00 / 10G,https://www.woolworths.com.au/shop/productdetails/476782/mcobeauty-long-wear-lipstick-nearly-nude,https://cdn0.woolworths.media/content/wowproductimages/medium/476782.jpg,2020-09-20 19:49:44,Average product rating out of 5: 4.5. Product score is based on 4 ratings,4,,True
2227aa9e-55c9-45a5-bc7d-20fbcc8f6987,Woolworths Supermarket,Health & Beauty,Comvita Olive Leaf Extract High Strength Capsules 60 pack,476961,$22.00,$36.67 / 100EA,https://www.woolworths.com.au/shop/productdetails/476961/comvita-olive-leaf-extract-high-strength-capsules,https://cdn0.woolworths.media/content/wowproductimages/medium/476961.jpg,2020-09-20 19:49:44,Average product rating out of 5: 5.0. Product score is based on 2 ratings,2,,True
6f996049-390b-432d-a91b-922569faa1cb,Woolworths Supermarket,Health & Beauty,Rimmel Contouring Palette Kate 18.5g,477507,$17.00,$9.19 / 10G,https://www.woolworths.com.au/shop/productdetails/477507/rimmel-contouring-palette-kate,https://cdn0.woolworths.media/content/wowproductimages/medium/477507.jpg,2020-09-20 19:49:44,,0,,True
148e8e80-eb64-40fe-b0a4-d22ac35f5a2e,Woolworths Supermarket,Health & Beauty,Betadine Antiseptic First Aid Cream 20g,477631,$11.00,$55.00 / 100G,https://www.woolworths.com.au/shop/productdetails/477631/betadine-antiseptic-first-aid-cream,https://cdn0.woolworths.media/content/wowproductimages/medium/477631.jpg,2020-09-20 19:49:44,Average product rating out of 5: 5.0. Product score is based on 3 ratings,3,,True
f46eeca1-5f3a-4d21-97dd-98b5000094bd,Woolworths Supermarket,Health & Beauty,Maybelline Master Contour Face Contouring Palette - Light/medium each,477652,$12.00,$12.00 / 10G,https://www.woolworths.com.au/shop/productdetails/477652/maybelline-master-contour-face-contouring-palette-light-medium,https://cdn0.woolworths.media/content/wowproductimages/medium/477652.jpg,2020-09-20 19:49:44,Average product rating out of 5: 4.0. Product score is based on 1 ratings,1,,True
912d2485-5c0c-4e97-b2e6-5fd50fb74652,Woolworths Supermarket,Health & Beauty,Gaviscon Dual Action Heartburn & Indigestion Chewable Tablets 48 pack,477680,$15.00,$31.25 / 100EA,https://www.woolworths.com.au/shop/productdetails/477680/gaviscon-dual-action-heartburn-indigestion-chewable-tablets,https://cdn0.woolworths.media/content/wowproductimages/medium/477680.jpg,2020-09-20 19:49:44,Average product rating out of 5: 4.8. Product score is based on 12 ratings,12,,True
461ba6ba-28a9-4952-8501-a539495b57ef,Woolworths Supermarket,Health & Beauty,Lemsip Max Cold & Flu Decongestant Hot Drink Honey And Ginger 10 pack,477681,$13.00,$130.00 / 100EA,https://www.woolworths.com.au/shop/productdetails/477681/lemsip-max-cold-flu-decongestant-hot-drink-honey-and-ginger,https://cdn0.woolworths.media/content/wowproductimages/medium/477681.jpg,2020-09-20 19:49:44,Average product rating out of 5: 3.7. Product score is based on 3 ratings,3,,True
22010074-5540-45b0-afce-c2d999615675,Woolworths Supermarket,Health & Beauty,Thankyou. Body Wash - Botanical Geranium & Rosewood 1l,477833,$13.00,$1.30 / 100ML,https://www.woolworths.com.au/shop/productdetails/477833/thankyou-body-wash-botanical-geranium-rosewood,https://cdn0.woolworths.media/content/wowproductimages/medium/477833.jpg,2020-09-20 19:49:44,,0,,True
9dfe4402-92fd-420e-aa5b-9604de0afd78,Woolworths Supermarket,Health & Beauty,Thankyou. Botanical Mint & Spring Flowers Body Wash 1l,477835,$13.00,$1.30 / 100ML,https://www.woolworths.com.au/shop/productdetails/477835/thankyou-botanical-mint-spring-flowers-body-wash,https://cdn0.woolworths.media/content/wowproductimages/medium/477835.jpg,2020-09-20 19:49:44,,0,,True
1489ad19-0e8b-4602-87ee-e0039e002fc2,Woolworths Supermarket,Health & Beauty,D3 Strapping Tape Rigid 13.7m each,479493,$10.00,$10.00 / 1EA,https://www.woolworths.com.au/shop/productdetails/479493/d3-strapping-tape-rigid,https://cdn0.woolworths.media/content/wowproductimages/medium/479493.jpg,2020-09-20 19:49:44,Average product rating out of 5: 5.0. Product score is based on 1 ratings,1,,True
e3a4291e-9197-4e30-8270-d6286ce57fbc,Woolworths Supermarket,Health & Beauty,Libra Ultra Thins Sanitary Pads Thin Regular 14 pack,479940,$4.20,$0.30 / 1EA,https://www.woolworths.com.au/shop/productdetails/479940/libra-ultra-thins-sanitary-pads-thin-regular,https://cdn0.woolworths.media/content/wowproductimages/medium/479940.jpg,2020-09-20 19:49:44,,0,Was $4.80 06/11/2017,True
06905abc-373d-4165-ba30-e2ee09e6e8a0,Woolworths Supermarket,Health & Beauty,Libra Extra Sanitary Pads Regular 14 pack,479941,$4.20,$0.30 / 1EA,https://www.woolworths.com.au/shop/productdetails/479941/libra-extra-sanitary-pads-regular,https://cdn0.woolworths.media/content/wowproductimages/medium/479941.jpg,2020-09-20 19:49:44,,0,Was $4.80 06/11/2017,True
1f3dff2e-e323-42d5-a24c-a4a30ac3164b,Woolworths Supermarket,Health & Beauty,Ardell Lashes Wispies Black each,480014,$11.00,$11.00 / 1EA,https://www.woolworths.com.au/shop/productdetails/480014/ardell-lashes-wispies-black,https://cdn0.woolworths.media/content/wowproductimages/medium/480014.jpg,2020-09-20 19:49:44,,0,,True
a3e4dea6-7738-4aac-8591-4ddda4467758,Woolworths Supermarket,Health & Beauty,Libra Long Liners 26x6 each,481491,$2.30,$0.09 / 1EA,https://www.woolworths.com.au/shop/productdetails/481491/libra-long-liners-26x6,https://cdn0.woolworths.media/content/wowproductimages/medium/481491.jpg,2020-09-20 19:49:44,,0,,True
41773640-6f8a-4e53-83ef-785b15da187c,Woolworths Supermarket,Health & Beauty,L'oreal Revitalift Filler Night Cream 50ml,481538,$22.50,$45.00 / 100ML,https://www.woolworths.com.au/shop/productdetails/481538/l-oreal-revitalift-filler-night-cream,https://cdn0.woolworths.media/content/wowproductimages/medium/481538.jpg,2020-09-20 19:49:44,Average product rating out of 5: 4.8. Product score is based on 6 ratings,6,,True
4ce073d6-c29f-4eaf-a8c6-40ecd6ac6e2f,Woolworths Supermarket,Health & Beauty,L'oreal Paris Revitalift Eye Cream Filler 15ml,481845,$22.50,$150.00 / 100ML,https://www.woolworths.com.au/shop/productdetails/481845/l-oreal-paris-revitalift-eye-cream-filler,https://cdn0.woolworths.media/content/wowproductimages/medium/481845.jpg,2020-09-20 19:49:44,,0,,True
07a3ea65-b2b3-4bc7-aafb-9d2bd73a7be3,Woolworths Supermarket,Health & Beauty,Pantene Shampoo Daily Moisture 90ml,482121,$3.00,$3.33 / 100ML,https://www.woolworths.com.au/shop/productdetails/482121/pantene-shampoo-daily-moisture,https://cdn0.woolworths.media/content/wowproductimages/medium/482121.jpg,2020-09-20 19:49:44,Average product rating out of 5: 4.3. Product score is based on 6 ratings,6,,True
e777d3d9-92e7-4dc3-9719-784ba5d4c5d8,Woolworths Supermarket,Health & Beauty,Pantene Conditioner Daily Moisture 90ml,482123,$3.00,$3.33 / 100ML,https://www.woolworths.com.au/shop/productdetails/482123/pantene-conditioner-daily-moisture,https://cdn0.woolworths.media/content/wowproductimages/medium/482123.jpg,2020-09-20 19:49:44,Average product rating out of 5: 5.0. Product score is based on 1 ratings,1,,True
3ffb6d15-4886-4069-8b4e-8a29c687eb01,Woolworths Supermarket,Health & Beauty,Dettol Profresh Shower Gel Body Wash Lemon And Lime 950ml,482400,$8.50,$0.89 / 100ML,https://www.woolworths.com.au/shop/productdetails/482400/dettol-profresh-shower-gel-body-wash-lemon-and-lime,https://cdn0.woolworths.media/content/wowproductimages/medium/482400.jpg,2020-09-20 19:49:44,Average product rating out of 5: 4.8. Product score is based on 24 ratings,24,Was $9.50 27/06/2016,True
2104fadd-8114-4f67-b96f-113c243f5fd9,Woolworths Supermarket,Health & Beauty,Biore Deep Cleansing Charcoal Pore Strip 6pk,482729,$7.50,$1.25 / 1EA,https://www.woolworths.com.au/shop/productdetails/482729/biore-deep-cleansing-charcoal-pore-strip,https://cdn0.woolworths.media/content/wowproductimages/medium/482729.jpg,2020-09-20 19:49:44,Average product rating out of 5: 4.0. Product score is based on 7 ratings,7,,True
0f194dde-a698-49d0-83db-20266b946174,Woolworths Supermarket,Health & Beauty,Only Good Handwash Pump Refresh 300ml,482809,$6.00,$2.00 / 100ML,https://www.woolworths.com.au/shop/productdetails/482809/only-good-handwash-pump-refresh,https://cdn0.woolworths.media/content/wowproductimages/medium/482809.jpg,2020-09-20 19:49:44,Average product rating out of 5: 4.3. Product score is based on 7 ratings,7,,True
4548c09f-454d-4b87-b601-2a9fb24181fd,Woolworths Supermarket,Health & Beauty,Original Source Body Wash Coconut & Shea Butter 250ml,484484,$2.00,$0.80 / 100ML,https://www.woolworths.com.au/shop/productdetails/484484/original-source-body-wash-coconut-shea-butter,https://cdn0.woolworths.media/content/wowproductimages/medium/484484.jpg,2020-09-20 19:49:44,Average product rating out of 5: 4.4. Product score is based on 20 ratings,20,,True
d57b5442-b7fb-44ef-b82c-cf10231777a8,Woolworths Supermarket,Health & Beauty,Essano Shampoo Nourishing Argan Oil 300ml,485724,$10.00,$3.33 / 100ML,https://www.woolworths.com.au/shop/productdetails/485724/essano-shampoo-nourishing-argan-oil,https://cdn0.woolworths.media/content/wowproductimages/medium/485724.jpg,2020-09-20 19:49:44,Average product rating out of 5: 5.0. Product score is based on 3 ratings,3,,True
069fb2bb-f816-47ea-b076-420b17b8d055,Woolworths Supermarket,Health & Beauty,Essano Shampoo Soothing Keratin Complex 300ml,485725,$10.00,$3.33 / 100ML,https://www.woolworths.com.au/shop/productdetails/485725/essano-shampoo-soothing-keratin-complex,https://cdn0.woolworths.media/content/wowproductimages/medium/485725.jpg,2020-09-20 19:49:44,Average product rating out of 5: 4.7. Product score is based on 6 ratings,6,,True
f429715b-fdde-48a4-818a-693b0ab91104,Woolworths Supermarket,Health & Beauty,Essano Conditioner Nourishing Argan Oil 300ml,485730,$10.00,$3.33 / 100ML,https://www.woolworths.com.au/shop/productdetails/485730/essano-conditioner-nourishing-argan-oil,https://cdn0.woolworths.media/content/wowproductimages/medium/485730.jpg,2020-09-20 19:49:44,Average product rating out of 5: 5.0. Product score is based on 1 ratings,1,,True
1329b190-5fb8-4c81-a56a-2a1ef3251003,Woolworths Supermarket,Health & Beauty,Essano Conditioner Soothing Keratin Complex 300ml,485731,$10.00,$3.33 / 100ML,https://www.woolworths.com.au/shop/productdetails/485731/essano-conditioner-soothing-keratin-complex,https://cdn0.woolworths.media/content/wowproductimages/medium/485731.jpg,2020-09-20 19:49:44,Average product rating out of 5: 5.0. Product score is based on 3 ratings,3,,True
6808bc5c-5e3c-436e-90dd-966cae57750c,Woolworths Supermarket,Health & Beauty,Essano Shampoo Hydrating Coconut Milk 300ml,485732,$10.00,$3.33 / 100ML,https://www.woolworths.com.au/shop/productdetails/485732/essano-shampoo-hydrating-coconut-milk,https://cdn0.woolworths.media/content/wowproductimages/medium/485732.jpg,2020-09-20 19:49:44,Average product rating out of 5: 5.0. Product score is based on 2 ratings,2,,True
6eb3f192-e264-404b-809a-413aa33afb56,Woolworths Supermarket,Health & Beauty,Essano Conditioner Hydrating Coconut Milk 300ml,485733,$10.00,$3.33 / 100ML,https://www.woolworths.com.au/shop/productdetails/485733/essano-conditioner-hydrating-coconut-milk,https://cdn0.woolworths.media/content/wowproductimages/medium/485733.jpg,2020-09-20 19:49:44,Average product rating out of 5: 4.5. Product score is based on 2 ratings,2,,True
ea2e57f5-ad58-4566-bccc-085dbe964298,Woolworths Supermarket,Health & Beauty,Essano Argan Oil Hair Recovery Serum 50ml,485734,$10.00,$20.00 / 100ML,https://www.woolworths.com.au/shop/productdetails/485734/essano-argan-oil-hair-recovery-serum,https://cdn0.woolworths.media/content/wowproductimages/medium/485734.jpg,2020-09-20 19:49:44,Average product rating out of 5: 4.8. Product score is based on 6 ratings,6,,True
7a1965af-87f6-45b9-bd99-6dba51fb7a64,Woolworths Supermarket,Health & Beauty,Panadol With Optizorb Paracetamol Pain Relief 20 pack,348643,$4.00,$0.20 / 1EA,https://www.woolworths.com.au/shop/productdetails/348643/panadol-with-optizorb-paracetamol-pain-relief,https://cdn0.woolworths.media/content/wowproductimages/medium/348643.jpg,2020-09-20 19:49:44,Average product rating out of 5: 4.4. Product score is based on 19 ratings,19,Was $4.20 24/07/2017,True
23dbabf9-4b89-49da-99c2-f3a343880b75,Woolworths Supermarket,Health & Beauty,Salvital Salts Saline 375g,030847,$5.50,$1.47 / 100G,https://www.woolworths.com.au/shop/productdetails/30847/salvital-salts-saline,https://cdn0.woolworths.media/content/wowproductimages/medium/030847.jpg,2020-09-20 19:49:44,Average product rating out of 5: 4.1. Product score is based on 12 ratings,12,,True
ad6b38d6-1f61-4114-8dff-eeefdd4d2604,Woolworths Supermarket,Health & Beauty,Kleenex Facial Tissues 200 pack,063899,$2.00,$1.00 / 100SS,https://www.woolworths.com.au/shop/productdetails/63899/kleenex-facial-tissues,https://cdn0.woolworths.media/content/wowproductimages/medium/063899.jpg,2020-09-20 19:49:44,,0,Was $2.20 26/02/2020,True
fb022a70-ac92-4e54-b1eb-08bbfbab89c1,Woolworths Supermarket,Health & Beauty,Bx Earth Antibacterial Handwash Desert Lime & Coconut 300ml,786895,$5.00,$1.67 / 100ML,https://www.woolworths.com.au/shop/productdetails/786895/bx-earth-antibacterial-handwash-desert-lime-coconut,https://cdn0.woolworths.media/content/wowproductimages/medium/786895.jpg,2020-09-20 19:49:44,Average product rating out of 5: 4.8. Product score is based on 16 ratings,16,,True
a34efffa-789b-4a16-8612-8e0d4e4d4205,Woolworths Supermarket,Health & Beauty,Pantene Pro-v Daily Moisture Renewal Shampoo 900ml,842806,$11.90,$1.32 / 100ML,https://www.woolworths.com.au/shop/productdetails/842806/pantene-pro-v-daily-moisture-renewal-shampoo,https://cdn0.woolworths.media/content/wowproductimages/medium/842806.jpg,2020-09-20 19:49:44,Average product rating out of 5: 4.7. Product score is based on 13 ratings,13,,True
a8c47608-061c-4066-9d6d-5780d99a59b3,Woolworths Supermarket,Health & Beauty,Colgate Advanced Whitening Tartar Control Toothpaste 190g,704088,$5.00,$2.63 / 100G,https://www.woolworths.com.au/shop/productdetails/704088/colgate-advanced-whitening-tartar-control-toothpaste,https://cdn0.woolworths.media/content/wowproductimages/medium/704088.jpg,2020-09-20 19:49:44,Average product rating out of 5: 4.4. Product score is based on 27 ratings,27,,True
1f0ab560-c0c1-4a1d-bec1-e99421e8ac32,Woolworths Supermarket,Health & Beauty,Health Basics Body Wash Dermatology Plus 1l,237850,$10.00,$1.00 / 100ML,https://www.woolworths.com.au/shop/productdetails/237850/health-basics-body-wash-dermatology-plus,https://cdn0.woolworths.media/content/wowproductimages/medium/237850.jpg,2020-09-20 19:49:44,Average product rating out of 5: 4.9. Product score is based on 35 ratings,35,,True
bc61dd32-7e30-4bac-bbc5-d77486da99b2,Woolworths Supermarket,Health & Beauty,Essentials Paracetamol 500mg Tablets 20 pack,750755,$0.70,$0.04 / 1EA,https://www.woolworths.com.au/shop/productdetails/750755/essentials-paracetamol-500mg-tablets,https://cdn0.woolworths.media/content/wowproductimages/medium/750755.jpg,2020-09-20 19:49:44,Average product rating out of 5: 4.8. Product score is based on 89 ratings,89,,True
ea76225d-39fb-485d-8173-167cc4839d78,Woolworths Supermarket,Health & Beauty,Palmolive Kids 3 In 1 Bodywash Shampoo & Conditioner Strawberry 700ml,046238,$6.50,$0.93 / 100ML,https://www.woolworths.com.au/shop/productdetails/46238/palmolive-kids-3-in-1-bodywash-shampoo-conditioner-strawberry,https://cdn0.woolworths.media/content/wowproductimages/medium/046238.jpg,2020-09-20 19:49:44,,0,Was $7.00 23/04/2018,True
554bb287-2fac-4cdf-9586-2509e91c16a6,Woolworths Supermarket,Health & Beauty,Oral-b Essential Floss Dental Floss 50m 2 pack,580269,$5.85,$0.06 / 1M,https://www.woolworths.com.au/shop/productdetails/580269/oral-b-essential-floss-dental-floss-50m,https://cdn0.woolworths.media/content/wowproductimages/medium/580269.jpg,2020-09-20 19:49:44,Average product rating out of 5: 4.5. Product score is based on 19 ratings,19,,True
3c0b4ce5-1ab4-420b-887d-0d833a319308,Woolworths Supermarket,Health & Beauty,Freshwater Farm Australia Hemp Seed Oil Hydrating Body Bar 200g,814413,$4.50,$2.25 / 100G,https://www.woolworths.com.au/shop/productdetails/814413/freshwater-farm-australia-hemp-seed-oil-hydrating-body-bar,https://cdn0.woolworths.media/content/wowproductimages/medium/814413.jpg,2020-09-20 19:49:44,Average product rating out of 5: 4.6. Product score is based on 10 ratings,10,,True
0478dd08-a109-4a18-bd09-69d75fa5d229,Woolworths Supermarket,Health & Beauty,Panadol Extra With Optizorb Paracetamol Pain Relief 20 pack,770450,$7.20,$0.36 / 1EA,https://www.woolworths.com.au/shop/productdetails/770450/panadol-extra-with-optizorb-paracetamol-pain-relief,https://cdn0.woolworths.media/content/wowproductimages/medium/770450.jpg,2020-09-20 19:49:44,Average product rating out of 5: 4.4. Product score is based on 15 ratings,15,,True
106d59a3-07f2-4c84-8bfd-41608b16e99f,Woolworths Supermarket,Health & Beauty,Colgate Peppa Pig Kids Toothpaste Sparkling Mint Gel 2-5 Years 80g,248897,$2.10,$2.63 / 100G,https://www.woolworths.com.au/shop/productdetails/248897/colgate-peppa-pig-kids-toothpaste-sparkling-mint-gel-2-5-years,https://cdn0.woolworths.media/content/wowproductimages/medium/248897.jpg,2020-09-20 19:49:44,Average product rating out of 5: 4.4. Product score is based on 51 ratings,51,,True
2bea4453-ca86-4e4e-8218-9263d56f5168,Woolworths Supermarket,Health & Beauty,Colgate Total Advanced Fresh Antibacterial Gel Toothpaste 200g,819776,$8.00,$4.00 / 100G,https://www.woolworths.com.au/shop/productdetails/819776/colgate-total-advanced-fresh-antibacterial-gel-toothpaste,https://cdn0.woolworths.media/content/wowproductimages/medium/819776.jpg,2020-09-20 19:49:44,,0,,True
100d4084-154c-4d8c-8123-535c714e0566,Woolworths Supermarket,Health & Beauty,Sensodyne Toothbrush Sensitive Teeth Daily Care Soft 3 pack,680514,$10.50,$3.50 / 1EA,https://www.woolworths.com.au/shop/productdetails/680514/sensodyne-toothbrush-sensitive-teeth-daily-care-soft,https://cdn0.woolworths.media/content/wowproductimages/medium/680514.jpg,2020-09-20 19:49:44,Average product rating out of 5: 5.0. Product score is based on 8 ratings,8,,True
6423c3da-9c90-40df-a149-b2cca4f0e007,Woolworths Supermarket,Health & Beauty,Impulse Maddie Ziegler Body Mist Tropical Beach & Espresso 100ml,080014,$9.00,$9.00 / 100ML,https://www.woolworths.com.au/shop/productdetails/80014/impulse-maddie-ziegler-body-mist-tropical-beach-espresso,https://cdn0.woolworths.media/content/wowproductimages/medium/080014.jpg,2020-09-20 19:49:44,,0,,True
0272f9b6-0bc2-4ab2-9ead-fa1849648c56,Woolworths Supermarket,Health & Beauty,Selsun Gold Anti-dandruff Medically Proven Treatment 200ml,205490,$11.00,$5.50 / 100ML,https://www.woolworths.com.au/shop/productdetails/205490/selsun-gold-anti-dandruff-medically-proven-treatment,https://cdn0.woolworths.media/content/wowproductimages/medium/205490.jpg,2020-09-20 19:49:44,Average product rating out of 5: 4.8. Product score is based on 17 ratings,17,,True
990cca92-5c8a-435a-938f-4080a865b01e,Woolworths Supermarket,Health & Beauty,Kleenex Facial Tissue Soft & Thick 95 pack,064373,$2.00,$2.11 / 100SS,https://www.woolworths.com.au/shop/productdetails/64373/kleenex-facial-tissue-soft-thick,https://cdn0.woolworths.media/content/wowproductimages/medium/064373.jpg,2020-09-20 19:49:44,,0,,True
b67edf2b-c40c-404f-a4c9-dbde6017b9a3,Woolworths Supermarket,Health & Beauty,Brutal Truth Antiperspirant Roll On Rustic & Woody 75ml,078120,$10.00,$13.33 / 100ML,https://www.woolworths.com.au/shop/productdetails/78120/brutal-truth-antiperspirant-roll-on-rustic-woody,https://cdn0.woolworths.media/content/wowproductimages/medium/078120.jpg,2020-09-20 19:49:44,,0,,True
41df50f5-6396-4a27-ba8a-890f722e4c15,Woolworths Supermarket,Health & Beauty,Mylanta 2go Antacids Double Strength Tabs 48pk,232259,$8.20,$0.17 / 1EA,https://www.woolworths.com.au/shop/productdetails/232259/mylanta-2go-antacids-double-strength-tabs,https://cdn0.woolworths.media/content/wowproductimages/medium/232259.jpg,2020-09-20 19:49:44,Average product rating out of 5: 5.0. Product score is based on 11 ratings,11,,True
0cba1363-f604-4563-89f5-452a0764afd1,Woolworths Supermarket,Health & Beauty,Rimmel Match Perfection Foundation 010 Light Porcelaine 30ml,485878,$19.00,$6.33 / 10ML,https://www.woolworths.com.au/shop/productdetails/485878/rimmel-match-perfection-foundation-010-light-porcelaine,https://cdn0.woolworths.media/content/wowproductimages/medium/485878.jpg,2020-09-20 19:49:44,,0,,True
767bf6c4-a2d2-4e8e-a031-186f775812ad,Woolworths Supermarket,Health & Beauty,Sunsilk Shampoo Detox For Men 350ml,486414,$5.50,$1.57 / 100ML,https://www.woolworths.com.au/shop/productdetails/486414/sunsilk-shampoo-detox-for-men,https://cdn0.woolworths.media/content/wowproductimages/medium/486414.jpg,2020-09-20 19:49:44,Average product rating out of 5: 4.9. Product score is based on 7 ratings,7,,True
b329a755-875d-4fd1-96c5-8feaad1a8a60,Woolworths Supermarket,Health & Beauty,Sunsilk Biotin Conditioner Longer & Stronger 350ml,486428,$5.50,$1.57 / 100ML,https://www.woolworths.com.au/shop/productdetails/486428/sunsilk-biotin-conditioner-longer-stronger,https://cdn0.woolworths.media/content/wowproductimages/medium/486428.jpg,2020-09-20 19:49:44,Average product rating out of 5: 4.4. Product score is based on 5 ratings,5,,True
a3c86b5c-0b45-4a5f-be1b-3efa7c046e98,Woolworths Supermarket,Health & Beauty,Sunsilk Biotin Shampoo Longer & Stronger 350ml,486433,$5.50,$1.57 / 100ML,https://www.woolworths.com.au/shop/productdetails/486433/sunsilk-biotin-shampoo-longer-stronger,https://cdn0.woolworths.media/content/wowproductimages/medium/486433.jpg,2020-09-20 19:49:44,Average product rating out of 5: 4.8. Product score is based on 6 ratings,6,,True
4ba6385a-7553-40c1-82f1-91603adffd56,Woolworths Supermarket,Health & Beauty,Sunsilk Keratin Conditioner Defeat Damage 350ml,486476,$5.50,$1.57 / 100ML,https://www.woolworths.com.au/shop/productdetails/486476/sunsilk-keratin-conditioner-defeat-damage,https://cdn0.woolworths.media/content/wowproductimages/medium/486476.jpg,2020-09-20 19:49:44,Average product rating out of 5: 4.3. Product score is based on 3 ratings,3,,True
13438df8-68fc-4d37-8618-468a8aeb6713,Woolworths Supermarket,Health & Beauty,Sunsilk Keratin Shampoo Defeat Damage 350ml,486482,$5.50,$1.57 / 100ML,https://www.woolworths.com.au/shop/productdetails/486482/sunsilk-keratin-shampoo-defeat-damage,https://cdn0.woolworths.media/content/wowproductimages/medium/486482.jpg,2020-09-20 19:49:44,Average product rating out of 5: 4.0. Product score is based on 3 ratings,3,,True
33febb5f-f2b1-471b-bd55-cee90f12961b,Woolworths Supermarket,Health & Beauty,Sunsilk Soft & Smooth Shampoo 350ml,486505,$5.50,$1.57 / 100ML,https://www.woolworths.com.au/shop/productdetails/486505/sunsilk-soft-smooth-shampoo,https://cdn0.woolworths.media/content/wowproductimages/medium/486505.jpg,2020-09-20 19:49:44,Average product rating out of 5: 5.0. Product score is based on 3 ratings,3,,True
3c343ca3-f13d-4608-9554-bff0198dd9a4,Woolworths Supermarket,Health & Beauty,Sunsilk Soft & Smooth Conditioner 350ml,486506,$5.50,$1.57 / 100ML,https://www.woolworths.com.au/shop/productdetails/486506/sunsilk-soft-smooth-conditioner,https://cdn0.woolworths.media/content/wowproductimages/medium/486506.jpg,2020-09-20 19:49:44,Average product rating out of 5: 4.3. Product score is based on 4 ratings,4,,True
6d9f6392-b95a-49d3-b597-a108caecd34a,Woolworths Supermarket,Health & Beauty,Sunsilk Total Care 2 In 1 Shampoo 350ml,486510,$5.50,$1.57 / 100ML,https://www.woolworths.com.au/shop/productdetails/486510/sunsilk-total-care-2-in-1-shampoo,https://cdn0.woolworths.media/content/wowproductimages/medium/486510.jpg,2020-09-20 19:49:44,Average product rating out of 5: 4.4. Product score is based on 10 ratings,10,,True
5d39801b-daf4-4786-add7-8c59e6e8cb31,Woolworths Supermarket,Health & Beauty,Ogx Extra Strength Argan Oil Of Morocco Conditioner 385ml,486575,$10.50,$2.73 / 100ML,https://www.woolworths.com.au/shop/productdetails/486575/ogx-extra-strength-argan-oil-of-morocco-conditioner,https://cdn0.woolworths.media/content/wowproductimages/medium/486575.jpg,2020-09-20 19:49:44,Average product rating out of 5: 4.6. Product score is based on 5 ratings,5,,True
f707fdfa-d623-42ef-9fb3-1c5fa1c1fdc2,Woolworths Supermarket,Health & Beauty,Ogx Extra Strength Argan Oil Of Morocco Shampoo 385ml,486585,$10.50,$2.73 / 100ML,https://www.woolworths.com.au/shop/productdetails/486585/ogx-extra-strength-argan-oil-of-morocco-shampoo,https://cdn0.woolworths.media/content/wowproductimages/medium/486585.jpg,2020-09-20 19:49:44,Average product rating out of 5: 4.6. Product score is based on 5 ratings,5,,True
fb824e82-efcc-4ad5-97ba-ac483a760d3d,Woolworths Supermarket,Health & Beauty,Essano Certified Organic Mist Toner 120ml,487314,$13.00,$10.83 / 100ML,https://www.woolworths.com.au/shop/productdetails/487314/essano-certified-organic-mist-toner,https://cdn0.woolworths.media/content/wowproductimages/medium/487314.jpg,2020-09-20 19:49:44,Average product rating out of 5: 4.5. Product score is based on 4 ratings,4,,True
f265d389-cce6-443b-9bd6-a3c1bdf663c9,Woolworths Supermarket,Health & Beauty,Essano Rosehip Moisturising Creme Cleanser 100ml,487315,$15.00,$15.00 / 100ML,https://www.woolworths.com.au/shop/productdetails/487315/essano-rosehip-moisturising-creme-cleanser,https://cdn0.woolworths.media/content/wowproductimages/medium/487315.jpg,2020-09-20 19:49:44,Average product rating out of 5: 4.7. Product score is based on 3 ratings,3,,True
f94b6f67-c1d9-483b-835e-c4edc0b075e0,Woolworths Supermarket,Health & Beauty,Sunsilk Conditioner Addictive Brilliant Shine 350ml,490137,$5.50,$1.57 / 100ML,https://www.woolworths.com.au/shop/productdetails/490137/sunsilk-conditioner-addictive-brilliant-shine,https://cdn0.woolworths.media/content/wowproductimages/medium/490137.jpg,2020-09-20 19:49:44,Average product rating out of 5: 5.0. Product score is based on 4 ratings,4,,True
f80abc45-0c12-48ad-a9a0-a12189ca84f2,Woolworths Supermarket,Health & Beauty,Schwarzkopf Taft Full On Hair Wax Glued Water Resistant 150ml,490996,$8.00,$5.33 / 100ML,https://www.woolworths.com.au/shop/productdetails/490996/schwarzkopf-taft-full-on-hair-wax-glued-water-resistant,https://cdn0.woolworths.media/content/wowproductimages/medium/490996.jpg,2020-09-20 19:49:44,Average product rating out of 5: 4.7. Product score is based on 3 ratings,3,,True
fed11caf-6fa2-4cac-b7c7-1242c96d3087,Woolworths Supermarket,Health & Beauty,Sunsilk Shampoo Addictive Brilliant Shine 350ml,491925,$5.50,$1.57 / 100ML,https://www.woolworths.com.au/shop/productdetails/491925/sunsilk-shampoo-addictive-brilliant-shine,https://cdn0.woolworths.media/content/wowproductimages/medium/491925.jpg,2020-09-20 19:49:44,Average product rating out of 5: 5.0. Product score is based on 7 ratings,7,,True
77c69fac-b162-4383-be79-ce7ae3cd61b2,Woolworths Supermarket,Health & Beauty,Vitaustralia Lanolin Oil Cream 250g,495447,$3.49,$1.40 / 100G,https://www.woolworths.com.au/shop/productdetails/495447/vitaustralia-lanolin-oil-cream,https://cdn0.woolworths.media/content/wowproductimages/medium/495447.jpg,2020-09-20 19:49:44,Average product rating out of 5: 4.6. Product score is based on 10 ratings,10,,True
78772c32-ad05-4385-b62b-0adb263548b0,Woolworths Supermarket,Health & Beauty,Vitaustralia Emu Oil Cream 250g,495449,$3.49,$1.40 / 100G,https://www.woolworths.com.au/shop/productdetails/495449/vitaustralia-emu-oil-cream,https://cdn0.woolworths.media/content/wowproductimages/medium/495449.jpg,2020-09-20 19:49:44,Average product rating out of 5: 4.7. Product score is based on 7 ratings,7,,True
e0cc89ba-9270-4a69-bbf3-88787a1c66ee,Woolworths Supermarket,Health & Beauty,Schwarzkopf Taft Full On Matte Paste Rough & Tough 100ml,495606,$8.00,$8.00 / 100ML,https://www.woolworths.com.au/shop/productdetails/495606/schwarzkopf-taft-full-on-matte-paste-rough-tough,https://cdn0.woolworths.media/content/wowproductimages/medium/495606.jpg,2020-09-20 19:49:44,,0,,True
55f66120-3da6-4b24-9285-cf125a49a545,Woolworths Supermarket,Health & Beauty,Schwarzkopf Taft Full On Modelling Wax Structured 100ml,497665,$8.00,$8.00 / 100ML,https://www.woolworths.com.au/shop/productdetails/497665/schwarzkopf-taft-full-on-modelling-wax-structured,https://cdn0.woolworths.media/content/wowproductimages/medium/497665.jpg,2020-09-20 19:49:44,Average product rating out of 5: 4.3. Product score is based on 3 ratings,3,,True
4fdc7760-d770-4afe-9be6-4e1427f63cb4,Woolworths Supermarket,Health & Beauty,Only Good Handwash Pump Nourish 300ml,500397,$6.00,$2.00 / 100ML,https://www.woolworths.com.au/shop/productdetails/500397/only-good-handwash-pump-nourish,https://cdn0.woolworths.media/content/wowproductimages/medium/500397.jpg,2020-09-20 19:49:44,Average product rating out of 5: 4.6. Product score is based on 8 ratings,8,,True
6745489d-133a-4ebf-ba93-333c075a294f,Woolworths Supermarket,Health & Beauty,Schick Hydro Silk Womens Disposable Razor 2 pack,500751,$7.00,$3.50 / 1EA,https://www.woolworths.com.au/shop/productdetails/500751/schick-hydro-silk-womens-disposable-razor,https://cdn0.woolworths.media/content/wowproductimages/medium/500751.jpg,2020-09-20 19:49:44,Average product rating out of 5: 3.8. Product score is based on 5 ratings,5,Was $9.00 06/08/2018,True
ad50863e-be16-4f89-a168-7cc64cfd9f69,Woolworths Supermarket,Health & Beauty,Palmolive Foaming Liquid Hand Wash Soap Japanese Cherry Blossom 250ml,500851,$3.50,$1.40 / 100ML,https://www.woolworths.com.au/shop/productdetails/500851/palmolive-foaming-liquid-hand-wash-soap-japanese-cherry-blossom,https://cdn0.woolworths.media/content/wowproductimages/medium/500851.jpg,2020-09-20 19:49:44,Average product rating out of 5: 4.7. Product score is based on 33 ratings,33,,True
241e93cc-10f9-4381-b749-f7a9dd30ed34,Woolworths Supermarket,Health & Beauty,Palmolive Foaming Liquid Hand Wash Soap Japanese Cherry Blossom 500ml,501487,$5.50,$1.10 / 100ML,https://www.woolworths.com.au/shop/productdetails/501487/palmolive-foaming-liquid-hand-wash-soap-japanese-cherry-blossom,https://cdn0.woolworths.media/content/wowproductimages/medium/501487.jpg,2020-09-20 19:49:44,Average product rating out of 5: 4.7. Product score is based on 37 ratings,37,,True
b9e58bdd-e79d-490e-85c3-5e2f4bc4eb3c,Woolworths Supermarket,Health & Beauty,Invisible Zinc Waterproof Sunscreen Spf50 100ml,502855,$23.20,$23.20 / 100ML,https://www.woolworths.com.au/shop/productdetails/502855/invisible-zinc-waterproof-sunscreen-spf50,https://cdn0.woolworths.media/content/wowproductimages/medium/502855.jpg,2020-09-20 19:49:44,Average product rating out of 5: 4.3. Product score is based on 8 ratings,8,,True
0e81b9a6-d111-47a6-b71e-3c56d071da1e,Woolworths Supermarket,Health & Beauty,Body Crystal Roll On Deodorant Botanica 80ml,503192,$5.50,$6.88 / 100ML,https://www.woolworths.com.au/shop/productdetails/503192/body-crystal-roll-on-deodorant-botanica,https://cdn0.woolworths.media/content/wowproductimages/medium/503192.jpg,2020-09-20 19:49:44,Average product rating out of 5: 4.7. Product score is based on 20 ratings,20,,True
78484639-608a-46de-b5a3-bb8cab143310,Woolworths Supermarket,Health & Beauty,Nivea Sunscreen Moisturiser Lotion Spf50+ & Vitamin E 100ml,503231,$11.00,$11.00 / 100ML,https://www.woolworths.com.au/shop/productdetails/503231/nivea-sunscreen-moisturiser-lotion-spf50-vitamin-e,https://cdn0.woolworths.media/content/wowproductimages/medium/503231.jpg,2020-09-20 19:49:44,Average product rating out of 5: 4.6. Product score is based on 5 ratings,5,,True
b333908d-d17e-4698-b9f5-22f7b8ca6db6,Woolworths Supermarket,Health & Beauty,L'oreal Paris Revitalift Facial Serum 30ml,503238,$16.50,$55.00 / 100ML,https://www.woolworths.com.au/shop/productdetails/503238/l-oreal-paris-revitalift-facial-serum,https://cdn0.woolworths.media/content/wowproductimages/medium/503238.jpg,2020-09-20 19:49:44,Average product rating out of 5: 4.7. Product score is based on 3 ratings,3,,True
88470a41-cfd3-405c-835b-514f5e747cc9,Woolworths Supermarket,Health & Beauty,Garnier Micellar Cleansing Water In Oil 400ml,503287,$10.50,$2.63 / 100ML,https://www.woolworths.com.au/shop/productdetails/503287/garnier-micellar-cleansing-water-in-oil,https://cdn0.woolworths.media/content/wowproductimages/medium/503287.jpg,2020-09-20 19:49:44,Average product rating out of 5: 3.0. Product score is based on 1 ratings,1,,True
e6c0c93a-2b8f-4614-bfe9-81cbe5c76691,Woolworths Supermarket,Health & Beauty,Clean & Clear Essential Foam Face Wash 150ml,503707,$8.00,$5.33 / 100ML,https://www.woolworths.com.au/shop/productdetails/503707/clean-clear-essential-foam-face-wash,https://cdn0.woolworths.media/content/wowproductimages/medium/503707.jpg,2020-09-20 19:49:44,Average product rating out of 5: 4.7. Product score is based on 3 ratings,3,,True
a35793f6-daa8-45c8-8adc-d8774e6f1931,Woolworths Supermarket,Health & Beauty,Neutrogena Hydro Boost Gel-cream 50g,503708,$27.00,$54.00 / 100G,https://www.woolworths.com.au/shop/productdetails/503708/neutrogena-hydro-boost-gel-cream,https://cdn0.woolworths.media/content/wowproductimages/medium/503708.jpg,2020-09-20 19:49:44,Average product rating out of 5: 5.0. Product score is based on 2 ratings,2,,True
7ea3d02c-eb63-453e-bc7f-188ad2d9b518,Woolworths Supermarket,Health & Beauty,Neutrogena Deep Clean Micellar Gel To Foam Normal To Oily Skin 142ml,503709,$17.00,$11.97 / 100ML,https://www.woolworths.com.au/shop/productdetails/503709/neutrogena-deep-clean-micellar-gel-to-foam-normal-to-oily-skin,https://cdn0.woolworths.media/content/wowproductimages/medium/503709.jpg,2020-09-20 19:49:44,Average product rating out of 5: 5.0. Product score is based on 1 ratings,1,,True
8bf2a9e6-f49f-4ac2-a454-68d88c425880,Woolworths Supermarket,Health & Beauty,Garnier Pure Active Anti Acne Charcoal 3-in-1 Wash 150ml,504775,$9.10,$6.07 / 100ML,https://www.woolworths.com.au/shop/productdetails/504775/garnier-pure-active-anti-acne-charcoal-3-in-1-wash,https://cdn0.woolworths.media/content/wowproductimages/medium/504775.jpg,2020-09-20 19:49:44,Average product rating out of 5: 4.7. Product score is based on 3 ratings,3,,True
5eb52eed-033e-4ad7-9634-2f2f64b223cc,Woolworths Supermarket,Health & Beauty,Vaseline Advanced Strength Body Lotion Fragrance Free 225ml,504801,$4.50,$2.00 / 100ML,https://www.woolworths.com.au/shop/productdetails/504801/vaseline-advanced-strength-body-lotion-fragrance-free,https://cdn0.woolworths.media/content/wowproductimages/medium/504801.jpg,2020-09-20 19:49:44,Average product rating out of 5: 4.5. Product score is based on 2 ratings,2,Was $5.00 10/09/2018,True
925ae6d2-64c7-403f-a5bf-1c09ea8de223,Woolworths Supermarket,Health & Beauty,Vaseline Advanced Strength Body Lotion Fragrance Free 750ml,504804,$10.00,$1.33 / 100ML,https://www.woolworths.com.au/shop/productdetails/504804/vaseline-advanced-strength-body-lotion-fragrance-free,https://cdn0.woolworths.media/content/wowproductimages/medium/504804.jpg,2020-09-20 19:49:44,Average product rating out of 5: 4.3. Product score is based on 7 ratings,7,Was $13.50 27/02/2017,True
3fb3c943-632c-4719-9037-438002c3c86b,Woolworths Supermarket,Health & Beauty,Body Science High Protein Bar Cookies & Cream 60g,504994,$4.00,$6.67 / 100G,https://www.woolworths.com.au/shop/productdetails/504994/body-science-high-protein-bar-cookies-cream,https://cdn0.woolworths.media/content/wowproductimages/medium/504994.jpg,2020-09-20 19:49:44,Average product rating out of 5: 4.7. Product score is based on 9 ratings,9,,True
031fa2f0-c9ac-4d62-94e6-c8a873af2d7d,Woolworths Supermarket,Health & Beauty,Mitchum Clinical 48h Cool Fresh Antiperspirant & Deodorant 45g,505006,$10.00,$22.22 / 100G,https://www.woolworths.com.au/shop/productdetails/505006/mitchum-clinical-48h-cool-fresh-antiperspirant-deodorant,https://cdn0.woolworths.media/content/wowproductimages/medium/505006.jpg,2020-09-20 19:49:44,Average product rating out of 5: 4.4. Product score is based on 8 ratings,8,Was $13.00 04/09/2017,True
d7b5dcea-58a9-4187-add8-0fa72434b53d,Woolworths Supermarket,Health & Beauty,Body Science High Protein Bar Peanut Caramel 60g,505030,$4.00,$6.67 / 100G,https://www.woolworths.com.au/shop/productdetails/505030/body-science-high-protein-bar-peanut-caramel,https://cdn0.woolworths.media/content/wowproductimages/medium/505030.jpg,2020-09-20 19:49:44,Average product rating out of 5: 4.3. Product score is based on 3 ratings,3,,True
83e44d47-6bb4-433b-9fe0-6c27a5257a34,Woolworths Supermarket,Health & Beauty,Cancer Council Watersport Spf50+ Pump 500ml,505441,$21.60,$4.32 / 100ML,https://www.woolworths.com.au/shop/productdetails/505441/cancer-council-watersport-spf50-pump,https://cdn0.woolworths.media/content/wowproductimages/medium/505441.jpg,2020-09-20 19:49:44,Average product rating out of 5: 5.0. Product score is based on 3 ratings,3,,True
1d827b72-d2c8-439c-9a84-158a8563015d,Woolworths Supermarket,Health & Beauty,Cancer Council Kid Sunscreen Spf50+ 500ml,505442,$21.60,$4.32 / 100ML,https://www.woolworths.com.au/shop/productdetails/505442/cancer-council-kid-sunscreen-spf50-,https://cdn0.woolworths.media/content/wowproductimages/medium/505442.jpg,2020-09-20 19:49:44,,0,,True
7bc642c4-f905-4a23-9cf3-e06d0ecbeb9c,Woolworths Supermarket,Health & Beauty,Dove Men Clinical Roll Deodorant Cream Clean Comfort 45ml,505771,$13.00,$28.89 / 100ML,https://www.woolworths.com.au/shop/productdetails/505771/dove-men-clinical-roll-deodorant-cream-clean-comfort,https://cdn0.woolworths.media/content/wowproductimages/medium/505771.jpg,2020-09-20 19:49:44,Average product rating out of 5: 5.0. Product score is based on 2 ratings,2,,True
4d33f824-fa38-440c-838f-690f70871d18,Woolworths Supermarket,Health & Beauty,Balnea Milk & Honey Body Wash Body Wash 500ml,505844,$2.40,$0.48 / 100ML,https://www.woolworths.com.au/shop/productdetails/505844/balnea-milk-honey-body-wash-body-wash,https://cdn0.woolworths.media/content/wowproductimages/medium/505844.jpg,2020-09-20 19:49:44,Average product rating out of 5: 3.9. Product score is based on 433 ratings,433,,True
174f1399-5b72-4167-b17d-b49a80ec01d2,Woolworths Supermarket,Health & Beauty,Balnea Wild Cherry & Raspberry Body Wash 500ml,505846,$2.40,$0.48 / 100ML,https://www.woolworths.com.au/shop/productdetails/505846/balnea-wild-cherry-raspberry-body-wash,https://cdn0.woolworths.media/content/wowproductimages/medium/505846.jpg,2020-09-20 19:49:44,Average product rating out of 5: 4.1. Product score is based on 387 ratings,387,,True
3a706f14-0e8c-4a28-ad51-deb0e6efbbce,Woolworths Supermarket,Health & Beauty,Balnea Coconut Body Wash Body Wash 1l,505848,,,https://www.woolworths.com.au/shop/productdetails/505848/balnea-coconut-body-wash-body-wash,https://cdn0.woolworths.media/content/wowproductimages/medium/505848.jpg,2020-09-20 19:49:44,Average product rating out of 5: 3.7. Product score is based on 462 ratings,462,,False
a061f968-473a-4f2e-82c2-4d0e0a3cb961,Woolworths Supermarket,Health & Beauty,Balnea Oxygen Burst Body Wash 1l,505849,$4.00,$0.40 / 100ML,https://www.woolworths.com.au/shop/productdetails/505849/balnea-oxygen-burst-body-wash,https://cdn0.woolworths.media/content/wowproductimages/medium/505849.jpg,2020-09-20 19:49:44,Average product rating out of 5: 4.1. Product score is based on 430 ratings,430,,True
a63d4cad-8e5c-4a68-b2b7-febaaf753c0c,Woolworths Supermarket,Health & Beauty,Balnea Milk & Honey Body Wash Body Wash 1l,505870,$4.00,$0.40 / 100ML,https://www.woolworths.com.au/shop/productdetails/505870/balnea-milk-honey-body-wash-body-wash,https://cdn0.woolworths.media/content/wowproductimages/medium/505870.jpg,2020-09-20 19:49:44,Average product rating out of 5: 4.7. Product score is based on 20 ratings,20,,True
1478aa54-0b48-4a3b-b722-91f4904c58e5,Woolworths Supermarket,Health & Beauty,Balnea Men's Body Wash Body Wash 1l,505871,$4.00,$0.40 / 100ML,https://www.woolworths.com.au/shop/productdetails/505871/balnea-men-s-body-wash-body-wash,https://cdn0.woolworths.media/content/wowproductimages/medium/505871.jpg,2020-09-20 19:49:44,Average product rating out of 5: 4.2. Product score is based on 326 ratings,326,,True
66ae5783-65ba-4331-930e-96208c5fec4f,Woolworths Supermarket,Health & Beauty,Balnea Lime Antibacterial Hand Wash 250ml,505876,$1.50,$0.60 / 100ML,https://www.woolworths.com.au/shop/productdetails/505876/balnea-lime-antibacterial-hand-wash,https://cdn0.woolworths.media/content/wowproductimages/medium/505876.jpg,2020-09-20 19:49:44,Average product rating out of 5: 4.5. Product score is based on 433 ratings,433,,True
60eb28c8-91d1-4ace-9ea1-dab265698dcc,Woolworths Supermarket,Health & Beauty,Balnea Original Antibacterial Hand Wash 250ml,505877,$1.50,$0.60 / 100ML,https://www.woolworths.com.au/shop/productdetails/505877/balnea-original-antibacterial-hand-wash,https://cdn0.woolworths.media/content/wowproductimages/medium/505877.jpg,2020-09-20 19:49:44,Average product rating out of 5: 5.0. Product score is based on 6 ratings,6,,True
e1770b96-ed01-46a2-96fb-b9961de8c9aa,Woolworths Supermarket,Health & Beauty,Balnea Aloe Vera Antibacterial Hand Wash 250ml,505878,$1.50,$0.60 / 100ML,https://www.woolworths.com.au/shop/productdetails/505878/balnea-aloe-vera-antibacterial-hand-wash,https://cdn0.woolworths.media/content/wowproductimages/medium/505878.jpg,2020-09-20 19:49:44,Average product rating out of 5: 4.8. Product score is based on 16 ratings,16,,True
9f83c1e9-e67b-4de8-8fe2-83412b422506,Woolworths Supermarket,Health & Beauty,Balnea Hand Sanitiser 200ml,505887,$3.50,$1.75 / 100ML,https://www.woolworths.com.au/shop/productdetails/505887/balnea-hand-sanitiser,https://cdn0.woolworths.media/content/wowproductimages/medium/505887.jpg,2020-09-20 19:49:44,Average product rating out of 5: 4.8. Product score is based on 27 ratings,27,,True
9ac97a41-ee58-493a-b578-f1207e8fce5a,Woolworths Supermarket,Health & Beauty,Balnea Sorbolene Unscented Soap 3x100g,505888,$3.00,$1.00 / 1EA,https://www.woolworths.com.au/shop/productdetails/505888/balnea-sorbolene-unscented-soap,https://cdn0.woolworths.media/content/wowproductimages/medium/505888.jpg,2020-09-20 19:49:44,Average product rating out of 5: 4.9. Product score is based on 22 ratings,22,,True
17d16d51-0cc6-4eeb-bd47-c1bb4d675d62,Woolworths Supermarket,Health & Beauty,Balnea Exfoliating Gloves each,505894,$3.80,$3.80 / 1EA,https://www.woolworths.com.au/shop/productdetails/505894/balnea-exfoliating-gloves,https://cdn0.woolworths.media/content/wowproductimages/medium/505894.jpg,2020-09-20 19:49:44,Average product rating out of 5: 4.1. Product score is based on 7 ratings,7,Designs may vary,True
14bf675c-f841-4f7c-91d8-b664111ad452,Woolworths Supermarket,Health & Beauty,Balnea Cleansing Puff each,505896,$2.50,$2.50 / 1EA,https://www.woolworths.com.au/shop/productdetails/505896/balnea-cleansing-puff,https://cdn0.woolworths.media/content/wowproductimages/medium/505896.jpg,2020-09-20 19:49:44,Average product rating out of 5: 3.8. Product score is based on 18 ratings,18,Designs may vary,True
ab84e6af-cc29-43e4-93e0-fe514df3a544,Woolworths Supermarket,Health & Beauty,L'oreal Paris Golden Age Day Cream Rosy 50ml,506517,$18.50,$37.00 / 100ML,https://www.woolworths.com.au/shop/productdetails/506517/l-oreal-paris-golden-age-day-cream-rosy,https://cdn0.woolworths.media/content/wowproductimages/medium/506517.jpg,2020-09-20 19:49:44,Average product rating out of 5: 5.0. Product score is based on 2 ratings,2,,True
f748199e-8bfe-4c65-9a6f-31ffd557f372,Woolworths Supermarket,Health & Beauty,L'oreal Paris Golden Age Night Cream Rich 50ml,506519,$18.50,$37.00 / 100ML,https://www.woolworths.com.au/shop/productdetails/506519/l-oreal-paris-golden-age-night-cream-rich,https://cdn0.woolworths.media/content/wowproductimages/medium/506519.jpg,2020-09-20 19:49:44,Average product rating out of 5: 4.8. Product score is based on 5 ratings,5,,True
6dcb6f78-fb33-493e-baf6-076de7578cb0,Woolworths Supermarket,Health & Beauty,Crankt Hplc Protein Shake Chocolate 375ml,506791,$4.00,$1.07 / 100ML,https://www.woolworths.com.au/shop/productdetails/506791/crankt-hplc-protein-shake-chocolate,https://cdn0.woolworths.media/content/wowproductimages/medium/506791.jpg,2020-09-20 19:49:44,Average product rating out of 5: 4.9. Product score is based on 14 ratings,14,,True
ad56d9e7-ae43-471d-9146-45cb0e51ab67,Woolworths Supermarket,Health & Beauty,Hydralyte Sports Drink Berry 600ml,507559,$4.00,$0.67 / 100ML,https://www.woolworths.com.au/shop/productdetails/507559/hydralyte-sports-drink-berry,https://cdn0.woolworths.media/content/wowproductimages/medium/507559.jpg,2020-09-20 19:49:44,,0,,True
f102dc07-60e7-42ca-b532-63ff2a4b1b7a,Woolworths Supermarket,Health & Beauty,Body Science High Protein Bar 60g Choc Mint 60g,508122,$4.00,$6.67 / 100G,https://www.woolworths.com.au/shop/productdetails/508122/body-science-high-protein-bar-60g-choc-mint,https://cdn0.woolworths.media/content/wowproductimages/medium/508122.jpg,2020-09-20 19:49:44,Average product rating out of 5: 4.8. Product score is based on 4 ratings,4,,True
112bd4a8-32b7-412a-99ae-ca507b683009,Woolworths Supermarket,Health & Beauty,Vital Strength Ripped Protein Powder Chocolate 600g,508134,$35.00,$5.83 / 100G,https://www.woolworths.com.au/shop/productdetails/508134/vital-strength-ripped-protein-powder-chocolate,https://cdn0.woolworths.media/content/wowproductimages/medium/508134.jpg,2020-09-20 19:49:44,Average product rating out of 5: 4.2. Product score is based on 9 ratings,9,,True
c6190596-1ded-4938-be66-12cf4e617a54,Woolworths Supermarket,Health & Beauty,Vital Strength Ripped Protein Powder Vanilla 600g,508138,$35.00,$5.83 / 100G,https://www.woolworths.com.au/shop/productdetails/508138/vital-strength-ripped-protein-powder-vanilla,https://cdn0.woolworths.media/content/wowproductimages/medium/508138.jpg,2020-09-20 19:49:44,Average product rating out of 5: 3.0. Product score is based on 2 ratings,2,,True
688e9983-8b8a-4d41-b0f2-7ace53170c74,Woolworths Supermarket,Health & Beauty,David Beckham Instinct Deodorant Body Spray 150ml,511539,$8.00,$5.33 / 100ML,https://www.woolworths.com.au/shop/productdetails/511539/david-beckham-instinct-deodorant-body-spray,https://cdn0.woolworths.media/content/wowproductimages/medium/511539.jpg,2020-09-20 19:49:44,Average product rating out of 5: 4.6. Product score is based on 8 ratings,8,,True
ad3e6ca1-002e-4c95-ac6b-5648c3db6f14,Woolworths Supermarket,Health & Beauty,David Beckham Intimately Deodorant Body Spray 150ml,511660,$8.00,$5.33 / 100ML,https://www.woolworths.com.au/shop/productdetails/511660/david-beckham-intimately-deodorant-body-spray,https://cdn0.woolworths.media/content/wowproductimages/medium/511660.jpg,2020-09-20 19:49:44,Average product rating out of 5: 3.8. Product score is based on 6 ratings,6,,True
46188eb4-48da-4f2f-a14f-e2f946368212,Woolworths Supermarket,Health & Beauty,David Beckham Classic Deodorant Body Spray 150ml,511663,$8.00,$5.33 / 100ML,https://www.woolworths.com.au/shop/productdetails/511663/david-beckham-classic-deodorant-body-spray,https://cdn0.woolworths.media/content/wowproductimages/medium/511663.jpg,2020-09-20 19:49:44,Average product rating out of 5: 2.0. Product score is based on 1 ratings,1,,True
23884113-ce08-4b47-8496-0cb746c98a6c,Woolworths Supermarket,Health & Beauty,Rimmel London Scandal Eyes Reloaded 12ml,515761,$18.00,$15.00 / 10ML,https://www.woolworths.com.au/shop/productdetails/515761/rimmel-london-scandal-eyes-reloaded,https://cdn0.woolworths.media/content/wowproductimages/medium/515761.jpg,2020-09-20 19:49:44,Average product rating out of 5: 3.0. Product score is based on 1 ratings,1,,True
2429e3f7-33e3-4b86-9e86-c5fe9cbae29c,Woolworths Supermarket,Health & Beauty,Voeu Aloe Avocado & Cucumber Body Lotion 400ml,517158,$5.00,$1.25 / 100ML,https://www.woolworths.com.au/shop/productdetails/517158/voeu-aloe-avocado-cucumber-body-lotion,https://cdn0.woolworths.media/content/wowproductimages/medium/517158.jpg,2020-09-20 19:49:44,Average product rating out of 5: 4.0. Product score is based on 2 ratings,2,,True
273fc54f-5117-49bb-9674-8f28debfd77f,Woolworths Supermarket,Health & Beauty,Voeu Facial Gel Wash Normal Or Combination Skin 150ml,517806,$4.00,$2.67 / 100ML,https://www.woolworths.com.au/shop/productdetails/517806/voeu-facial-gel-wash-normal-or-combination-skin,https://cdn0.woolworths.media/content/wowproductimages/medium/517806.jpg,2020-09-20 19:49:44,Average product rating out of 5: 4.8. Product score is based on 5 ratings,5,,True
b1638bb1-4912-4d28-914e-899bc09e6eb5,Woolworths Supermarket,Health & Beauty,Voeu Cleansing Cream Wash Dry & Sensitive Skin 150ml,517807,$4.00,$2.67 / 100ML,https://www.woolworths.com.au/shop/productdetails/517807/voeu-cleansing-cream-wash-dry-sensitive-skin,https://cdn0.woolworths.media/content/wowproductimages/medium/517807.jpg,2020-09-20 19:49:44,Average product rating out of 5: 4.1. Product score is based on 7 ratings,7,,True
13f02777-5c6f-44a6-88ab-1c74723035c1,Woolworths Supermarket,Health & Beauty,Voeu Micellar Water 200ml,517809,$4.00,$2.00 / 100ML,https://www.woolworths.com.au/shop/productdetails/517809/voeu-micellar-water,https://cdn0.woolworths.media/content/wowproductimages/medium/517809.jpg,2020-09-20 19:49:44,Average product rating out of 5: 4.7. Product score is based on 6 ratings,6,,True
fbf70199-13da-47cd-a5c5-7b1a72353a33,Woolworths Supermarket,Health & Beauty,Voeu Exfoliating Scrub 150ml,517830,$4.00,$2.67 / 100ML,https://www.woolworths.com.au/shop/productdetails/517830/voeu-exfoliating-scrub,https://cdn0.woolworths.media/content/wowproductimages/medium/517830.jpg,2020-09-20 19:49:44,Average product rating out of 5: 4.9. Product score is based on 16 ratings,16,,True
b12459bc-cd44-47b9-881a-557c9729e17d,Woolworths Supermarket,Health & Beauty,Voeu Age Regenerate Anti-ageing Eye Cream 15ml,518430,$7.00,$46.67 / 100ML,https://www.woolworths.com.au/shop/productdetails/518430/voeu-age-regenerate-anti-ageing-eye-cream,https://cdn0.woolworths.media/content/wowproductimages/medium/518430.jpg,2020-09-20 19:49:44,Average product rating out of 5: 3.8. Product score is based on 584 ratings,584,Was $8.00 13/08/2018,True
bac9ecb4-bbe1-44db-b963-bc6d8efaac13,Woolworths Supermarket,Health & Beauty,Voeu Age Regenerate Anti-ageing Day Moisturiser 50ml,518431,$7.00,$14.00 / 100ML,https://www.woolworths.com.au/shop/productdetails/518431/voeu-age-regenerate-anti-ageing-day-moisturiser,https://cdn0.woolworths.media/content/wowproductimages/medium/518431.jpg,2020-09-20 19:49:44,Average product rating out of 5: 4.0. Product score is based on 591 ratings,591,Was $8.00 13/08/2018,True
17191ee6-c763-4bcf-9a31-24c1f0e60435,Woolworths Supermarket,Health & Beauty,Selsun Gold Anti-dandruff Medically Proven Treatment 200ml,205490,$11.00,$5.50 / 100ML,https://www.woolworths.com.au/shop/productdetails/205490/selsun-gold-anti-dandruff-medically-proven-treatment,https://cdn0.woolworths.media/content/wowproductimages/medium/205490.jpg,2020-09-20 19:49:44,Average product rating out of 5: 4.8. Product score is based on 17 ratings,17,,True
de4dbeeb-b0a9-4a44-bfa1-f0b7790723b4,Woolworths Supermarket,Health & Beauty,Nivea All Purpose Cream Moisturiser For Body Face & Hands 150ml,567622,$8.00,$5.33 / 100ML,https://www.woolworths.com.au/shop/productdetails/567622/nivea-all-purpose-cream-moisturiser-for-body-face-hands,https://cdn0.woolworths.media/content/wowproductimages/medium/567622.jpg,2020-09-20 19:49:44,Average product rating out of 5: 4.8. Product score is based on 6 ratings,6,,True
18a0dd47-b6cd-4898-9abc-3507b7472613,Woolworths Supermarket,Health & Beauty,John Frieda Detox & Repair Shampoo 250ml,081915,$18.00,$7.20 / 100ML,https://www.woolworths.com.au/shop/productdetails/81915/john-frieda-detox-repair-shampoo,https://cdn0.woolworths.media/content/wowproductimages/medium/081915.jpg,2020-09-20 19:49:44,Average product rating out of 5: 5.0. Product score is based on 1 ratings,1,,True
9940a31c-5805-4f95-9ff0-8c87613ed616,Woolworths Supermarket,Health & Beauty,John Frieda Detox & Repair Conditioner 250ml,081916,$18.00,$7.20 / 100ML,https://www.woolworths.com.au/shop/productdetails/81916/john-frieda-detox-repair-conditioner,https://cdn0.woolworths.media/content/wowproductimages/medium/081916.jpg,2020-09-20 19:49:44,Average product rating out of 5: 5.0. Product score is based on 1 ratings,1,,True
bd5ae3b3-0459-4737-9119-a544620026c3,Woolworths Supermarket,Health & Beauty,Olay Moisturising Cream Sensitive Skin 100g,004752,$13.00,$13.00 / 100G,https://www.woolworths.com.au/shop/productdetails/4752/olay-moisturising-cream-sensitive-skin,https://cdn0.woolworths.media/content/wowproductimages/medium/004752.jpg,2020-09-20 19:49:44,Average product rating out of 5: 5.0. Product score is based on 9 ratings,9,Was $15.30 27/02/2017,True
1d7c9f1b-b33d-4166-adaa-9896dfaa7231,Woolworths Supermarket,Health & Beauty,Vo5 Hairspray Extra Hold 200g,173977,$4.00,$2.00 / 100G,https://www.woolworths.com.au/shop/productdetails/173977/vo5-hairspray-extra-hold,https://cdn0.woolworths.media/content/wowproductimages/medium/173977.jpg,2020-09-20 19:49:44,Average product rating out of 5: 4.6. Product score is based on 14 ratings,14,Was $4.70 25/09/2017,True
1dcb5f5c-4451-4e26-b323-7b152d4150ac,Woolworths Supermarket,Health & Beauty,Tena Active Panty Liners Long 39 pack,250400,$5.00,$0.13 / 1EA,https://www.woolworths.com.au/shop/productdetails/250400/tena-active-panty-liners-long,https://cdn0.woolworths.media/content/wowproductimages/medium/250400.jpg,2020-09-20 19:49:44,,0,,True
769caf7f-8133-4926-87ac-789fc7df52f8,Woolworths Supermarket,Health & Beauty,Nivea Repair & Protect Moisturising Lip Balm With Spf15 4.8g,188405,$4.00,$83.33 / 100G,https://www.woolworths.com.au/shop/productdetails/188405/nivea-repair-protect-moisturising-lip-balm-with-spf15,https://cdn0.woolworths.media/content/wowproductimages/medium/188405.jpg,2020-09-20 19:49:44,Average product rating out of 5: 4.8. Product score is based on 11 ratings,11,,True
fe9bf057-0b8e-4141-bc4a-7d56740d71a7,Woolworths Supermarket,Health & Beauty,Piksters Dental Floss Interdental Brush Large 10 pack,377295,$6.50,$0.65 / 1EA,https://www.woolworths.com.au/shop/productdetails/377295/piksters-dental-floss-interdental-brush-large,https://cdn0.woolworths.media/content/wowproductimages/medium/377295.jpg,2020-09-20 19:49:44,Average product rating out of 5: 5.0. Product score is based on 5 ratings,5,,True
184e5cae-fdd2-4e1d-9cd4-c017f48fb6a1,Woolworths Supermarket,Health & Beauty,Australian Botanical Soap Goats Milk 200g,781811,$4.00,$2.00 / 100G,https://www.woolworths.com.au/shop/productdetails/781811/australian-botanical-soap-goats-milk,https://cdn0.woolworths.media/content/wowproductimages/medium/781811.jpg,2020-09-20 19:49:44,Average product rating out of 5: 4.6. Product score is based on 26 ratings,26,,True
80eefe02-e1da-4278-84ad-413e9e8c78a9,Woolworths Supermarket,Health & Beauty,Pears Soap Bar Transparent 3x125g,236128,$6.00,$1.60 / 100G,https://www.woolworths.com.au/shop/productdetails/236128/pears-soap-bar-transparent,https://cdn0.woolworths.media/content/wowproductimages/medium/236128.jpg,2020-09-20 19:49:44,Average product rating out of 5: 4.7. Product score is based on 34 ratings,34,,True
54a26a2c-33a7-4da6-b0b3-6db3baf8fdbe,Woolworths Supermarket,Health & Beauty,Go Natural Beauty Capsules 30 pack,058197,$20.00,$66.67 / 100EA,https://www.woolworths.com.au/shop/productdetails/58197/go-natural-beauty-capsules,https://cdn0.woolworths.media/content/wowproductimages/medium/058197.jpg,2020-09-20 19:49:44,,0,,True
ca7aa19f-e895-4c24-ae1f-d1740286482a,Woolworths Supermarket,Health & Beauty,Funtime Kids Bubble Bath Space Bubbles 1l,127073,$2.15,$0.22 / 100ML,https://www.woolworths.com.au/shop/productdetails/127073/funtime-kids-bubble-bath-space-bubbles,https://cdn0.woolworths.media/content/wowproductimages/medium/127073.jpg,2020-09-20 19:49:44,Average product rating out of 5: 4.6. Product score is based on 41 ratings,41,,True
230e5b01-5334-462a-af0c-bc3cf9cf4301,Woolworths Supermarket,Health & Beauty,Go Natural Immune Capsules 30 pack,058188,$20.00,$66.67 / 100EA,https://www.woolworths.com.au/shop/productdetails/58188/go-natural-immune-capsules,https://cdn0.woolworths.media/content/wowproductimages/medium/058188.jpg,2020-09-20 19:49:44,Average product rating out of 5: 5.0. Product score is based on 2 ratings,2,,True
2e40c202-d74a-4225-9d2a-1d42ad998fff,Woolworths Supermarket,Health & Beauty,Nature's Way Kids Smart Complete 50 pack,345773,$19.00,$38.00 / 100EA,https://www.woolworths.com.au/shop/productdetails/345773/nature-s-way-kids-smart-complete,https://cdn0.woolworths.media/content/wowproductimages/medium/345773.jpg,2020-09-20 19:49:44,Average product rating out of 5: 3.3. Product score is based on 4 ratings,4,,True
77ee6bf3-99da-48ad-8e5c-aeb9742ee9d2,Woolworths Supermarket,Health & Beauty,Blackmores Executive B Tablets 125 pack,192702,$33.80,$27.04 / 100EA,https://www.woolworths.com.au/shop/productdetails/192702/blackmores-executive-b-tablets,https://cdn0.woolworths.media/content/wowproductimages/medium/192702.jpg,2020-09-20 19:49:44,Average product rating out of 5: 4.6. Product score is based on 20 ratings,20,,True
2096c007-a254-48ef-9d8f-d789ddbd21dc,Woolworths Supermarket,Health & Beauty,Bach Remedy Stress Relief Pastill Blackcurrant 50g,769751,$13.00,$26.00 / 100G,https://www.woolworths.com.au/shop/productdetails/769751/bach-remedy-stress-relief-pastill-blackcurrant,https://cdn0.woolworths.media/content/wowproductimages/medium/769751.jpg,2020-09-20 19:49:44,Average product rating out of 5: 5.0. Product score is based on 4 ratings,4,,True
73424be8-59df-4197-b974-37cc6ed91804,Woolworths Supermarket,Health & Beauty,Oscar Orsen Large Thin Hair Elastics Blonde 30 pack,608716,$5.60,,https://www.woolworths.com.au/shop/productdetails/608716/oscar-orsen-large-thin-hair-elastics-blonde,https://cdn0.woolworths.media/content/wowproductimages/medium/608716.jpg,2020-09-20 19:49:44,,0,,True
e6ef44b1-df8d-4ff1-8966-d2119601987e,Woolworths Supermarket,Health & Beauty,John Frieda Treatment Frizz Ease Xtra Strength Serum 50ml,784922,$17.00,$34.00 / 100ML,https://www.woolworths.com.au/shop/productdetails/784922/john-frieda-treatment-frizz-ease-xtra-strength-serum,https://cdn0.woolworths.media/content/wowproductimages/medium/784922.jpg,2020-09-20 19:49:44,Average product rating out of 5: 4.6. Product score is based on 7 ratings,7,,True
638e4e84-9e44-4bfc-8ea6-2a38d805b66a,Woolworths Supermarket,Health & Beauty,Schwarzkopf Extra Care Ultimate Repair Hair Mask 300ml,683979,$10.00,$3.33 / 100ML,https://www.woolworths.com.au/shop/productdetails/683979/schwarzkopf-extra-care-ultimate-repair-hair-mask,https://cdn0.woolworths.media/content/wowproductimages/medium/683979.jpg,2020-09-20 19:49:44,Average product rating out of 5: 4.0. Product score is based on 4 ratings,4,,True
2c1e11c5-be80-4e83-a556-3111a5c76114,Woolworths Supermarket,Health & Beauty,Voeu Age Regenerate Anti-ageing Night Moisturiser 50ml,518433,$7.00,$14.00 / 100ML,https://www.woolworths.com.au/shop/productdetails/518433/voeu-age-regenerate-anti-ageing-night-moisturiser,https://cdn0.woolworths.media/content/wowproductimages/medium/518433.jpg,2020-09-20 19:49:44,Average product rating out of 5: 4.7. Product score is based on 7 ratings,7,Was $8.00 13/08/2018,True
d34bba41-dab2-42d6-b710-4e4ea15f81c9,Woolworths Supermarket,Health & Beauty,Nicabate Quit Smoking Extra Fresh Mint Gum 2 Mg 100 pack,519447,$28.00,$28.00 / 100EA,https://www.woolworths.com.au/shop/productdetails/519447/nicabate-quit-smoking-extra-fresh-mint-gum-2-mg,https://cdn0.woolworths.media/content/wowproductimages/medium/519447.jpg,2020-09-20 19:49:44,Average product rating out of 5: 5.0. Product score is based on 1 ratings,1,Was $33.00 23/09/2019,True
3839b19f-3a6f-4a25-b2cc-bcab6f1db78f,Woolworths Supermarket,Health & Beauty,Nicabate Quit Smoking Extra Fresh Mint Gum 4 Mg 100 pack,519449,$28.00,$28.00 / 100EA,https://www.woolworths.com.au/shop/productdetails/519449/nicabate-quit-smoking-extra-fresh-mint-gum-4-mg,https://cdn0.woolworths.media/content/wowproductimages/medium/519449.jpg,2020-09-20 19:49:44,Average product rating out of 5: 5.0. Product score is based on 1 ratings,1,Was $33.00 23/09/2019,True
643944d6-fd2a-4b52-a69c-71aee3e3d94b,Woolworths Supermarket,Health & Beauty,Nurofen For Children 7+ Yrs Chewable Ibuprofen Orange 12 pack,520049,$10.00,$83.33 / 100EA,https://www.woolworths.com.au/shop/productdetails/520049/nurofen-for-children-7-yrs-chewable-ibuprofen-orange,https://cdn0.woolworths.media/content/wowproductimages/medium/520049.jpg,2020-09-20 19:49:44,Average product rating out of 5: 5.0. Product score is based on 1 ratings,1,,True
bc5b25be-6076-448d-999e-e3e8c60b2ba0,Woolworths Supermarket,Health & Beauty,Nurofen For Children 7+ Yrs Chewable Ibuprofen Orange 24 pack,520201,$18.00,$75.00 / 100EA,https://www.woolworths.com.au/shop/productdetails/520201/nurofen-for-children-7-yrs-chewable-ibuprofen-orange,https://cdn0.woolworths.media/content/wowproductimages/medium/520201.jpg,2020-09-20 19:49:44,Average product rating out of 5: 5.0. Product score is based on 4 ratings,4,,True
9a7e7390-21e4-4fb2-9ebd-c6b93de8b232,Woolworths Supermarket,Health & Beauty,Nature's Way Activated Curcumin 30 pack,531547,$27.00,$90.00 / 100EA,https://www.woolworths.com.au/shop/productdetails/531547/nature-s-way-activated-curcumin,https://cdn0.woolworths.media/content/wowproductimages/medium/531547.jpg,2020-09-20 19:49:44,Average product rating out of 5: 5.0. Product score is based on 4 ratings,4,,True
61179800-a846-4377-8a5a-7371f73f9717,Woolworths Supermarket,Health & Beauty,Nature's Way Beauty Collagen Gummies 40 pack,531548,$20.00,$50.00 / 100EA,https://www.woolworths.com.au/shop/productdetails/531548/nature-s-way-beauty-collagen-gummies,https://cdn0.woolworths.media/content/wowproductimages/medium/531548.jpg,2020-09-20 19:49:44,Average product rating out of 5: 5.0. Product score is based on 3 ratings,3,,True
2e90be88-e2e9-4b4b-90f0-dcd7f4edc153,Woolworths Supermarket,Health & Beauty,Cenovis Once Daily Men's Multi Capsules 50 pack,532114,$8.00,$16.00 / 100EA,https://www.woolworths.com.au/shop/productdetails/532114/cenovis-once-daily-men-s-multi-capsules,https://cdn0.woolworths.media/content/wowproductimages/medium/532114.jpg,2020-09-20 19:49:44,Average product rating out of 5: 4.5. Product score is based on 2 ratings,2,,True
5f4cd340-7172-47ae-a686-77041d093a16,Woolworths Supermarket,Health & Beauty,Cenovis Once Daily Women's Multi Capsules 50 pack,532118,$8.00,$16.00 / 100EA,https://www.woolworths.com.au/shop/productdetails/532118/cenovis-once-daily-women-s-multi-capsules,https://cdn0.woolworths.media/content/wowproductimages/medium/532118.jpg,2020-09-20 19:49:44,Average product rating out of 5: 4.0. Product score is based on 2 ratings,2,,True
1ff625d9-366b-48d9-a1ee-bf4b1e944735,Woolworths Supermarket,Health & Beauty,Cenovis Once Daily Men's Multi Capsules 100 pack,532198,$18.00,$18.00 / 100EA,https://www.woolworths.com.au/shop/productdetails/532198/cenovis-once-daily-men-s-multi-capsules,https://cdn0.woolworths.media/content/wowproductimages/medium/532198.jpg,2020-09-20 19:49:44,Average product rating out of 5: 3.0. Product score is based on 2 ratings,2,Was $23.95  07/11/2016,True
5448c493-d97e-471e-985c-462ed40a6918,Woolworths Supermarket,Health & Beauty,Cenovis Once Daily 50+ Multi Capsules 100 pack,532342,$18.00,$18.00 / 100EA,https://www.woolworths.com.au/shop/productdetails/532342/cenovis-once-daily-50-multi-capsules,https://cdn0.woolworths.media/content/wowproductimages/medium/532342.jpg,2020-09-20 19:49:44,Average product rating out of 5: 4.7. Product score is based on 3 ratings,3,Was $23.95  07/11/2016,True
70b5fcbf-3896-4715-aa11-a0d523eb1b55,Woolworths Supermarket,Health & Beauty,L'oreal Paris Pure Clay Detoxifing & Brightening Charcoal Mask 50ml,533683,$10.00,$20.00 / 100ML,https://www.woolworths.com.au/shop/productdetails/533683/l-oreal-paris-pure-clay-detoxifing-brightening-charcoal-mask,https://cdn0.woolworths.media/content/wowproductimages/medium/533683.jpg,2020-09-20 19:49:44,Average product rating out of 5: 4.5. Product score is based on 2 ratings,2,,True
bc5a30c0-c636-4f1d-a7a6-8d78280f24cf,Woolworths Supermarket,Health & Beauty,Cancer Council Active Pink Sunscreen Spf 50 Plus 110ml,541474,$10.00,$9.09 / 100ML,https://www.woolworths.com.au/shop/productdetails/541474/cancer-council-active-pink-sunscreen-spf-50-plus,https://cdn0.woolworths.media/content/wowproductimages/medium/541474.jpg,2020-09-20 19:49:44,,0,,True
915e2eeb-ff4f-4aa5-a35a-b62e18f3a1be,Woolworths Supermarket,Health & Beauty,Rimmel Extra Super Long Lash Mascara Black 8ml,550039,$13.00,$16.25 / 10ML,https://www.woolworths.com.au/shop/productdetails/550039/rimmel-extra-super-long-lash-mascara-black,https://cdn0.woolworths.media/content/wowproductimages/medium/550039.jpg,2020-09-20 19:49:44,,0,,True
7647e2d8-57d0-469a-95c0-2cdaf772a9af,Woolworths Supermarket,Health & Beauty,Mcobeauty Long Lasting Pressed Powder Invisible Matte Nude Beige 14.5g,556530,$8.75,$6.03 / 10G,https://www.woolworths.com.au/shop/productdetails/556530/mcobeauty-long-lasting-pressed-powder-invisible-matte-nude-beige,https://cdn0.woolworths.media/content/wowproductimages/medium/556530.jpg,2020-09-20 19:49:44,,0,,True
a66c45f5-0f2d-440d-85c8-87dafc583fe1,Woolworths Supermarket,Health & Beauty,Rexona Women Antiperspirant Aerosol Deodorant Sexy Bouquet 50ml,557929,$4.00,$8.00 / 100ML,https://www.woolworths.com.au/shop/productdetails/557929/rexona-women-antiperspirant-aerosol-deodorant-sexy-bouquet,https://cdn0.woolworths.media/content/wowproductimages/medium/557929.jpg,2020-09-20 19:49:44,,0,,True
5574dd4c-54b2-475d-88b4-fc8eeb22c491,Woolworths Supermarket,Health & Beauty,Platinum Base Blending Brush each,557947,$12.00,$12.00 / 1EA,https://www.woolworths.com.au/shop/productdetails/557947/platinum-base-blending-brush,https://cdn0.woolworths.media/content/wowproductimages/medium/557947.jpg,2020-09-20 19:49:44,,0,Was $15.00 11/02/2019,True
61bf517b-46c4-45fc-a801-5b192506f844,Woolworths Supermarket,Health & Beauty,Platinum Powder Brush each,557951,$12.00,$12.00 / 1EA,https://www.woolworths.com.au/shop/productdetails/557951/platinum-powder-brush,https://cdn0.woolworths.media/content/wowproductimages/medium/557951.jpg,2020-09-20 19:49:44,Average product rating out of 5: 3.5. Product score is based on 2 ratings,2,Was $20.00 11/02/2019,True
53d5468a-ffa2-4907-ad66-125a6657a3f7,Woolworths Supermarket,Health & Beauty,Platinum Blush Brush each,557952,$12.00,$12.00 / 1EA,https://www.woolworths.com.au/shop/productdetails/557952/platinum-blush-brush,https://cdn0.woolworths.media/content/wowproductimages/medium/557952.jpg,2020-09-20 19:49:44,,0,Was $19.00 11/02/2019,True
b8b3f6ed-24a4-41f5-85fc-88364ee712ca,Woolworths Supermarket,Health & Beauty,Platinum Flawless Precision Duo Sponge each,557954,$7.50,$7.50 / 1EA,https://www.woolworths.com.au/shop/productdetails/557954/platinum-flawless-precision-duo-sponge,https://cdn0.woolworths.media/content/wowproductimages/medium/557954.jpg,2020-09-20 19:49:44,Average product rating out of 5: 5.0. Product score is based on 2 ratings,2,Was $10.00 11/02/2019,True
4e1aaecb-83f2-4f92-82c9-aae1856680a5,Woolworths Supermarket,Health & Beauty,Maybelline Lash Sensational Lengthening Mascara - Blackest Black 9.5ml,558945,$13.80,$14.53 / 10ML,https://www.woolworths.com.au/shop/productdetails/558945/maybelline-lash-sensational-lengthening-mascara-blackest-black,https://cdn0.woolworths.media/content/wowproductimages/medium/558945.jpg,2020-09-20 19:49:44,Average product rating out of 5: 4.3. Product score is based on 3 ratings,3,,True
17809b12-2d9d-41aa-886e-e5f347f695af,Woolworths Supermarket,Health & Beauty,Maybelline Colossal Big Shot Volumizing Mascara - Baddest Black 9.5ml,558977,$10.00,$10.53 / 10ML,https://www.woolworths.com.au/shop/productdetails/558977/maybelline-colossal-big-shot-volumizing-mascara-baddest-black,https://cdn0.woolworths.media/content/wowproductimages/medium/558977.jpg,2020-09-20 19:49:44,Average product rating out of 5: 5.0. Product score is based on 4 ratings,4,,True
0fe72b18-60d7-447b-b112-5561340ea7a7,Woolworths Supermarket,Health & Beauty,Mud High Definition Waterproof Mascara 11g,558979,$4.50,$4.09 / 10G,https://www.woolworths.com.au/shop/productdetails/558979/mud-high-definition-waterproof-mascara,https://cdn0.woolworths.media/content/wowproductimages/medium/558979.jpg,2020-09-20 19:49:44,Average product rating out of 5: 4.0. Product score is based on 1 ratings,1,Was $5.00 08/05/2017,True
1f170371-07aa-46ee-8680-7b1dfdb6c867,Woolworths Supermarket,Health & Beauty,Rimmel Provocalips Make Your Move 7ml,560532,$19.00,$27.14 / 10ML,https://www.woolworths.com.au/shop/productdetails/560532/rimmel-provocalips-make-your-move,https://cdn0.woolworths.media/content/wowproductimages/medium/560532.jpg,2020-09-20 19:49:44,Average product rating out of 5: 4.7. Product score is based on 3 ratings,3,,True
18e08c03-f86c-4783-be0d-ae4539e5bc62,Woolworths Supermarket,Health & Beauty,Selsun Gold Anti-dandruff Medically Proven Treatment 200ml,205490,$11.00,$5.50 / 100ML,https://www.woolworths.com.au/shop/productdetails/205490/selsun-gold-anti-dandruff-medically-proven-treatment,https://cdn0.woolworths.media/content/wowproductimages/medium/205490.jpg,2020-09-20 19:49:44,Average product rating out of 5: 4.8. Product score is based on 17 ratings,17,,True
6862daee-9ca3-49cf-8555-67b30929df33,Woolworths Supermarket,Health & Beauty,Nivea All Purpose Cream Moisturiser For Body Face & Hands 150ml,567622,$8.00,$5.33 / 100ML,https://www.woolworths.com.au/shop/productdetails/567622/nivea-all-purpose-cream-moisturiser-for-body-face-hands,https://cdn0.woolworths.media/content/wowproductimages/medium/567622.jpg,2020-09-20 19:49:44,Average product rating out of 5: 4.8. Product score is based on 6 ratings,6,,True
a9a8c2e8-5d6a-4c4d-afc2-3b6e944c7038,Woolworths Supermarket,Health & Beauty,John Frieda Detox & Repair Shampoo 250ml,081915,$18.00,$7.20 / 100ML,https://www.woolworths.com.au/shop/productdetails/81915/john-frieda-detox-repair-shampoo,https://cdn0.woolworths.media/content/wowproductimages/medium/081915.jpg,2020-09-20 19:49:44,Average product rating out of 5: 5.0. Product score is based on 1 ratings,1,,True
58fa305d-dd16-4259-b52b-4a4f8afb96a8,Woolworths Supermarket,Health & Beauty,John Frieda Detox & Repair Conditioner 250ml,081916,$18.00,$7.20 / 100ML,https://www.woolworths.com.au/shop/productdetails/81916/john-frieda-detox-repair-conditioner,https://cdn0.woolworths.media/content/wowproductimages/medium/081916.jpg,2020-09-20 19:49:44,Average product rating out of 5: 5.0. Product score is based on 1 ratings,1,,True
1abda9bc-eb39-4b61-ab8c-1ead594c2324,Woolworths Supermarket,Health & Beauty,Olay Moisturising Cream Sensitive Skin 100g,004752,$13.00,$13.00 / 100G,https://www.woolworths.com.au/shop/productdetails/4752/olay-moisturising-cream-sensitive-skin,https://cdn0.woolworths.media/content/wowproductimages/medium/004752.jpg,2020-09-20 19:49:44,Average product rating out of 5: 5.0. Product score is based on 9 ratings,9,Was $15.30 27/02/2017,True
75bb926e-a43a-4001-9f7b-16dee6468b2a,Woolworths Supermarket,Health & Beauty,Vo5 Hairspray Extra Hold 200g,173977,$4.00,$2.00 / 100G,https://www.woolworths.com.au/shop/productdetails/173977/vo5-hairspray-extra-hold,https://cdn0.woolworths.media/content/wowproductimages/medium/173977.jpg,2020-09-20 19:49:44,Average product rating out of 5: 4.6. Product score is based on 14 ratings,14,Was $4.70 25/09/2017,True
0b40d344-3136-43e6-aa2e-1d851a939318,Woolworths Supermarket,Health & Beauty,Tena Active Panty Liners Long 39 pack,250400,$5.00,$0.13 / 1EA,https://www.woolworths.com.au/shop/productdetails/250400/tena-active-panty-liners-long,https://cdn0.woolworths.media/content/wowproductimages/medium/250400.jpg,2020-09-20 19:49:44,,0,,True
1dcbb3d0-599a-42be-a1b7-e08d3e73762d,Woolworths Supermarket,Health & Beauty,Nivea Repair & Protect Moisturising Lip Balm With Spf15 4.8g,188405,$4.00,$83.33 / 100G,https://www.woolworths.com.au/shop/productdetails/188405/nivea-repair-protect-moisturising-lip-balm-with-spf15,https://cdn0.woolworths.media/content/wowproductimages/medium/188405.jpg,2020-09-20 19:49:44,Average product rating out of 5: 4.8. Product score is based on 11 ratings,11,,True
2f2b8c02-1062-489b-911a-361cdd0d4c42,Woolworths Supermarket,Health & Beauty,Piksters Dental Floss Interdental Brush Large 10 pack,377295,$6.50,$0.65 / 1EA,https://www.woolworths.com.au/shop/productdetails/377295/piksters-dental-floss-interdental-brush-large,https://cdn0.woolworths.media/content/wowproductimages/medium/377295.jpg,2020-09-20 19:49:44,Average product rating out of 5: 5.0. Product score is based on 5 ratings,5,,True
05482b46-e6f2-4df9-8191-20b7e827f82e,Woolworths Supermarket,Health & Beauty,Australian Botanical Soap Goats Milk 200g,781811,$4.00,$2.00 / 100G,https://www.woolworths.com.au/shop/productdetails/781811/australian-botanical-soap-goats-milk,https://cdn0.woolworths.media/content/wowproductimages/medium/781811.jpg,2020-09-20 19:49:44,Average product rating out of 5: 4.6. Product score is based on 26 ratings,26,,True
71758641-98db-4ac4-9114-4170a678e7d8,Woolworths Supermarket,Health & Beauty,Pears Soap Bar Transparent 3x125g,236128,$6.00,$1.60 / 100G,https://www.woolworths.com.au/shop/productdetails/236128/pears-soap-bar-transparent,https://cdn0.woolworths.media/content/wowproductimages/medium/236128.jpg,2020-09-20 19:49:44,Average product rating out of 5: 4.7. Product score is based on 34 ratings,34,,True
94db07ca-d7e1-4a3f-b02e-f54d49b2c48e,Woolworths Supermarket,Health & Beauty,Go Natural Beauty Capsules 30 pack,058197,$20.00,$66.67 / 100EA,https://www.woolworths.com.au/shop/productdetails/58197/go-natural-beauty-capsules,https://cdn0.woolworths.media/content/wowproductimages/medium/058197.jpg,2020-09-20 19:49:44,,0,,True
01350ac8-e0f2-42fa-b1c8-b8dfbe1999f3,Woolworths Supermarket,Health & Beauty,Funtime Kids Bubble Bath Space Bubbles 1l,127073,$2.15,$0.22 / 100ML,https://www.woolworths.com.au/shop/productdetails/127073/funtime-kids-bubble-bath-space-bubbles,https://cdn0.woolworths.media/content/wowproductimages/medium/127073.jpg,2020-09-20 19:49:44,Average product rating out of 5: 4.6. Product score is based on 41 ratings,41,,True
79792fd8-d5c5-43b7-9748-29b3c38b1c65,Woolworths Supermarket,Health & Beauty,Go Natural Immune Capsules 30 pack,058188,$20.00,$66.67 / 100EA,https://www.woolworths.com.au/shop/productdetails/58188/go-natural-immune-capsules,https://cdn0.woolworths.media/content/wowproductimages/medium/058188.jpg,2020-09-20 19:49:44,Average product rating out of 5: 5.0. Product score is based on 2 ratings,2,,True
90881591-5781-48d2-b68d-2c7113217319,Woolworths Supermarket,Health & Beauty,Nature's Way Kids Smart Complete 50 pack,345773,$19.00,$38.00 / 100EA,https://www.woolworths.com.au/shop/productdetails/345773/nature-s-way-kids-smart-complete,https://cdn0.woolworths.media/content/wowproductimages/medium/345773.jpg,2020-09-20 19:49:44,Average product rating out of 5: 3.3. Product score is based on 4 ratings,4,,True
1260022f-fc17-4622-8380-5edb7c121993,Woolworths Supermarket,Health & Beauty,Blackmores Executive B Tablets 125 pack,192702,$33.80,$27.04 / 100EA,https://www.woolworths.com.au/shop/productdetails/192702/blackmores-executive-b-tablets,https://cdn0.woolworths.media/content/wowproductimages/medium/192702.jpg,2020-09-20 19:49:44,Average product rating out of 5: 4.6. Product score is based on 20 ratings,20,,True
e0938349-2df5-4ba8-be4d-6f635ef555b7,Woolworths Supermarket,Health & Beauty,Bach Remedy Stress Relief Pastill Blackcurrant 50g,769751,$13.00,$26.00 / 100G,https://www.woolworths.com.au/shop/productdetails/769751/bach-remedy-stress-relief-pastill-blackcurrant,https://cdn0.woolworths.media/content/wowproductimages/medium/769751.jpg,2020-09-20 19:49:44,Average product rating out of 5: 5.0. Product score is based on 4 ratings,4,,True
6e2c6e95-f510-4d6d-a408-4a566629ee12,Woolworths Supermarket,Health & Beauty,Oscar Orsen Large Thin Hair Elastics Blonde 30 pack,608716,$5.60,,https://www.woolworths.com.au/shop/productdetails/608716/oscar-orsen-large-thin-hair-elastics-blonde,https://cdn0.woolworths.media/content/wowproductimages/medium/608716.jpg,2020-09-20 19:49:44,,0,,True
cf9a764d-c3a9-4cab-891c-5892bf605b8b,Woolworths Supermarket,Health & Beauty,John Frieda Treatment Frizz Ease Xtra Strength Serum 50ml,784922,$17.00,$34.00 / 100ML,https://www.woolworths.com.au/shop/productdetails/784922/john-frieda-treatment-frizz-ease-xtra-strength-serum,https://cdn0.woolworths.media/content/wowproductimages/medium/784922.jpg,2020-09-20 19:49:44,Average product rating out of 5: 4.6. Product score is based on 7 ratings,7,,True
c15a7c8c-8300-4a53-9d8d-d02dbaf24dbd,Woolworths Supermarket,Health & Beauty,Schwarzkopf Extra Care Ultimate Repair Hair Mask 300ml,683979,$10.00,$3.33 / 100ML,https://www.woolworths.com.au/shop/productdetails/683979/schwarzkopf-extra-care-ultimate-repair-hair-mask,https://cdn0.woolworths.media/content/wowproductimages/medium/683979.jpg,2020-09-20 19:49:44,Average product rating out of 5: 4.0. Product score is based on 4 ratings,4,,True
0f387320-d8a2-44c1-8382-181e5b39bd94,Woolworths Supermarket,Health & Beauty,Manicare Toe Nail Clippers With Nail File each,561419,$7.00,$7.00 / 1EA,https://www.woolworths.com.au/shop/productdetails/561419/manicare-toe-nail-clippers-with-nail-file,https://cdn0.woolworths.media/content/wowproductimages/medium/561419.jpg,2020-09-20 19:49:44,Average product rating out of 5: 4.8. Product score is based on 4 ratings,4,,True
8d7de0b1-d4a8-4c02-9d24-fcbeb05b33ba,Woolworths Supermarket,Health & Beauty,Manicare Nail Clippers With Nail File each,561681,$7.00,$7.00 / 1EA,https://www.woolworths.com.au/shop/productdetails/561681/manicare-nail-clippers-with-nail-file,https://cdn0.woolworths.media/content/wowproductimages/medium/561681.jpg,2020-09-20 19:49:44,Average product rating out of 5: 4.2. Product score is based on 5 ratings,5,,True
351c4ae8-4acd-4054-8c46-13e6114ee854,Woolworths Supermarket,Health & Beauty,Schwarzkopf Live Colour Hair Colour Pastels Cool Grey each,563545,$5.00,,https://www.woolworths.com.au/shop/productdetails/563545/schwarzkopf-live-colour-hair-colour-pastels-cool-grey,https://cdn0.woolworths.media/content/wowproductimages/medium/563545.jpg,2020-09-20 19:49:44,Average product rating out of 5: 3.7. Product score is based on 3 ratings,3,,True
f65a8d59-5dd0-4143-865f-0cbef548d400,Woolworths Supermarket,Health & Beauty,Ecotools Brow Shaping Duo each,564145,$14.00,,https://www.woolworths.com.au/shop/productdetails/564145/ecotools-brow-shaping-duo,https://cdn0.woolworths.media/content/wowproductimages/medium/564145.jpg,2020-09-20 19:49:44,,0,,True
5ea0d0aa-496f-4ee7-9699-c65094c2cbb5,Woolworths Supermarket,Health & Beauty,Oral-b Gum Care & Enamel Restore Toothpaste Smooth Mint 110g,565575,$10.00,$9.09 / 100G,https://www.woolworths.com.au/shop/productdetails/565575/oral-b-gum-care-enamel-restore-toothpaste-smooth-mint,https://cdn0.woolworths.media/content/wowproductimages/medium/565575.jpg,2020-09-20 19:49:44,Average product rating out of 5: 4.4. Product score is based on 23 ratings,23,,True
09d18c6d-c93c-4c46-b899-3467b76099de,Woolworths Supermarket,Health & Beauty,Oral-b Gum Care & Sensitive Repair Toothpaste 110g,565577,$10.00,$9.09 / 100G,https://www.woolworths.com.au/shop/productdetails/565577/oral-b-gum-care-sensitive-repair-toothpaste,https://cdn0.woolworths.media/content/wowproductimages/medium/565577.jpg,2020-09-20 19:49:44,Average product rating out of 5: 4.8. Product score is based on 24 ratings,24,,True
ad134f52-3fca-4397-b1d4-4961367d2c8f,Woolworths Supermarket,Health & Beauty,Manicare Cuticle Scissors Curved each,566744,$12.75,,https://www.woolworths.com.au/shop/productdetails/566744/manicare-cuticle-scissors-curved,https://cdn0.woolworths.media/content/wowproductimages/medium/566744.jpg,2020-09-20 19:49:44,,0,,True
519d726b-f2e7-441e-81ac-de4aceaff676,Woolworths Supermarket,Health & Beauty,Manicare Slant Tweezer Gold Tipped each,566745,$10.30,,https://www.woolworths.com.au/shop/productdetails/566745/manicare-slant-tweezer-gold-tipped,https://cdn0.woolworths.media/content/wowproductimages/medium/566745.jpg,2020-09-20 19:49:44,,0,,True
4b6a8cb5-51ac-4b82-9dbb-e95b3f691bfc,Woolworths Supermarket,Health & Beauty,Manicare Buffer 4 Way each,566746,$9.50,,https://www.woolworths.com.au/shop/productdetails/566746/manicare-buffer-4-way,https://cdn0.woolworths.media/content/wowproductimages/medium/566746.jpg,2020-09-20 19:49:44,,0,,True
cc77a023-207e-4b09-a30a-9d3b4f55b864,Woolworths Supermarket,Health & Beauty,Manicare Emery Boards 120mm 8pk,566748,$4.40,,https://www.woolworths.com.au/shop/productdetails/566748/manicare-emery-boards-120mm,https://cdn0.woolworths.media/content/wowproductimages/medium/566748.jpg,2020-09-20 19:49:44,,0,,True
b3008ba6-2d5d-4672-9667-a70258843740,Woolworths Supermarket,Health & Beauty,Manicare Precision Tweezers Pink each,566749,$12.50,,https://www.woolworths.com.au/shop/productdetails/566749/manicare-precision-tweezers-pink,https://cdn0.woolworths.media/content/wowproductimages/medium/566749.jpg,2020-09-20 19:49:44,,0,,True
099fee7a-cf7f-4584-ae69-35a36f8ecdda,Woolworths Supermarket,Health & Beauty,Neutrogena Rapid Wrinkle Repair Anti Ageing Broad Spectrum Spf 15 29ml,567539,$40.00,$137.93 / 100ML,https://www.woolworths.com.au/shop/productdetails/567539/neutrogena-rapid-wrinkle-repair-anti-ageing-broad-spectrum-spf-15,https://cdn0.woolworths.media/content/wowproductimages/medium/567539.jpg,2020-09-20 19:49:44,Average product rating out of 5: 4.3. Product score is based on 3 ratings,3,,True
24dd7e09-4f49-4413-b4ea-a44e6ed326a6,Woolworths Supermarket,Health & Beauty,L'oreal Revitalift Day Cream Light Texture 50ml,567549,$16.50,$33.00 / 100ML,https://www.woolworths.com.au/shop/productdetails/567549/l-oreal-revitalift-day-cream-light-texture,https://cdn0.woolworths.media/content/wowproductimages/medium/567549.jpg,2020-09-20 19:49:44,Average product rating out of 5: 5.0. Product score is based on 1 ratings,1,,True
695e83e4-2c48-4665-ab49-17195b3983eb,Woolworths Supermarket,Health & Beauty,Garnier Bb Cream Nude Sheer 50ml,567559,$11.20,$22.40 / 100ML,https://www.woolworths.com.au/shop/productdetails/567559/garnier-bb-cream-nude-sheer,https://cdn0.woolworths.media/content/wowproductimages/medium/567559.jpg,2020-09-20 19:49:44,Average product rating out of 5: 4.2. Product score is based on 5 ratings,5,,True
a8b32cfa-e705-4bfe-a4a3-47b9a05ed080,Woolworths Supermarket,Health & Beauty,Neutrogena Rapid Wrinkle Repair Anti-ageing Moisturiser Night 29ml,567594,$40.00,$137.93 / 100ML,https://www.woolworths.com.au/shop/productdetails/567594/neutrogena-rapid-wrinkle-repair-anti-ageing-moisturiser-night,https://cdn0.woolworths.media/content/wowproductimages/medium/567594.jpg,2020-09-20 19:49:44,Average product rating out of 5: 4.0. Product score is based on 4 ratings,4,,True
a52c65da-08d0-4066-beca-6a777ff650ee,Woolworths Supermarket,Health & Beauty,Nivea Original Care Moisturising Lip Balm + Shea Butter 4.8g,567595,$4.00,$8.33 / 10G,https://www.woolworths.com.au/shop/productdetails/567595/nivea-original-care-moisturising-lip-balm-shea-butter,https://cdn0.woolworths.media/content/wowproductimages/medium/567595.jpg,2020-09-20 19:49:44,Average product rating out of 5: 4.6. Product score is based on 16 ratings,16,,True
bde1bbdf-9d01-4807-aafb-9e3837b1cc56,Woolworths Supermarket,Health & Beauty,Nivea All Purpose Cream Moisturiser For Body Face & Hands 150ml,567622,$8.00,$5.33 / 100ML,https://www.woolworths.com.au/shop/productdetails/567622/nivea-all-purpose-cream-moisturiser-for-body-face-hands,https://cdn0.woolworths.media/content/wowproductimages/medium/567622.jpg,2020-09-20 19:49:44,Average product rating out of 5: 4.8. Product score is based on 6 ratings,6,,True
59ffa293-3111-4a88-a9ea-7db41b457dbe,Woolworths Supermarket,Health & Beauty,Olay Anti-ageing Eye Cream Eyes Pro-retinol Treatment 15ml,568511,$36.75,$245.00 / 100ML,https://www.woolworths.com.au/shop/productdetails/568511/olay-anti-ageing-eye-cream-eyes-pro-retinol-treatment,https://cdn0.woolworths.media/content/wowproductimages/medium/568511.jpg,2020-09-20 19:49:44,Average product rating out of 5: 5.0. Product score is based on 2 ratings,2,,True
9ba4e064-5d9b-40be-b792-2cd80ce01dcf,Woolworths Supermarket,Health & Beauty,Olay Eyes Ultimate Eye Cream 15ml,568512,$36.75,$245.00 / 100ML,https://www.woolworths.com.au/shop/productdetails/568512/olay-eyes-ultimate-eye-cream,https://cdn0.woolworths.media/content/wowproductimages/medium/568512.jpg,2020-09-20 19:49:44,Average product rating out of 5: 5.0. Product score is based on 3 ratings,3,,True
5237750b-df31-48cd-b0a0-cf9f3501a693,Woolworths Supermarket,Health & Beauty,Colgate 360 Degrees Advanced Active Plaque Removal Toothbrush Soft each,570287,$3.00,$3.00 / 1EA,https://www.woolworths.com.au/shop/productdetails/570287/colgate-360-degrees-advanced-active-plaque-removal-toothbrush-soft,https://cdn0.woolworths.media/content/wowproductimages/medium/570287.jpg,2020-09-20 19:49:44,Average product rating out of 5: 4.5. Product score is based on 4 ratings,4,,True
2721d8b0-fb8f-4888-a5ee-1339ce6cc8e5,Woolworths Supermarket,Health & Beauty,Colgate 360 Degrees Advanced Plaque Removal Toothbrush Medium each,570288,$3.00,$3.00 / 1EA,https://www.woolworths.com.au/shop/productdetails/570288/colgate-360-degrees-advanced-plaque-removal-toothbrush-medium,https://cdn0.woolworths.media/content/wowproductimages/medium/570288.jpg,2020-09-20 19:49:44,Average product rating out of 5: 5.0. Product score is based on 1 ratings,1,,True
2578985f-54c6-451a-8be4-a5758854bc2b,Woolworths Supermarket,Health & Beauty,Sensodyne Toothpaste Sensitive Teeth Pain Deep Clean 110g,570473,$9.20,$8.36 / 100G,https://www.woolworths.com.au/shop/productdetails/570473/sensodyne-toothpaste-sensitive-teeth-pain-deep-clean,https://cdn0.woolworths.media/content/wowproductimages/medium/570473.jpg,2020-09-20 19:49:44,Average product rating out of 5: 4.7. Product score is based on 13 ratings,13,,True
f3060d55-5777-4810-a9d7-c0071b86c308,Woolworths Supermarket,Health & Beauty,Batiste Dry Shampoo Original 200ml,571025,$10.00,$5.00 / 100ML,https://www.woolworths.com.au/shop/productdetails/571025/batiste-dry-shampoo-original,https://cdn0.woolworths.media/content/wowproductimages/medium/571025.jpg,2020-09-20 19:49:44,Average product rating out of 5: 4.9. Product score is based on 13 ratings,13,,True
c2b6265a-45d2-430e-9ca3-354ec8d90114,Woolworths Supermarket,Health & Beauty,Original Source Shower Milk Apple & Vanilla 250ml,571525,$2.00,$0.80 / 100ML,https://www.woolworths.com.au/shop/productdetails/571525/original-source-shower-milk-apple-vanilla,https://cdn0.woolworths.media/content/wowproductimages/medium/571525.jpg,2020-09-20 19:49:44,Average product rating out of 5: 4.6. Product score is based on 14 ratings,14,,True
30e17908-8111-4a3b-80d5-efd632acff84,Woolworths Supermarket,Health & Beauty,Swisse Ultiboost Glucosamine Sulfate Tablets 210 pack,571677,$50.00,$23.81 / 100EA,https://www.woolworths.com.au/shop/productdetails/571677/swisse-ultiboost-glucosamine-sulfate-tablets,https://cdn0.woolworths.media/content/wowproductimages/medium/571677.jpg,2020-09-20 19:49:44,Average product rating out of 5: 3.0. Product score is based on 1 ratings,1,,True
fe13754a-cba5-43d4-bbae-1f62c4b17743,Woolworths Supermarket,Health & Beauty,Blackmores Glucosamine Sulfate 1500mg Tablets 60 pack,572397,$20.00,$33.33 / 100EA,https://www.woolworths.com.au/shop/productdetails/572397/blackmores-glucosamine-sulfate-1500mg-tablets,https://cdn0.woolworths.media/content/wowproductimages/medium/572397.jpg,2020-09-20 19:49:44,Average product rating out of 5: 5.0. Product score is based on 2 ratings,2,,True
06f1a8e5-5ddf-4ba7-aa24-bf46a89c71f0,Woolworths Supermarket,Health & Beauty,Blackmores Probiotics+ Daily Health 30 pack,572423,$28.00,$93.33 / 100EA,https://www.woolworths.com.au/shop/productdetails/572423/blackmores-probiotics-daily-health,https://cdn0.woolworths.media/content/wowproductimages/medium/572423.jpg,2020-09-20 19:49:44,Average product rating out of 5: 4.6. Product score is based on 14 ratings,14,,True
e6ff73fe-d78d-4146-a58a-fe202e7c684a,Woolworths Supermarket,Health & Beauty,Blackmores Probiotics+ Immunity Defence 30 pack,572424,$28.00,$93.33 / 100EA,https://www.woolworths.com.au/shop/productdetails/572424/blackmores-probiotics-immunity-defence,https://cdn0.woolworths.media/content/wowproductimages/medium/572424.jpg,2020-09-20 19:49:44,Average product rating out of 5: 4.8. Product score is based on 4 ratings,4,,True
a450ede0-d992-4bb8-b6e5-f96d66a2f656,Woolworths Supermarket,Health & Beauty,Blackmores Macuvision 30 pack,572425,$12.50,$41.67 / 100EA,https://www.woolworths.com.au/shop/productdetails/572425/blackmores-macuvision,https://cdn0.woolworths.media/content/wowproductimages/medium/572425.jpg,2020-09-20 19:49:44,,0,,True
1b89d68b-54b9-4726-a331-4bd3e2fd59e9,Woolworths Supermarket,Health & Beauty,Blackmores B12 Rapi-melt 1000 Mcg 30 pack,573299,$11.50,$38.33 / 100EA,https://www.woolworths.com.au/shop/productdetails/573299/blackmores-b12-rapi-melt-1000-mcg,https://cdn0.woolworths.media/content/wowproductimages/medium/573299.jpg,2020-09-20 19:49:44,Average product rating out of 5: 4.9. Product score is based on 20 ratings,20,,True
279483e1-b754-4e92-9338-8095023434a1,Woolworths Supermarket,Health & Beauty,Oral-b Stages Kids Power Toothbrush each,573381,$45.00,$45.00 / 1EA,https://www.woolworths.com.au/shop/productdetails/573381/oral-b-stages-kids-power-toothbrush,https://cdn0.woolworths.media/content/wowproductimages/medium/573381.jpg,2020-09-20 19:49:44,Average product rating out of 5: 4.8. Product score is based on 11 ratings,11,,True
2dc89efa-94c2-4e80-a966-64d14c0a5799,Woolworths Supermarket,Health & Beauty,Oral-b Kids Vitality Power Electric Toothbrush Heads 2 pack,574782,$13.75,$6.88 / 1EA,https://www.woolworths.com.au/shop/productdetails/574782/oral-b-kids-vitality-power-electric-toothbrush-heads,https://cdn0.woolworths.media/content/wowproductimages/medium/574782.jpg,2020-09-20 19:49:44,Average product rating out of 5: 5.0. Product score is based on 2 ratings,2,Was $13.99 31/10/16,True
e0c57bfe-7c64-4a5a-8eaf-7d3a07065a08,Woolworths Supermarket,Health & Beauty,Nivea Men Protect & Care Exfoliating Face Scrub 125ml,575099,$12.00,$9.60 / 100ML,https://www.woolworths.com.au/shop/productdetails/575099/nivea-men-protect-care-exfoliating-face-scrub,https://cdn0.woolworths.media/content/wowproductimages/medium/575099.jpg,2020-09-20 19:49:44,Average product rating out of 5: 4.8. Product score is based on 4 ratings,4,,True
b8a014c6-fd7a-46e0-b9da-552d3f39cdfd,Woolworths Supermarket,Health & Beauty,Nivea Men Protect & Care Refreshing Face Wash 150ml,575868,$12.00,$8.00 / 100ML,https://www.woolworths.com.au/shop/productdetails/575868/nivea-men-protect-care-refreshing-face-wash,https://cdn0.woolworths.media/content/wowproductimages/medium/575868.jpg,2020-09-20 19:49:44,Average product rating out of 5: 5.0. Product score is based on 1 ratings,1,,True
dd88a510-acaa-4759-b98f-5f0e53b4785c,Woolworths Supermarket,Health & Beauty,Nivea Men Black & White Aerosol Antiperspirant Deodorant 500ml,575926,$9.50,$1.90 / 100ML,https://www.woolworths.com.au/shop/productdetails/575926/nivea-men-black-white-aerosol-antiperspirant-deodorant,https://cdn0.woolworths.media/content/wowproductimages/medium/575926.jpg,2020-09-20 19:49:44,Average product rating out of 5: 5.0. Product score is based on 7 ratings,7,,True
e16d2dbd-2068-4ea6-b4fd-d006797b3829,Woolworths Supermarket,Health & Beauty,Nivea Black & White Clear Aerosol Antiperspirant Deodorant 500ml,575938,$9.50,$1.90 / 100ML,https://www.woolworths.com.au/shop/productdetails/575938/nivea-black-white-clear-aerosol-antiperspirant-deodorant,https://cdn0.woolworths.media/content/wowproductimages/medium/575938.jpg,2020-09-20 19:49:44,Average product rating out of 5: 5.0. Product score is based on 6 ratings,6,,True
f0709e02-e28b-422a-856f-4eab40363b1c,Woolworths Supermarket,Health & Beauty,Bulldog Original Face Wash 150ml,575970,$10.00,$6.67 / 100ML,https://www.woolworths.com.au/shop/productdetails/575970/bulldog-original-face-wash,https://cdn0.woolworths.media/content/wowproductimages/medium/575970.jpg,2020-09-20 19:49:44,Average product rating out of 5: 3.8. Product score is based on 6 ratings,6,,True
6625d8b4-186b-454a-ba92-ced86064408e,Woolworths Supermarket,Health & Beauty,Colgate Pro Clinical 360 Degrees Soft Brush Heads Refill White 2 pack,576394,$9.00,$4.50 / 1EA,https://www.woolworths.com.au/shop/productdetails/576394/colgate-pro-clinical-360-degrees-soft-brush-heads-refill-white,https://cdn0.woolworths.media/content/wowproductimages/medium/576394.jpg,2020-09-20 19:49:44,,0,,True
35054c56-cc72-415e-be27-54dbdbc6847b,Woolworths Supermarket,Health & Beauty,Bulldog Original Face Scrub 125ml,578732,$10.00,$8.00 / 100ML,https://www.woolworths.com.au/shop/productdetails/578732/bulldog-original-face-scrub,https://cdn0.woolworths.media/content/wowproductimages/medium/578732.jpg,2020-09-20 19:49:44,Average product rating out of 5: 5.0. Product score is based on 3 ratings,3,,True
1b64b64a-8bd3-4cba-9835-dcbe5dafa500,Woolworths Supermarket,Health & Beauty,Oral-b Essential Floss Dental Floss 50m 2 pack,580269,$5.85,$0.06 / 1M,https://www.woolworths.com.au/shop/productdetails/580269/oral-b-essential-floss-dental-floss-50m,https://cdn0.woolworths.media/content/wowproductimages/medium/580269.jpg,2020-09-20 19:49:44,Average product rating out of 5: 4.5. Product score is based on 19 ratings,19,,True
29ab066a-58dd-4b1f-8d40-d2a9a715ae9e,Woolworths Supermarket,Health & Beauty,All Smiles Pro Battery Powered Toothbrush each,581147,$10.00,$10.00 / 1EA,https://www.woolworths.com.au/shop/productdetails/581147/all-smiles-pro-battery-powered-toothbrush,https://cdn0.woolworths.media/content/wowproductimages/medium/581147.jpg,2020-09-20 19:49:44,Average product rating out of 5: 4.4. Product score is based on 338 ratings,338,,True
abc6a0a0-bce5-46d9-bfaa-fa56a1a0f361,Woolworths Supermarket,Health & Beauty,All Smiles Total Care Pro Electric Toothbrush Replacement Heads 2 pack,581149,$9.00,$4.50 / 1EA,https://www.woolworths.com.au/shop/productdetails/581149/all-smiles-total-care-pro-electric-toothbrush-replacement-heads,https://cdn0.woolworths.media/content/wowproductimages/medium/581149.jpg,2020-09-20 19:49:44,Average product rating out of 5: 3.6. Product score is based on 9 ratings,9,,True
2b8127c9-5d26-4af8-8381-cd796842838d,Woolworths Supermarket,Health & Beauty,All Smiles Total Care Interdental Floss Brush 10 pack,581150,$3.75,$0.38 / 1EA,https://www.woolworths.com.au/shop/productdetails/581150/all-smiles-total-care-interdental-floss-brush,https://cdn0.woolworths.media/content/wowproductimages/medium/581150.jpg,2020-09-20 19:49:44,Average product rating out of 5: 3.3. Product score is based on 130 ratings,130,Was $4.00 15/10/2018,True
f030a3cc-63ef-4c34-9005-5d95fea5dada,Woolworths Supermarket,Health & Beauty,All Smiles Total Care Dental Floss 50m,581152,$3.00,$0.06 / 1M,https://www.woolworths.com.au/shop/productdetails/581152/all-smiles-total-care-dental-floss,https://cdn0.woolworths.media/content/wowproductimages/medium/581152.jpg,2020-09-20 19:49:44,Average product rating out of 5: 4.4. Product score is based on 117 ratings,117,,True
a8774e10-656d-4c5e-8832-11611a302ddd,Woolworths Supermarket,Health & Beauty,All Smiles Toothbrush Medium 2 pack,581153,$2.00,$1.00 / 1EA,https://www.woolworths.com.au/shop/productdetails/581153/all-smiles-toothbrush-medium,https://cdn0.woolworths.media/content/wowproductimages/medium/581153.jpg,2020-09-20 19:49:44,Average product rating out of 5: 4.3. Product score is based on 11 ratings,11,,True
c8eca0f2-fbde-4ff5-88b9-1f0a7da2da59,Woolworths Supermarket,Health & Beauty,All Smiles Toothbrush Soft 2 pack,581154,$2.00,$1.00 / 1EA,https://www.woolworths.com.au/shop/productdetails/581154/all-smiles-toothbrush-soft,https://cdn0.woolworths.media/content/wowproductimages/medium/581154.jpg,2020-09-20 19:49:44,Average product rating out of 5: 3.7. Product score is based on 12 ratings,12,,True
51dfd274-4f0d-49ac-95f2-9fe9a901247f,Woolworths Supermarket,Health & Beauty,All Smiles Total Care Toothbrush Soft 6 pack,581157,$7.50,$1.25 / 1EA,https://www.woolworths.com.au/shop/productdetails/581157/all-smiles-total-care-toothbrush-soft,https://cdn0.woolworths.media/content/wowproductimages/medium/581157.jpg,2020-09-20 19:49:44,Average product rating out of 5: 4.5. Product score is based on 6 ratings,6,,True
7f3fdade-f0a8-4f3a-a6f8-e18217aa10ee,Woolworths Supermarket,Health & Beauty,All Smiles Total Care Toothbrush Medium 6 pack,581158,$7.50,$1.25 / 1EA,https://www.woolworths.com.au/shop/productdetails/581158/all-smiles-total-care-toothbrush-medium,https://cdn0.woolworths.media/content/wowproductimages/medium/581158.jpg,2020-09-20 19:49:44,Average product rating out of 5: 4.2. Product score is based on 9 ratings,9,,True
77c3bf42-82fc-485d-9301-8123867ca320,Woolworths Supermarket,Health & Beauty,All Smiles Total Care Toothpaste 140g,581163,$1.50,$1.07 / 100G,https://www.woolworths.com.au/shop/productdetails/581163/all-smiles-total-care-toothpaste,https://cdn0.woolworths.media/content/wowproductimages/medium/581163.jpg,2020-09-20 19:49:44,Average product rating out of 5: 3.7. Product score is based on 211 ratings,211,,True
1255c48b-15b1-4b18-a040-918a9895779c,Woolworths Supermarket,Health & Beauty,All Smiles Herbal Toothpaste 110g,581166,$2.10,$1.91 / 100G,https://www.woolworths.com.au/shop/productdetails/581166/all-smiles-herbal-toothpaste,https://cdn0.woolworths.media/content/wowproductimages/medium/581166.jpg,2020-09-20 19:49:44,Average product rating out of 5: 3.1. Product score is based on 235 ratings,235,,True
251fa1f1-570f-41e9-a95e-81cef67bf449,Woolworths Supermarket,Health & Beauty,Colgate Advanced Whitening Fluoride Whiter Teeth Toothpaste 190g,581409,$5.00,$2.63 / 100G,https://www.woolworths.com.au/shop/productdetails/581409/colgate-advanced-whitening-fluoride-whiter-teeth-toothpaste,https://cdn0.woolworths.media/content/wowproductimages/medium/581409.jpg,2020-09-20 19:49:44,,0,,True
c94efb8d-2909-47cd-ab6b-014467468594,Woolworths Supermarket,Health & Beauty,Rimmel Stay Matte Pressed Powder Sand each,582572,$12.00,$8.57 / 10G,https://www.woolworths.com.au/shop/productdetails/582572/rimmel-stay-matte-pressed-powder-sand,https://cdn0.woolworths.media/content/wowproductimages/medium/582572.jpg,2020-09-20 19:49:44,,0,,True
bb627661-2cc7-44a6-9177-fe161a81e994,Woolworths Supermarket,Health & Beauty,Head & Shoulders Men Anti-dandruff Shampoo & Conditioner Old Spice 620ml,587035,$12.00,$1.94 / 100ML,https://www.woolworths.com.au/shop/productdetails/587035/head-shoulders-men-anti-dandruff-shampoo-conditioner-old-spice,https://cdn0.woolworths.media/content/wowproductimages/medium/587035.jpg,2020-09-20 19:49:44,,0,Was $16.00 16/02/2018,True
118ec45e-74ef-4379-93dd-b311ed0fb896,Woolworths Supermarket,Health & Beauty,Schwarzkopf Extra Care Conditioner Fibre Therapy 400ml,589538,$6.90,$1.73 / 100ML,https://www.woolworths.com.au/shop/productdetails/589538/schwarzkopf-extra-care-conditioner-fibre-therapy,https://cdn0.woolworths.media/content/wowproductimages/medium/589538.jpg,2020-09-20 19:49:44,Average product rating out of 5: 3.8. Product score is based on 5 ratings,5,,True
a1775818-a463-4aad-9c1a-09559ba2b266,Woolworths Supermarket,Health & Beauty,Schwarzkopf Extra Care Treatment Marrakesh Oil 80ml,589539,$11.00,$13.75 / 100ML,https://www.woolworths.com.au/shop/productdetails/589539/schwarzkopf-extra-care-treatment-marrakesh-oil,https://cdn0.woolworths.media/content/wowproductimages/medium/589539.jpg,2020-09-20 19:49:44,Average product rating out of 5: 4.0. Product score is based on 3 ratings,3,,True
94bd79d7-348e-4d9b-926d-403e5ab81d57,Woolworths Supermarket,Health & Beauty,Schwarzkopf Extra Care Shampoo Fibre Therapy 400ml,589552,$6.90,$1.73 / 100ML,https://www.woolworths.com.au/shop/productdetails/589552/schwarzkopf-extra-care-shampoo-fibre-therapy,https://cdn0.woolworths.media/content/wowproductimages/medium/589552.jpg,2020-09-20 19:49:44,Average product rating out of 5: 3.8. Product score is based on 4 ratings,4,,True
daa677d5-107e-449f-9fdb-65ad58a45e46,Woolworths Supermarket,Health & Beauty,Schwarzkopf Extra Care Treatment Fibre Therapy 80ml,589716,$10.00,$12.50 / 100ML,https://www.woolworths.com.au/shop/productdetails/589716/schwarzkopf-extra-care-treatment-fibre-therapy,https://cdn0.woolworths.media/content/wowproductimages/medium/589716.jpg,2020-09-20 19:49:44,Average product rating out of 5: 4.3. Product score is based on 3 ratings,3,,True
e8501fe3-db0e-4a12-a379-7914cb9309e4,Woolworths Supermarket,Health & Beauty,Dove Go Fresh Body Wash Pear & Aloe Vera 1l,590250,$13.70,$1.37 / 100ML,https://www.woolworths.com.au/shop/productdetails/590250/dove-go-fresh-body-wash-pear-aloe-vera,https://cdn0.woolworths.media/content/wowproductimages/medium/590250.jpg,2020-09-20 19:49:44,,0,,True
ff33a804-1d0a-415b-ba7c-1fb0f9196d4b,Woolworths Supermarket,Health & Beauty,Schwarzkopf Live Salon Permanent 3-99 Deep Violet each,593270,$14.00,$14.00 / 1EA,https://www.woolworths.com.au/shop/productdetails/593270/schwarzkopf-live-salon-permanent-3-99-deep-violet,https://cdn0.woolworths.media/content/wowproductimages/medium/593270.jpg,2020-09-20 19:49:44,,0,,True
3cd2e396-ead0-4bed-bfe1-0eeb3ab5bbe3,Woolworths Supermarket,Health & Beauty,Band-aid Waterproof Aquablock Sterile Strips 40 pack,594627,$6.00,$0.15 / 1EA,https://www.woolworths.com.au/shop/productdetails/594627/band-aid-waterproof-aquablock-sterile-strips,https://cdn0.woolworths.media/content/wowproductimages/medium/594627.jpg,2020-09-20 19:49:44,Average product rating out of 5: 5.0. Product score is based on 2 ratings,2,,True
509fd108-840d-4442-afa8-b249277d3b5a,Woolworths Supermarket,Health & Beauty,Skin Republic Purify & Charcoal Face Mask each,595453,$4.00,$4.00 / 1EA,https://www.woolworths.com.au/shop/productdetails/595453/skin-republic-purify-charcoal-face-mask,https://cdn0.woolworths.media/content/wowproductimages/medium/595453.jpg,2020-09-20 19:49:44,,0,,True
76c58b41-f8b3-4f26-b614-21596f123630,Woolworths Supermarket,Health & Beauty,Pantene 3 Minute Miracle Smooth & Sleek Conditioner 180ml,598239,$4.50,$2.50 / 100ML,https://www.woolworths.com.au/shop/productdetails/598239/pantene-3-minute-miracle-smooth-sleek-conditioner,https://cdn0.woolworths.media/content/wowproductimages/medium/598239.jpg,2020-09-20 19:49:44,Average product rating out of 5: 5.0. Product score is based on 3 ratings,3,Was $7.00 02/11/2017,True
d4183805-ceed-45f3-b56c-322e6af82078,Woolworths Supermarket,Health & Beauty,Redken Frizz Dismiss Conditioner 250ml,598607,$25.00,$10.00 / 100ML,https://www.woolworths.com.au/shop/productdetails/598607/redken-frizz-dismiss-conditioner,https://cdn0.woolworths.media/content/wowproductimages/medium/598607.jpg,2020-09-20 19:49:44,,0,,True
cf4dcec3-4574-4649-829a-125e5b764dfe,Woolworths Supermarket,Health & Beauty,Redken Frizz Dismiss Shampoo 300ml,598641,$25.00,$8.33 / 100ML,https://www.woolworths.com.au/shop/productdetails/598641/redken-frizz-dismiss-shampoo,https://cdn0.woolworths.media/content/wowproductimages/medium/598641.jpg,2020-09-20 19:49:44,,0,,True
c1b81837-5094-41a9-b373-0191e8036478,Woolworths Supermarket,Health & Beauty,Biore Charcoal Acne Scrub 127g,598939,$10.00,$7.87 / 100G,https://www.woolworths.com.au/shop/productdetails/598939/biore-charcoal-acne-scrub,https://cdn0.woolworths.media/content/wowproductimages/medium/598939.jpg,2020-09-20 19:49:44,Average product rating out of 5: 5.0. Product score is based on 1 ratings,1,,True
9119fb45-b6c5-4b55-80fd-383476c0f2a0,Woolworths Supermarket,Health & Beauty,Batiste Dry Shampoo Original 400ml,599326,$16.00,$4.00 / 100ML,https://www.woolworths.com.au/shop/productdetails/599326/batiste-dry-shampoo-original,https://cdn0.woolworths.media/content/wowproductimages/medium/599326.jpg,2020-09-20 19:49:44,,0,,True
4c87d213-9c0a-4cf4-98dd-77e89febd5a1,Woolworths Supermarket,Health & Beauty,Claratyne Hayfever Allergy Relief Antihistamine Tablets 10 pack,600461,$9.60,$0.96 / 1EA,https://www.woolworths.com.au/shop/productdetails/600461/claratyne-hayfever-allergy-relief-antihistamine-tablets,https://cdn0.woolworths.media/content/wowproductimages/medium/600461.jpg,2020-09-20 19:49:44,Average product rating out of 5: 4.7. Product score is based on 7 ratings,7,,True
390c2813-1c91-414f-8510-a024670c2b90,Woolworths Supermarket,Health & Beauty,U By Kotex Sport Tampons Regular 16 pack,600462,$3.50,$0.22 / 1EA,https://www.woolworths.com.au/shop/productdetails/600462/u-by-kotex-sport-tampons-regular,https://cdn0.woolworths.media/content/wowproductimages/medium/600462.jpg,2020-09-20 19:49:44,,0,,True
bdc89b5f-9b99-41de-8faf-25f65102f8ed,Woolworths Supermarket,Health & Beauty,Tena Night Pants Large 12 pack,600467,$13.90,$1.16 / 1EA,https://www.woolworths.com.au/shop/productdetails/600467/tena-night-pants-large,https://cdn0.woolworths.media/content/wowproductimages/medium/600467.jpg,2020-09-20 19:49:44,,0,,True
465357e4-87a6-4e9f-8f9c-5b95df15b3a0,Woolworths Supermarket,Health & Beauty,Body Science High Protein Low Carb Bar Cookie Dough 60g,600472,$4.00,$6.67 / 100G,https://www.woolworths.com.au/shop/productdetails/600472/body-science-high-protein-low-carb-bar-cookie-dough,https://cdn0.woolworths.media/content/wowproductimages/medium/600472.jpg,2020-09-20 19:49:44,Average product rating out of 5: 4.3. Product score is based on 8 ratings,8,,True
608f4dc1-57e7-45a0-9c5b-f5a9d581b105,Woolworths Supermarket,Health & Beauty,Dimetapp Cold & Flu Immune Support 27 pack,600618,$14.00,$0.52 / 1EA,https://www.woolworths.com.au/shop/productdetails/600618/dimetapp-cold-flu-immune-support,https://cdn0.woolworths.media/content/wowproductimages/medium/600618.jpg,2020-09-20 19:49:44,Average product rating out of 5: 5.0. Product score is based on 1 ratings,1,,True
71cfde9b-09c5-481b-ac98-1e8d9dbfac40,Woolworths Supermarket,Health & Beauty,Bed Head Recovery Treatment Mask 200g,600809,$22.00,$11.00 / 100G,https://www.woolworths.com.au/shop/productdetails/600809/bed-head-recovery-treatment-mask,https://cdn0.woolworths.media/content/wowproductimages/medium/600809.jpg,2020-09-20 19:49:44,Average product rating out of 5: 4.0. Product score is based on 2 ratings,2,Was $28.50 15/05/2017,True
7a256697-2061-4434-8671-01b024d5acaf,Woolworths Supermarket,Health & Beauty,Vicks Vapodrops Honey Lemon Menthol 16 pack,600810,$4.80,$0.30 / 1EA,https://www.woolworths.com.au/shop/productdetails/600810/vicks-vapodrops-honey-lemon-menthol,https://cdn0.woolworths.media/content/wowproductimages/medium/600810.jpg,2020-09-20 19:49:44,,0,,True
d54f51d8-412d-4d9e-888a-0bfc19cdad45,Woolworths Supermarket,Health & Beauty,Vicks Vapodrops Honey Lemon Menthol 36 pack,600812,$9.00,$0.25 / 1EA,https://www.woolworths.com.au/shop/productdetails/600812/vicks-vapodrops-honey-lemon-menthol,https://cdn0.woolworths.media/content/wowproductimages/medium/600812.jpg,2020-09-20 19:49:44,,0,,True
b3c1c357-0127-42e5-ba88-eae5af0b097d,Woolworths Supermarket,Health & Beauty,U By Kotex Sport Tampons Super 16 pack,600930,$3.50,$0.22 / 1EA,https://www.woolworths.com.au/shop/productdetails/600930/u-by-kotex-sport-tampons-super,https://cdn0.woolworths.media/content/wowproductimages/medium/600930.jpg,2020-09-20 19:49:44,,0,,True
4abf2df4-abab-4b5f-a816-1e4bd5831aac,Woolworths Supermarket,Health & Beauty,Ogx Coconut Miracle Oil Shampoo 385ml,600932,$10.50,$2.73 / 100ML,https://www.woolworths.com.au/shop/productdetails/600932/ogx-coconut-miracle-oil-shampoo,https://cdn0.woolworths.media/content/wowproductimages/medium/600932.jpg,2020-09-20 19:49:44,Average product rating out of 5: 3.3. Product score is based on 3 ratings,3,,True
1385bd0b-561d-4b2f-82b2-4820160d9af5,Woolworths Supermarket,Health & Beauty,Ogx Coconut Miracle Oil Penetrating Oil 100ml,601151,$10.50,$10.50 / 100ML,https://www.woolworths.com.au/shop/productdetails/601151/ogx-coconut-miracle-oil-penetrating-oil,https://cdn0.woolworths.media/content/wowproductimages/medium/601151.jpg,2020-09-20 19:49:44,Average product rating out of 5: 5.0. Product score is based on 1 ratings,1,,True
372b71ca-0981-4509-a1f1-5735614892d8,Woolworths Supermarket,Health & Beauty,Voeu Normal Combination Skin Moisturiser 150ml,601340,$4.00,$2.67 / 100ML,https://www.woolworths.com.au/shop/productdetails/601340/voeu-normal-combination-skin-moisturiser,https://cdn0.woolworths.media/content/wowproductimages/medium/601340.jpg,2020-09-20 19:49:44,Average product rating out of 5: 4.7. Product score is based on 3 ratings,3,,True
96661a48-feb7-4f44-9a46-ee2d816d3ee8,Woolworths Supermarket,Health & Beauty,Voeu Dry & Sensitive Skin Moisturiser 150ml,601341,$4.00,$2.67 / 100ML,https://www.woolworths.com.au/shop/productdetails/601341/voeu-dry-sensitive-skin-moisturiser,https://cdn0.woolworths.media/content/wowproductimages/medium/601341.jpg,2020-09-20 19:49:44,Average product rating out of 5: 4.0. Product score is based on 3 ratings,3,,True
9aa19f8d-6e0f-4b4e-ab2a-5268bb4b524b,Woolworths Supermarket,Health & Beauty,Schwarzkopf Colour Specialist 3.0 Imperial Brown each,601358,$11.40,$11.40 / 1EA,https://www.woolworths.com.au/shop/productdetails/601358/schwarzkopf-colour-specialist-3-0-imperial-brown,https://cdn0.woolworths.media/content/wowproductimages/medium/601358.jpg,2020-09-20 19:49:44,Average product rating out of 5: 5.0. Product score is based on 1 ratings,1,,True
a410d394-c687-439c-8110-c767544afb80,Woolworths Supermarket,Health & Beauty,Schwarzkopf Colour Specialist 5.1 Cool Light Brown each,601359,$11.40,$11.40 / 1EA,https://www.woolworths.com.au/shop/productdetails/601359/schwarzkopf-colour-specialist-5-1-cool-light-brown,https://cdn0.woolworths.media/content/wowproductimages/medium/601359.jpg,2020-09-20 19:49:44,Average product rating out of 5: 5.0. Product score is based on 2 ratings,2,,True
599a2b8c-d1a5-4ae5-9d38-25b6880fe571,Woolworths Supermarket,Health & Beauty,Batiste Brunette Dry Shampoo 400ml,601362,$20.00,$5.00 / 100ML,https://www.woolworths.com.au/shop/productdetails/601362/batiste-brunette-dry-shampoo,https://cdn0.woolworths.media/content/wowproductimages/medium/601362.jpg,2020-09-20 19:49:44,Average product rating out of 5: 4.8. Product score is based on 6 ratings,6,,True
3d0652cc-f375-46b7-8575-209652192cd1,Woolworths Supermarket,Health & Beauty,Dermaveen Soap-free Body Wash Oatmeal 500ml,601365,$14.00,$2.80 / 100ML,https://www.woolworths.com.au/shop/productdetails/601365/dermaveen-soap-free-body-wash-oatmeal,https://cdn0.woolworths.media/content/wowproductimages/medium/601365.jpg,2020-09-20 19:49:44,Average product rating out of 5: 4.7. Product score is based on 7 ratings,7,Was $16.99 24/04/2017,True
196a2c1c-9858-4c15-b41e-49259ffe8b24,Woolworths Supermarket,Health & Beauty,D3 K6.0 Kinesiology Tape each,601366,$10.00,$10.00 / 1EA,https://www.woolworths.com.au/shop/productdetails/601366/d3-k6-0-kinesiology-tape,https://cdn0.woolworths.media/content/wowproductimages/medium/601366.jpg,2020-09-20 19:49:44,Average product rating out of 5: 5.0. Product score is based on 1 ratings,1,,True
dad29824-2e9b-4c85-b8d9-3364cab3ce5b,Woolworths Supermarket,Health & Beauty,First Response Test & Reassure Pregnancy Test 3 pack,601367,$25.00,$8.33 / 1EA,https://www.woolworths.com.au/shop/productdetails/601367/first-response-test-reassure-pregnancy-test,https://cdn0.woolworths.media/content/wowproductimages/medium/601367.jpg,2020-09-20 19:49:44,,0,,True
bd8b629e-e107-4387-93af-0cb0cd321d00,Woolworths Supermarket,Health & Beauty,Schwarzkopf Colour Specialist 8.1 Cool Light Blonde each,601565,$11.40,$11.40 / 1EA,https://www.woolworths.com.au/shop/productdetails/601565/schwarzkopf-colour-specialist-8-1-cool-light-blonde,https://cdn0.woolworths.media/content/wowproductimages/medium/601565.jpg,2020-09-20 19:49:44,Average product rating out of 5: 4.5. Product score is based on 2 ratings,2,,True
64622285-5350-47b1-8571-4778bb5d6467,Woolworths Supermarket,Health & Beauty,Schwarzkopf Colour Specialist 5.65 Chocolate Brown each,601566,$11.40,$11.40 / 1EA,https://www.woolworths.com.au/shop/productdetails/601566/schwarzkopf-colour-specialist-5-65-chocolate-brown,https://cdn0.woolworths.media/content/wowproductimages/medium/601566.jpg,2020-09-20 19:49:44,Average product rating out of 5: 5.0. Product score is based on 4 ratings,4,,True
07a5eee4-655c-4e9d-a4b8-37a135a087f2,Woolworths Supermarket,Health & Beauty,Schwarzkopf Colour Specialist 10.1 Cool Ultra Light Blonde each,601571,$11.40,$11.40 / 1EA,https://www.woolworths.com.au/shop/productdetails/601571/schwarzkopf-colour-specialist-10-1-cool-ultra-light-blonde,https://cdn0.woolworths.media/content/wowproductimages/medium/601571.jpg,2020-09-20 19:49:44,Average product rating out of 5: 3.5. Product score is based on 2 ratings,2,,True
ea490a57-623e-441d-a98e-8a2bbfbbd684,Woolworths Supermarket,Health & Beauty,Dimetapp Multi Symptom Cold & Flu 20 pack,602942,$11.00,$0.55 / 1EA,https://www.woolworths.com.au/shop/productdetails/602942/dimetapp-multi-symptom-cold-flu,https://cdn0.woolworths.media/content/wowproductimages/medium/602942.jpg,2020-09-20 19:49:44,Average product rating out of 5: 4.5. Product score is based on 2 ratings,2,,True
7cdf46dd-e841-4766-a505-7d3192d24e85,Woolworths Supermarket,Health & Beauty,Schwarzkopf Napro Palette 7 To 46 Light Brown Mocha 115ml,603547,$7.95,,https://www.woolworths.com.au/shop/productdetails/603547/schwarzkopf-napro-palette-7-to-46-light-brown-mocha,https://cdn0.woolworths.media/content/wowproductimages/medium/603547.jpg,2020-09-20 19:49:44,,0,,True
3062af3b-0120-42e9-8d9e-466be5d36def,Woolworths Supermarket,Health & Beauty,Schwarzkopf Gem Collection - Brilliance 05 Dark Ruby each,603752,$14.40,,https://www.woolworths.com.au/shop/productdetails/603752/schwarzkopf-gem-collection-brilliance-05-dark-ruby,https://cdn0.woolworths.media/content/wowproductimages/medium/603752.jpg,2020-09-20 19:49:44,Average product rating out of 5: 4.0. Product score is based on 4 ratings,4,,True
333e26f8-2162-4185-8294-cf2c56d87e2f,Woolworths Supermarket,Health & Beauty,Schwarzkopf Live Salon Permanent Violet Red each,603794,$14.00,,https://www.woolworths.com.au/shop/productdetails/603794/schwarzkopf-live-salon-permanent-violet-red,https://cdn0.woolworths.media/content/wowproductimages/medium/603794.jpg,2020-09-20 19:49:44,Average product rating out of 5: 5.0. Product score is based on 1 ratings,1,,True
33b5e023-b4aa-43f2-8315-77524e195d24,Woolworths Supermarket,Health & Beauty,Telfast Hayfever Allergy Relief 120mg Antihistamine Tablets 10 pack,604713,$12.00,$1.20 / 1EA,https://www.woolworths.com.au/shop/productdetails/604713/telfast-hayfever-allergy-relief-120mg-antihistamine-tablets,https://cdn0.woolworths.media/content/wowproductimages/medium/604713.jpg,2020-09-20 19:49:44,Average product rating out of 5: 4.0. Product score is based on 4 ratings,4,,True
d8de67d6-626d-41ce-ac38-9e585a9dea30,Woolworths Supermarket,Health & Beauty,Bosisto's Lavender Spray 125g,604806,$12.00,$9.60 / 100G,https://www.woolworths.com.au/shop/productdetails/604806/bosisto-s-lavender-spray,https://cdn0.woolworths.media/content/wowproductimages/medium/604806.jpg,2020-09-20 19:49:44,Average product rating out of 5: 4.9. Product score is based on 9 ratings,9,,True
1e3758db-e46c-48c2-bcf3-57444f17bbff,Woolworths Supermarket,Health & Beauty,Bosisto's Tea Tree Spray 125g,604807,$12.00,$9.60 / 100G,https://www.woolworths.com.au/shop/productdetails/604807/bosisto-s-tea-tree-spray,https://cdn0.woolworths.media/content/wowproductimages/medium/604807.jpg,2020-09-20 19:49:44,Average product rating out of 5: 4.8. Product score is based on 9 ratings,9,,True
f467fe44-7418-425f-8ed3-cfbe8c1d8a13,Woolworths Supermarket,Health & Beauty,Dimetapp Multi Symptom Nasal Decongestant 20 pack,604809,$9.00,$0.45 / 1EA,https://www.woolworths.com.au/shop/productdetails/604809/dimetapp-multi-symptom-nasal-decongestant,https://cdn0.woolworths.media/content/wowproductimages/medium/604809.jpg,2020-09-20 19:49:44,,0,,True
6e6b0d39-cac4-4561-979f-2ddc92543115,Woolworths Supermarket,Health & Beauty,Schwarzkopf Gem Collection Brilliance 03 Dark Amethyst each,605226,$14.40,,https://www.woolworths.com.au/shop/productdetails/605226/schwarzkopf-gem-collection-brilliance-03-dark-amethyst,https://cdn0.woolworths.media/content/wowproductimages/medium/605226.jpg,2020-09-20 19:49:44,Average product rating out of 5: 3.7. Product score is based on 3 ratings,3,,True
fc297f60-7da2-466d-a0ed-4aa6cfb21639,Woolworths Supermarket,Health & Beauty,Sambucol Cold & Flu Kids Cough Liquid Black Elderberry 120ml,607571,$14.00,$11.67 / 100ML,https://www.woolworths.com.au/shop/productdetails/607571/sambucol-cold-flu-kids-cough-liquid-black-elderberry,https://cdn0.woolworths.media/content/wowproductimages/medium/607571.jpg,2020-09-20 19:49:44,Average product rating out of 5: 5.0. Product score is based on 1 ratings,1,,True
b7f59790-b9da-41ac-b3dc-3393d3cd21f5,Woolworths Supermarket,Health & Beauty,Oscar Orsen Large Thin Hair Elastics Black 30 pack,608714,$5.60,,https://www.woolworths.com.au/shop/productdetails/608714/oscar-orsen-large-thin-hair-elastics-black,https://cdn0.woolworths.media/content/wowproductimages/medium/608714.jpg,2020-09-20 19:49:44,Average product rating out of 5: 1.0. Product score is based on 1 ratings,1,,True
4e8a6192-f5bc-4d0e-8819-941d81767f38,Woolworths Supermarket,Health & Beauty,Oscar Orsen Large Thin Hair Elastics Brown 30 pack,608715,$5.60,,https://www.woolworths.com.au/shop/productdetails/608715/oscar-orsen-large-thin-hair-elastics-brown,https://cdn0.woolworths.media/content/wowproductimages/medium/608715.jpg,2020-09-20 19:49:44,Average product rating out of 5: 4.0. Product score is based on 2 ratings,2,,True
e75dc42b-1633-46a7-8fc7-971fa234b3df,Woolworths Supermarket,Health & Beauty,Oscar Orsen Large Thin Hair Elastics Blonde 30 pack,608716,$5.60,,https://www.woolworths.com.au/shop/productdetails/608716/oscar-orsen-large-thin-hair-elastics-blonde,https://cdn0.woolworths.media/content/wowproductimages/medium/608716.jpg,2020-09-20 19:49:44,,0,,True
aa792e3e-c706-43bb-9df9-9c876708b316,Woolworths Supermarket,Health & Beauty,Oscar Orsen Extra Large Thin Hair Elastic Black 20 pack,608717,$5.00,,https://www.woolworths.com.au/shop/productdetails/608717/oscar-orsen-extra-large-thin-hair-elastic-black,https://cdn0.woolworths.media/content/wowproductimages/medium/608717.jpg,2020-09-20 19:49:44,Average product rating out of 5: 2.3. Product score is based on 3 ratings,3,,True
7fb19015-2d3b-41ad-bb61-cb415491b7ad,Woolworths Supermarket,Health & Beauty,Oscar Orsen Large Flat Hair Elastics Blonde 30 pack,608718,$6.80,,https://www.woolworths.com.au/shop/productdetails/608718/oscar-orsen-large-flat-hair-elastics-blonde,https://cdn0.woolworths.media/content/wowproductimages/medium/608718.jpg,2020-09-20 19:49:44,Average product rating out of 5: 4.6. Product score is based on 5 ratings,5,,True
c037d3e7-38a3-4620-94c6-08409eb72dda,Woolworths Supermarket,Health & Beauty,Oscar Orsen Thick Xlarge Hair Elastics Black 10 pack,608794,$5.00,,https://www.woolworths.com.au/shop/productdetails/608794/oscar-orsen-thick-xlarge-hair-elastics-black,https://cdn0.woolworths.media/content/wowproductimages/medium/608794.jpg,2020-09-20 19:49:44,,0,,True
5b81bed6-cbab-4fd6-985f-476d9b697a9b,Woolworths Supermarket,Health & Beauty,Oscar Orsen Polyband Clear 60 pack,608795,$5.40,,https://www.woolworths.com.au/shop/productdetails/608795/oscar-orsen-polyband-clear,https://cdn0.woolworths.media/content/wowproductimages/medium/608795.jpg,2020-09-20 19:49:44,Average product rating out of 5: 5.0. Product score is based on 2 ratings,2,,True
94efedcc-69d0-4e15-a9bd-57d956b6a275,Woolworths Supermarket,Health & Beauty,Oscar Orsen Medium Bun Donut each,608799,$4.50,,https://www.woolworths.com.au/shop/productdetails/608799/oscar-orsen-medium-bun-donut,https://cdn0.woolworths.media/content/wowproductimages/medium/608799.jpg,2020-09-20 19:49:44,,0,,True
21633a44-b979-4cac-a97c-0b8a9be4630f,Woolworths Supermarket,Health & Beauty,Oscar Orsen 4.5cm Black Bobby Pins 200 pack,608941,$8.50,,https://www.woolworths.com.au/shop/productdetails/608941/oscar-orsen-4-5cm-black-bobby-pins,https://cdn0.woolworths.media/content/wowproductimages/medium/608941.jpg,2020-09-20 19:49:44,,0,,True
5c090c4b-5f21-4560-8090-c1deab18f72a,Woolworths Supermarket,Health & Beauty,Oscar Orsen 4.5cm Bobby Pins Bobby Pins 200 pack,608942,$8.50,,https://www.woolworths.com.au/shop/productdetails/608942/oscar-orsen-4-5cm-bobby-pins-bobby-pins,https://cdn0.woolworths.media/content/wowproductimages/medium/608942.jpg,2020-09-20 19:49:44,,0,,True
e6158479-f3c5-41ff-ab86-186dc38341ae,Woolworths Supermarket,Health & Beauty,Oscar Orsen 4.5cm Bobby Pins Bobby Pins 200 pack,608943,$8.50,,https://www.woolworths.com.au/shop/productdetails/608943/oscar-orsen-4-5cm-bobby-pins-bobby-pins,https://cdn0.woolworths.media/content/wowproductimages/medium/608943.jpg,2020-09-20 19:49:44,,0,,True
fbd58260-6096-4517-9b5d-7cd72313c696,Woolworths Supermarket,Health & Beauty,Oscar Orsen Elite Large Metallic Pad Brush each,608960,$12.00,,https://www.woolworths.com.au/shop/productdetails/608960/oscar-orsen-elite-large-metallic-pad-brush,https://cdn0.woolworths.media/content/wowproductimages/medium/608960.jpg,2020-09-20 19:49:44,,0,,True
ec283e08-796a-4bda-9555-d22804aec917,Woolworths Supermarket,Health & Beauty,Oscar Orsen Bambino Kids Small Thin Elastics 30 pack,608964,$4.50,,https://www.woolworths.com.au/shop/productdetails/608964/oscar-orsen-bambino-kids-small-thin-elastics,https://cdn0.woolworths.media/content/wowproductimages/medium/608964.jpg,2020-09-20 19:49:44,Average product rating out of 5: 4.6. Product score is based on 5 ratings,5,,True
764a56f1-9562-41c1-8c4f-f5276fc3d2fe,Woolworths Supermarket,Health & Beauty,Oscar Orsen Bambino Kids Large Thin Elastics 30 pack,608965,$5.60,,https://www.woolworths.com.au/shop/productdetails/608965/oscar-orsen-bambino-kids-large-thin-elastics,https://cdn0.woolworths.media/content/wowproductimages/medium/608965.jpg,2020-09-20 19:49:44,Average product rating out of 5: 5.0. Product score is based on 2 ratings,2,,True
5c3e2e19-c769-44aa-9b9a-77a750cc0ce1,Woolworths Supermarket,Health & Beauty,Oscar Orsen Kids Polyband Assorted 60 pack,608966,$5.40,,https://www.woolworths.com.au/shop/productdetails/608966/oscar-orsen-kids-polyband-assorted,https://cdn0.woolworths.media/content/wowproductimages/medium/608966.jpg,2020-09-20 19:49:44,Average product rating out of 5: 5.0. Product score is based on 1 ratings,1,,True
0816b46b-14a0-4a62-93dd-415ab55b2cbd,Woolworths Supermarket,Health & Beauty,Oscar Orsen Hair Hair Nets Light Brown 4 pack,608969,$4.50,,https://www.woolworths.com.au/shop/productdetails/608969/oscar-orsen-hair-hair-nets-light-brown,https://cdn0.woolworths.media/content/wowproductimages/medium/608969.jpg,2020-09-20 19:49:44,,0,,True
90c60db0-05fc-4bec-845d-9a6d5ee7cb0c,Woolworths Supermarket,Health & Beauty,Dove Conditioner Daily Care 320ml,608986,$6.90,$2.16 / 100ML,https://www.woolworths.com.au/shop/productdetails/608986/dove-conditioner-daily-care,https://cdn0.woolworths.media/content/wowproductimages/medium/608986.jpg,2020-09-20 19:49:44,Average product rating out of 5: 5.0. Product score is based on 1 ratings,1,,True
1af72cf2-b657-45ed-97c9-799fff83503b,Woolworths Supermarket,Health & Beauty,Dove Shampoo Daily Care 320ml,609020,$6.90,$2.16 / 100ML,https://www.woolworths.com.au/shop/productdetails/609020/dove-shampoo-daily-care,https://cdn0.woolworths.media/content/wowproductimages/medium/609020.jpg,2020-09-20 19:49:44,Average product rating out of 5: 4.0. Product score is based on 1 ratings,1,,True
909678e2-435b-4c51-92b1-93f69b4a04f7,Woolworths Supermarket,Health & Beauty,Dove Shampoo Daily Care 640ml,609021,$11.90,$1.86 / 100ML,https://www.woolworths.com.au/shop/productdetails/609021/dove-shampoo-daily-care,https://cdn0.woolworths.media/content/wowproductimages/medium/609021.jpg,2020-09-20 19:49:44,Average product rating out of 5: 4.6. Product score is based on 7 ratings,7,,True
0aec42f6-7c35-4d68-a55c-2a1fc4eb94db,Woolworths Supermarket,Health & Beauty,Dove Conditioner Daily Care 640ml,609022,$11.90,$1.86 / 100ML,https://www.woolworths.com.au/shop/productdetails/609022/dove-conditioner-daily-care,https://cdn0.woolworths.media/content/wowproductimages/medium/609022.jpg,2020-09-20 19:49:44,Average product rating out of 5: 4.7. Product score is based on 7 ratings,7,,True
a1ec5dae-aa10-414a-bcfb-50c36175d616,Woolworths Supermarket,Health & Beauty,Dove Dry Shampoo Refresh & Care 250ml,609209,$10.00,$4.00 / 100ML,https://www.woolworths.com.au/shop/productdetails/609209/dove-dry-shampoo-refresh-care,https://cdn0.woolworths.media/content/wowproductimages/medium/609209.jpg,2020-09-20 19:49:44,Average product rating out of 5: 4.0. Product score is based on 12 ratings,12,,True
1ac4180e-3102-43e1-b4ef-7536ab81ac80,Woolworths Supermarket,Health & Beauty,Rimmel Insta Fix & Go Primer & Setting Spray 100ml,610125,$14.00,$14.00 / 100ML,https://www.woolworths.com.au/shop/productdetails/610125/rimmel-insta-fix-go-primer-setting-spray,https://cdn0.woolworths.media/content/wowproductimages/medium/610125.jpg,2020-09-20 19:49:44,Average product rating out of 5: 4.3. Product score is based on 3 ratings,3,,True
37d172a0-45d0-4e58-ad05-3055d86b75e0,Woolworths Supermarket,Health & Beauty,Ural Effervescentpowder Sachets Cranberry 20 pack,610127,$9.00,$0.45 / 1EA,https://www.woolworths.com.au/shop/productdetails/610127/ural-effervescentpowder-sachets-cranberry,https://cdn0.woolworths.media/content/wowproductimages/medium/610127.jpg,2020-09-20 19:49:44,Average product rating out of 5: 3.7. Product score is based on 3 ratings,3,,True
0845a758-4ac8-4029-8243-7f57b920f13a,Woolworths Supermarket,Health & Beauty,Hydralyte Effervescent Electrolyte Tablets Orange 10 pack,610343,$8.00,$0.80 / 1EA,https://www.woolworths.com.au/shop/productdetails/610343/hydralyte-effervescent-electrolyte-tablets-orange,https://cdn0.woolworths.media/content/wowproductimages/medium/610343.jpg,2020-09-20 19:49:44,Average product rating out of 5: 4.7. Product score is based on 12 ratings,12,,True
ed1fae7d-5dbe-41a0-a7da-b35c9d3ecafe,Woolworths Supermarket,Health & Beauty,Vo5 Frizz Free Smoothing Cream 125ml,610738,$6.00,$4.80 / 100ML,https://www.woolworths.com.au/shop/productdetails/610738/vo5-frizz-free-smoothing-cream,https://cdn0.woolworths.media/content/wowproductimages/medium/610738.jpg,2020-09-20 19:49:44,Average product rating out of 5: 4.5. Product score is based on 2 ratings,2,Was $7.00 25/09/2017,True
fb033b21-88ef-466a-9b25-79cdb374fc3f,Woolworths Supermarket,Health & Beauty,Durex Fetherlite Ultra Thin Feel Condoms 10 pack,611563,$6.80,$0.68 / 1EA,https://www.woolworths.com.au/shop/productdetails/611563/durex-fetherlite-ultra-thin-feel-condoms,https://cdn0.woolworths.media/content/wowproductimages/medium/611563.jpg,2020-09-20 19:49:44,Average product rating out of 5: 5.0. Product score is based on 1 ratings,1,2 for $10.00 $0.50/1EA,True
6865fd0f-b871-49d0-aae1-14517474f00a,Woolworths Supermarket,Health & Beauty,Durex Regular Condoms Original 30 pack,611565,$15.00,$0.50 / 1EA,https://www.woolworths.com.au/shop/productdetails/611565/durex-regular-condoms-original,https://cdn0.woolworths.media/content/wowproductimages/medium/611565.jpg,2020-09-20 19:49:44,,0,Was $17.00 11/06/2018,True
0d5cd8ad-35d1-43a7-b4cb-ccbdbd76d904,Woolworths Supermarket,Health & Beauty,L'oreal Paris Pure Clay Charcoal Detoxifying Gel Wash 150ml,611759,$7.50,$5.00 / 100ML,https://www.woolworths.com.au/shop/productdetails/611759/l-oreal-paris-pure-clay-charcoal-detoxifying-gel-wash,https://cdn0.woolworths.media/content/wowproductimages/medium/611759.jpg,2020-09-20 19:49:44,Average product rating out of 5: 3.0. Product score is based on 1 ratings,1,,True
0a3aa597-a62a-4b0d-820b-a02ae39ba482,Woolworths Supermarket,Health & Beauty,L'oreal Paris Pure Clay Red Algae Exfoliating Scrub 150ml,611770,$7.50,$5.00 / 100ML,https://www.woolworths.com.au/shop/productdetails/611770/l-oreal-paris-pure-clay-red-algae-exfoliating-scrub,https://cdn0.woolworths.media/content/wowproductimages/medium/611770.jpg,2020-09-20 19:49:44,Average product rating out of 5: 4.5. Product score is based on 2 ratings,2,,True
a3f682c2-d6f2-4a27-a97c-17ef16d3208e,Woolworths Supermarket,Health & Beauty,Telfast Hayfever Allergy Relief 60mg Antihistamine Tablets 20 pack,612289,$12.00,$0.60 / 1EA,https://www.woolworths.com.au/shop/productdetails/612289/telfast-hayfever-allergy-relief-60mg-antihistamine-tablets,https://cdn0.woolworths.media/content/wowproductimages/medium/612289.jpg,2020-09-20 19:49:44,Average product rating out of 5: 4.0. Product score is based on 7 ratings,7,,True
38c47960-1e00-43af-b733-3fe79c94b0b7,Woolworths Supermarket,Health & Beauty,L'oreal Paris Colorista Wash Out Pink Hair 80ml,612419,$8.25,$10.31 / 100ML,https://www.woolworths.com.au/shop/productdetails/612419/l-oreal-paris-colorista-wash-out-pink-hair,https://cdn0.woolworths.media/content/wowproductimages/medium/612419.jpg,2020-09-20 19:49:44,Average product rating out of 5: 1.0. Product score is based on 1 ratings,1,,True
3057617c-1be8-4afa-a1f3-a42a8879ac33,Woolworths Supermarket,Health & Beauty,L'oreal Paris Colorista Wash Out Purple 80ml,612440,$8.25,$10.31 / 100ML,https://www.woolworths.com.au/shop/productdetails/612440/l-oreal-paris-colorista-wash-out-purple,https://cdn0.woolworths.media/content/wowproductimages/medium/612440.jpg,2020-09-20 19:49:44,Average product rating out of 5: 2.5. Product score is based on 2 ratings,2,,True
1dc25ba9-14e0-436c-a02e-318d5a9c992d,Woolworths Supermarket,Health & Beauty,Sally Hansen Hard As Nails Xtreme Wear Mauve Over 11.8ml,612648,$7.00,$5.93 / 10ML,https://www.woolworths.com.au/shop/productdetails/612648/sally-hansen-hard-as-nails-xtreme-wear-mauve-over,https://cdn0.woolworths.media/content/wowproductimages/medium/612648.jpg,2020-09-20 19:49:44,Average product rating out of 5: 4.0. Product score is based on 2 ratings,2,,True
d410895c-572f-444d-a250-0e3f209e2a20,Woolworths Supermarket,Health & Beauty,Manicare Straight Nail Scissors each,612811,$14.00,$14.00 / 1EA,https://www.woolworths.com.au/shop/productdetails/612811/manicare-straight-nail-scissors,https://cdn0.woolworths.media/content/wowproductimages/medium/612811.jpg,2020-09-20 19:49:44,Average product rating out of 5: 5.0. Product score is based on 1 ratings,1,,True
a9f1c2ac-ddf1-4635-808c-967576e180f4,Woolworths Supermarket,Health & Beauty,Manicare Nail Shaper 175mm 397 2pk,615087,$6.10,,https://www.woolworths.com.au/shop/productdetails/615087/manicare-nail-shaper-175mm-397,https://cdn0.woolworths.media/content/wowproductimages/medium/615087.jpg,2020-09-20 19:49:44,,0,,True
52b561a4-db86-4289-baed-0d9123e90d17,Woolworths Supermarket,Health & Beauty,Hydralyte Effervescent Electrolyte Tablets Apple Blackcurrant 10 pack,617013,$8.00,$0.80 / 1EA,https://www.woolworths.com.au/shop/productdetails/617013/hydralyte-effervescent-electrolyte-tablets-apple-blackcurrant,https://cdn0.woolworths.media/content/wowproductimages/medium/617013.jpg,2020-09-20 19:49:44,Average product rating out of 5: 4.8. Product score is based on 11 ratings,11,,True
600ccb5f-4938-428a-bbfc-81757f8e4857,Woolworths Supermarket,Health & Beauty,Mcobeauty Precision Brow Super Fine Liner 0.22g,617706,$8.40,$381.82 / 10G,https://www.woolworths.com.au/shop/productdetails/617706/mcobeauty-precision-brow-super-fine-liner,https://cdn0.woolworths.media/content/wowproductimages/medium/617706.jpg,2020-09-20 19:49:44,Average product rating out of 5: 4.0. Product score is based on 2 ratings,2,,True
7c3ec15e-85e4-4709-b443-d8adb3018552,Woolworths Supermarket,Health & Beauty,Colourless Hair Colour Remover Max Strength 180ml,618386,$27.00,$15.00 / 100ML,https://www.woolworths.com.au/shop/productdetails/618386/colourless-hair-colour-remover-max-strength,https://cdn0.woolworths.media/content/wowproductimages/medium/618386.jpg,2020-09-20 19:49:44,Average product rating out of 5: 4.0. Product score is based on 2 ratings,2,,True
8b1fa868-5de8-46be-88de-ef1daa061de4,Woolworths Supermarket,Health & Beauty,Durex Pleasure Me Condoms 10 pack,618543,$6.50,$0.65 / 1EA,https://www.woolworths.com.au/shop/productdetails/618543/durex-pleasure-me-condoms,https://cdn0.woolworths.media/content/wowproductimages/medium/618543.jpg,2020-09-20 19:49:44,Average product rating out of 5: 4.0. Product score is based on 1 ratings,1,2 for $10.00 $0.50/1EA,True
594a3793-21d5-4412-acc1-91c64e6bb7f4,Woolworths Supermarket,Health & Beauty,Nicabate Quit Smoking Extra Fresh Mint Gum 4 Mg 30 pack,618654,$13.00,$0.43 / 1EA,https://www.woolworths.com.au/shop/productdetails/618654/nicabate-quit-smoking-extra-fresh-mint-gum-4-mg,https://cdn0.woolworths.media/content/wowproductimages/medium/618654.jpg,2020-09-20 19:49:44,Average product rating out of 5: 5.0. Product score is based on 1 ratings,1,,True
8f9dc840-6a36-4c0f-ba4b-6df8cd3571b5,Woolworths Supermarket,Health & Beauty,Nicabate Quit Smoking Extra Fresh Mint Gum 2 Mg 30 pack,618656,$13.00,$0.43 / 1EA,https://www.woolworths.com.au/shop/productdetails/618656/nicabate-quit-smoking-extra-fresh-mint-gum-2-mg,https://cdn0.woolworths.media/content/wowproductimages/medium/618656.jpg,2020-09-20 19:49:44,,0,,True
f4d2f1b7-2e04-44b8-a8b4-8be642971182,Woolworths Supermarket,Health & Beauty,Help@hand Waterproof Strips 20 pack,622132,$2.15,$0.11 / 1EA,https://www.woolworths.com.au/shop/productdetails/622132/help-hand-waterproof-strips,https://cdn0.woolworths.media/content/wowproductimages/medium/622132.jpg,2020-09-20 19:49:44,Average product rating out of 5: 5.0. Product score is based on 1 ratings,1,,True
8e3751ef-093e-4cb9-bcd3-cc2a12b4b63f,Woolworths Supermarket,Health & Beauty,Help@hand Lozenges Honey & Lemon 16 pack,622150,$4.50,$0.28 / 1EA,https://www.woolworths.com.au/shop/productdetails/622150/help-hand-lozenges-honey-lemon,https://cdn0.woolworths.media/content/wowproductimages/medium/622150.jpg,2020-09-20 19:49:44,Average product rating out of 5: 4.1. Product score is based on 549 ratings,549,,True
0868062b-cedc-4a6e-b8b6-91aa8ffa0584,Woolworths Supermarket,Health & Beauty,Help@hand Cold & Flu Relief 20 pack,622151,$10.00,$0.50 / 1EA,https://www.woolworths.com.au/shop/productdetails/622151/help-hand-cold-flu-relief,https://cdn0.woolworths.media/content/wowproductimages/medium/622151.jpg,2020-09-20 19:49:44,Average product rating out of 5: 5.0. Product score is based on 1 ratings,1,,True
6b989029-9ec1-4ab4-bae2-d91c12494463,Woolworths Supermarket,Health & Beauty,Help@hand Hayfever Relief Tablet 10 pack,622153,$6.00,$0.60 / 1EA,https://www.woolworths.com.au/shop/productdetails/622153/help-hand-hayfever-relief-tablet,https://cdn0.woolworths.media/content/wowproductimages/medium/622153.jpg,2020-09-20 19:49:44,Average product rating out of 5: 4.8. Product score is based on 4 ratings,4,,True
84ced1a5-6692-4416-856f-6d049dc8d174,Woolworths Supermarket,Health & Beauty,Maybelline Superstay 24hr Full Coverage Liquid Foundation - Sand 30 30ml,622247,$12.50,$4.17 / 10ML,https://www.woolworths.com.au/shop/productdetails/622247/maybelline-superstay-24hr-full-coverage-liquid-foundation-sand-30,https://cdn0.woolworths.media/content/wowproductimages/medium/622247.jpg,2020-09-20 19:49:44,Average product rating out of 5: 4.0. Product score is based on 4 ratings,4,,True
dcd81082-f277-4f50-8081-2abf4fdc76cd,Woolworths Supermarket,Health & Beauty,Maybelline Color Sensational Shaping Lip Liner - Nude Whisper 105 0.5g,622352,$8.40,$168.00 / 10G,https://www.woolworths.com.au/shop/productdetails/622352/maybelline-color-sensational-shaping-lip-liner-nude-whisper-105,https://cdn0.woolworths.media/content/wowproductimages/medium/622352.jpg,2020-09-20 19:49:44,,0,,True
1498edc5-c9de-40ee-b33b-8a66565ab076,Woolworths Supermarket,Health & Beauty,Maybelline Fit Me Matte & Poreless Foundation - Porcelain 110 30ml,622358,$11.00,$3.67 / 10ML,https://www.woolworths.com.au/shop/productdetails/622358/maybelline-fit-me-matte-poreless-foundation-porcelain-110,https://cdn0.woolworths.media/content/wowproductimages/medium/622358.jpg,2020-09-20 19:49:44,Average product rating out of 5: 4.5. Product score is based on 2 ratings,2,,True
bef2f3d9-7d4f-4850-9c47-efa564e99851,Woolworths Supermarket,Health & Beauty,Cellucor C4 Sport Powder Blue Raspberry 285g,623857,$40.00,$14.04 / 100G,https://www.woolworths.com.au/shop/productdetails/623857/cellucor-c4-sport-powder-blue-raspberry,https://cdn0.woolworths.media/content/wowproductimages/medium/623857.jpg,2020-09-20 19:49:44,Average product rating out of 5: 5.0. Product score is based on 1 ratings,1,,True
44b06138-b01b-4621-a25e-5465ceaafd9d,Woolworths Supermarket,Health & Beauty,Clif Bar Cool Mint Chocolate Energy Bar 68g,626739,$3.00,$4.41 / 100G,https://www.woolworths.com.au/shop/productdetails/626739/clif-bar-cool-mint-chocolate-energy-bar,https://cdn0.woolworths.media/content/wowproductimages/medium/626739.jpg,2020-09-20 19:49:44,Average product rating out of 5: 4.6. Product score is based on 7 ratings,7,,True
42be00be-665d-4610-abc4-27ce28b3d260,Woolworths Supermarket,Health & Beauty,Dettol 2 In 1 Hands And Surfaces Antibacterial Wipes 15 pack,626895,$2.50,$0.17 / 1EA,https://www.woolworths.com.au/shop/productdetails/626895/dettol-2-in-1-hands-and-surfaces-antibacterial-wipes,https://cdn0.woolworths.media/content/wowproductimages/medium/626895.jpg,2020-09-20 19:49:44,Average product rating out of 5: 4.7. Product score is based on 9 ratings,9,,True
1ceae0cc-986c-4d67-98f2-27364d0cca5f,Woolworths Supermarket,Health & Beauty,Naturopathica Fat Blaster Chocolate Shake 430g,627658,$20.00,$4.65 / 100G,https://www.woolworths.com.au/shop/productdetails/627658/naturopathica-fat-blaster-chocolate-shake,https://cdn0.woolworths.media/content/wowproductimages/medium/627658.jpg,2020-09-20 19:49:44,Average product rating out of 5: 4.4. Product score is based on 11 ratings,11,,True
9f6d5948-bde7-479c-8866-2da1a248959b,Woolworths Supermarket,Health & Beauty,Naturopathica Fat Blaster Vanilla Shake 430g,627674,$20.00,$4.65 / 100G,https://www.woolworths.com.au/shop/productdetails/627674/naturopathica-fat-blaster-vanilla-shake,https://cdn0.woolworths.media/content/wowproductimages/medium/627674.jpg,2020-09-20 19:49:44,Average product rating out of 5: 4.4. Product score is based on 14 ratings,14,,True
d3738ffa-2a11-405c-8560-ddfa8a549055,Woolworths Supermarket,Health & Beauty,Nature's Way Instant Natural Protein 300g,627678,$30.00,$10.00 / 100G,https://www.woolworths.com.au/shop/productdetails/627678/nature-s-way-instant-natural-protein,https://cdn0.woolworths.media/content/wowproductimages/medium/627678.jpg,2020-09-20 19:49:44,Average product rating out of 5: 5.0. Product score is based on 1 ratings,1,,True
6de066ee-4d63-4b7f-b393-2fe22b22397d,Woolworths Supermarket,Health & Beauty,Olay Regenerist Micro-sculpting Face Cream Moisturiser 50g,629525,$34.30,$68.60 / 100G,https://www.woolworths.com.au/shop/productdetails/629525/olay-regenerist-micro-sculpting-face-cream-moisturiser,https://cdn0.woolworths.media/content/wowproductimages/medium/629525.jpg,2020-09-20 19:49:44,Average product rating out of 5: 4.9. Product score is based on 12 ratings,12,,True
74f9646f-5c42-4a55-a5de-ae4789450a76,Woolworths Supermarket,Health & Beauty,Olay Regenerist Face Cream Moisturiser Fragrance Free 48g,629526,$34.30,$71.46 / 100G,https://www.woolworths.com.au/shop/productdetails/629526/olay-regenerist-face-cream-moisturiser-fragrance-free,https://cdn0.woolworths.media/content/wowproductimages/medium/629526.jpg,2020-09-20 19:49:44,Average product rating out of 5: 4.0. Product score is based on 5 ratings,5,,True
94543e51-535e-4a54-8381-493c71a250d0,Woolworths Supermarket,Health & Beauty,Olay Total Effects Night Face Cream Moisturiser 50g,629527,$24.50,$49.00 / 100G,https://www.woolworths.com.au/shop/productdetails/629527/olay-total-effects-night-face-cream-moisturiser,https://cdn0.woolworths.media/content/wowproductimages/medium/629527.jpg,2020-09-20 19:49:44,Average product rating out of 5: 5.0. Product score is based on 1 ratings,1,,True
139a7f51-4422-446c-92b5-c3df54c33a3c,Woolworths Supermarket,Health & Beauty,Olay Regenerist Night Face Cream Moisturiser 50g,629583,$22.75,$45.50 / 100G,https://www.woolworths.com.au/shop/productdetails/629583/olay-regenerist-night-face-cream-moisturiser,https://cdn0.woolworths.media/content/wowproductimages/medium/629583.jpg,2020-09-20 19:49:44,Average product rating out of 5: 4.5. Product score is based on 4 ratings,4,,True
92bdd612-0ffb-429d-ae08-eb3c121f0dd9,Woolworths Supermarket,Health & Beauty,Aussie Bodies Lo Carb Protein Bar Whip'd Choc Mint 4x30g,629979,$9.00,$7.50 / 100G,https://www.woolworths.com.au/shop/productdetails/629979/aussie-bodies-lo-carb-protein-bar-whip-d-choc-mint,https://cdn0.woolworths.media/content/wowproductimages/medium/629979.jpg,2020-09-20 19:49:44,Average product rating out of 5: 4.2. Product score is based on 13 ratings,13,,True
00b7f49a-944d-4581-b894-0f226a1def20,Woolworths Supermarket,Health & Beauty,Aussie Bodies Lo Carb Protein Bar Whip'd Boysenberry Ripple 4x30g,630088,$9.00,$7.50 / 100G,https://www.woolworths.com.au/shop/productdetails/630088/aussie-bodies-lo-carb-protein-bar-whip-d-boysenberry-ripple,https://cdn0.woolworths.media/content/wowproductimages/medium/630088.jpg,2020-09-20 19:49:44,Average product rating out of 5: 4.2. Product score is based on 6 ratings,6,,True
d368c505-9d54-4392-9d30-af8b8285411f,Woolworths Supermarket,Health & Beauty,Aussie Bodies Lo Carb Whip'd Protein Bars Chocolate Flavour 4 pack,630089,$9.00,$7.50 / 100G,https://www.woolworths.com.au/shop/productdetails/630089/aussie-bodies-lo-carb-whip-d-protein-bars-chocolate-flavour,https://cdn0.woolworths.media/content/wowproductimages/medium/630089.jpg,2020-09-20 19:49:44,Average product rating out of 5: 4.4. Product score is based on 22 ratings,22,,True
9b95df31-c414-4887-8153-71650cb746f2,Woolworths Supermarket,Health & Beauty,Neutrogena Hydro Boost Cleanser Water Gel 145ml,630647,$16.00,$11.03 / 100ML,https://www.woolworths.com.au/shop/productdetails/630647/neutrogena-hydro-boost-cleanser-water-gel,https://cdn0.woolworths.media/content/wowproductimages/medium/630647.jpg,2020-09-20 19:49:44,,0,,True
1a6c48b0-6505-469d-a4a3-dc0c57defc80,Woolworths Supermarket,Health & Beauty,Bondi Sands Self Tan Eraser 200ml,630954,$20.00,$10.00 / 100ML,https://www.woolworths.com.au/shop/productdetails/630954/bondi-sands-self-tan-eraser,https://cdn0.woolworths.media/content/wowproductimages/medium/630954.jpg,2020-09-20 19:49:44,Average product rating out of 5: 5.0. Product score is based on 1 ratings,1,,True
7bed6a28-2c60-4ba3-b82e-375f135b2617,Woolworths Supermarket,Health & Beauty,Bondi Sands Self Tanning Foam Ultra Dark 200ml,630956,$25.00,$12.50 / 100ML,https://www.woolworths.com.au/shop/productdetails/630956/bondi-sands-self-tanning-foam-ultra-dark,https://cdn0.woolworths.media/content/wowproductimages/medium/630956.jpg,2020-09-20 19:49:44,Average product rating out of 5: 3.0. Product score is based on 2 ratings,2,,True
7064e979-1d02-4fd4-b6f7-183dc2a5bd75,Woolworths Supermarket,Health & Beauty,Modelco Tan Remover Soap 125g,631383,$12.00,$9.60 / 100G,https://www.woolworths.com.au/shop/productdetails/631383/modelco-tan-remover-soap,https://cdn0.woolworths.media/content/wowproductimages/medium/631383.jpg,2020-09-20 19:49:44,,0,,True
f7e0de15-ed58-4b81-9f8a-33b6e4220541,Woolworths Supermarket,Health & Beauty,Aveeno Active Naturals Daily Moisturising Body Wash 532ml,633067,$12.70,$2.39 / 100ML,https://www.woolworths.com.au/shop/productdetails/633067/aveeno-active-naturals-daily-moisturising-body-wash,https://cdn0.woolworths.media/content/wowproductimages/medium/633067.jpg,2020-09-20 19:49:44,Average product rating out of 5: 4.8. Product score is based on 17 ratings,17,Was $15.00 11/09/2017,True
c56afe65-8a49-46fa-a843-b98ae836152c,Woolworths Supermarket,Health & Beauty,Olay Regenerist Detox Scrub 150ml,633600,$10.50,$7.00 / 100ML,https://www.woolworths.com.au/shop/productdetails/633600/olay-regenerist-detox-scrub,https://cdn0.woolworths.media/content/wowproductimages/medium/633600.jpg,2020-09-20 19:49:44,Average product rating out of 5: 5.0. Product score is based on 1 ratings,1,,True
75bdbe49-3a27-4c35-8384-5b5ebdaa933f,Woolworths Supermarket,Health & Beauty,Just For Men Moustache & Beard Black 70g,633632,$11.50,$11.50 / 1EA,https://www.woolworths.com.au/shop/productdetails/633632/just-for-men-moustache-beard-black,https://cdn0.woolworths.media/content/wowproductimages/medium/633632.jpg,2020-09-20 19:49:44,Average product rating out of 5: 5.0. Product score is based on 1 ratings,1,,True
ff2d4380-30ff-49df-8037-7654945aa2b9,Woolworths Supermarket,Health & Beauty,Neutrogena Sheer Zinc Face Dry-touch Sunscreen Lotion Spf 50 59ml,633728,$12.00,$20.34 / 100ML,https://www.woolworths.com.au/shop/productdetails/633728/neutrogena-sheer-zinc-face-dry-touch-sunscreen-lotion-spf-50,https://cdn0.woolworths.media/content/wowproductimages/medium/633728.jpg,2020-09-20 19:49:44,Average product rating out of 5: 5.0. Product score is based on 2 ratings,2,,True
fbba5f2f-683b-4e64-af7a-c87fa70bcc1c,Woolworths Supermarket,Health & Beauty,Neutrogena Sheer Zinc Dry-touch Sunscreen Lotion Spf 50 88ml,633782,$14.30,$16.25 / 100ML,https://www.woolworths.com.au/shop/productdetails/633782/neutrogena-sheer-zinc-dry-touch-sunscreen-lotion-spf-50,https://cdn0.woolworths.media/content/wowproductimages/medium/633782.jpg,2020-09-20 19:49:44,Average product rating out of 5: 4.0. Product score is based on 5 ratings,5,,True
5906afb3-1918-42f6-81f4-096613b95b6f,Woolworths Supermarket,Health & Beauty,Banana Boat Dry Balance Lotion Spf 50 Plus 175ml,633946,$16.00,$9.14 / 100ML,https://www.woolworths.com.au/shop/productdetails/633946/banana-boat-dry-balance-lotion-spf-50-plus,https://cdn0.woolworths.media/content/wowproductimages/medium/633946.jpg,2020-09-20 19:49:44,Average product rating out of 5: 4.9. Product score is based on 8 ratings,8,,True
e9238185-4e58-4474-9192-7b9ba40690a1,Woolworths Supermarket,Health & Beauty,Nivea Moisturiser Sunscreen Spray Lotion Spf50+ & Vitamin E 300ml,634267,$21.00,$7.00 / 100ML,https://www.woolworths.com.au/shop/productdetails/634267/nivea-moisturiser-sunscreen-spray-lotion-spf50-vitamin-e,https://cdn0.woolworths.media/content/wowproductimages/medium/634267.jpg,2020-09-20 19:49:44,Average product rating out of 5: 4.1. Product score is based on 9 ratings,9,,True
7c340ae2-5fe9-4225-baa0-0f889cac6abd,Woolworths Supermarket,Health & Beauty,Aussie Bodies Lo Carb Lean Protein Shake Chocolate 375ml,634376,$3.20,$8.53 / 1L,https://www.woolworths.com.au/shop/productdetails/634376/aussie-bodies-lo-carb-lean-protein-shake-chocolate,https://cdn0.woolworths.media/content/wowproductimages/medium/634376.jpg,2020-09-20 19:49:44,Average product rating out of 5: 4.0. Product score is based on 3 ratings,3,,True
919711ec-72aa-4047-b47a-a95378b32c43,Woolworths Supermarket,Health & Beauty,Surf Life Saving Despicable Me Roll On Spf 50+ 75ml,634471,$11.00,$14.67 / 100ML,https://www.woolworths.com.au/shop/productdetails/634471/surf-life-saving-despicable-me-roll-on-spf-50-,https://cdn0.woolworths.media/content/wowproductimages/medium/634471.jpg,2020-09-20 19:49:44,Average product rating out of 5: 4.3. Product score is based on 6 ratings,6,,True
50b16d7e-6b91-4cf8-9e62-42d4e6f745e7,Woolworths Supermarket,Health & Beauty,Nivea Black & White Fresh Aerosol Antiperspirant Deodorant 250ml,635386,$5.20,$2.08 / 100ML,https://www.woolworths.com.au/shop/productdetails/635386/nivea-black-white-fresh-aerosol-antiperspirant-deodorant,https://cdn0.woolworths.media/content/wowproductimages/medium/635386.jpg,2020-09-20 19:49:44,Average product rating out of 5: 4.8. Product score is based on 17 ratings,17,,True
5f7a5d84-63f1-4483-8268-4d201128107f,Woolworths Supermarket,Health & Beauty,Banana Boat Dry Balance Clear Spray Spf 50 Plus 175g,636069,$17.00,$9.71 / 100G,https://www.woolworths.com.au/shop/productdetails/636069/banana-boat-dry-balance-clear-spray-spf-50-plus,https://cdn0.woolworths.media/content/wowproductimages/medium/636069.jpg,2020-09-20 19:49:44,Average product rating out of 5: 5.0. Product score is based on 6 ratings,6,,True
b5d6e94e-3dbc-487a-ab53-976f9c86c33f,Woolworths Supermarket,Health & Beauty,Nivea Men Pure Impact Shower Gel & Body Wash 500ml,637111,$6.00,$1.20 / 100ML,https://www.woolworths.com.au/shop/productdetails/637111/nivea-men-pure-impact-shower-gel-body-wash,https://cdn0.woolworths.media/content/wowproductimages/medium/637111.jpg,2020-09-20 19:49:44,Average product rating out of 5: 4.8. Product score is based on 4 ratings,4,Was $7.50 20/02/2017,True
70e06ebd-3be6-4509-ba70-57280c503085,Woolworths Supermarket,Health & Beauty,Dove Women Antiperspirant Aerosol Deodorant Go Fresh 169ml,637133,$5.00,$2.96 / 100ML,https://www.woolworths.com.au/shop/productdetails/637133/dove-women-antiperspirant-aerosol-deodorant-go-fresh,https://cdn0.woolworths.media/content/wowproductimages/medium/637133.jpg,2020-09-20 19:49:44,Average product rating out of 5: 4.2. Product score is based on 6 ratings,6,,True
e6cbf62b-27b3-47c5-91a6-d0dbc1d4881c,Woolworths Supermarket,Health & Beauty,Toni & Guy Hair Elastics Black Clear 50 pack,637598,$7.00,,https://www.woolworths.com.au/shop/productdetails/637598/toni-guy-hair-elastics-black-clear,https://cdn0.woolworths.media/content/wowproductimages/medium/637598.jpg,2020-09-20 19:49:44,Average product rating out of 5: 4.7. Product score is based on 6 ratings,6,,True
46f0536b-a84a-4b2d-97b5-85a8aa1412f5,Woolworths Supermarket,Health & Beauty,Toni & Guy Bobby Pin Combo Black 30pc,637599,$7.00,,https://www.woolworths.com.au/shop/productdetails/637599/toni-guy-bobby-pin-combo-black,https://cdn0.woolworths.media/content/wowproductimages/medium/637599.jpg,2020-09-20 19:49:44,Average product rating out of 5: 4.8. Product score is based on 4 ratings,4,,True
457993e3-ed20-4731-a832-cdcfa6cd597f,Woolworths Supermarket,Health & Beauty,Toni & Guy Cushion Brush For All Lengths each,637613,$17.00,,https://www.woolworths.com.au/shop/productdetails/637613/toni-guy-cushion-brush-for-all-lengths,https://cdn0.woolworths.media/content/wowproductimages/medium/637613.jpg,2020-09-20 19:49:44,Average product rating out of 5: 4.3. Product score is based on 4 ratings,4,,True
45696229-af77-44bb-887a-00d0c82892c9,Woolworths Supermarket,Health & Beauty,Toni & Guy Bobby Pin Combo Brown 30pc,637616,$7.00,,https://www.woolworths.com.au/shop/productdetails/637616/toni-guy-bobby-pin-combo-brown,https://cdn0.woolworths.media/content/wowproductimages/medium/637616.jpg,2020-09-20 19:49:44,Average product rating out of 5: 4.7. Product score is based on 3 ratings,3,,True
e1690909-4b23-4cc0-81b1-6ad53c8e21f0,Woolworths Supermarket,Health & Beauty,Toni & Guy Grooming Brush each,637617,$26.00,,https://www.woolworths.com.au/shop/productdetails/637617/toni-guy-grooming-brush,https://cdn0.woolworths.media/content/wowproductimages/medium/637617.jpg,2020-09-20 19:49:44,Average product rating out of 5: 3.0. Product score is based on 4 ratings,4,,True
f93104cb-3298-40fd-b99e-8375637a46a9,Woolworths Supermarket,Health & Beauty,Toni & Guy Wet & Dry Detangle Comb each,637618,$8.00,,https://www.woolworths.com.au/shop/productdetails/637618/toni-guy-wet-dry-detangle-comb,https://cdn0.woolworths.media/content/wowproductimages/medium/637618.jpg,2020-09-20 19:49:44,Average product rating out of 5: 4.6. Product score is based on 16 ratings,16,,True
e57a634c-f0e6-4581-ac20-ac6df008f228,Woolworths Supermarket,Health & Beauty,Toni & Guy Styling Brush each,637640,$19.00,,https://www.woolworths.com.au/shop/productdetails/637640/toni-guy-styling-brush,https://cdn0.woolworths.media/content/wowproductimages/medium/637640.jpg,2020-09-20 19:49:44,,0,,True
18837122-9c69-4683-bfe4-49c5c6b31cca,Woolworths Supermarket,Health & Beauty,Toni & Guy Hot Radial Brush Large each,637641,$20.00,,https://www.woolworths.com.au/shop/productdetails/637641/toni-guy-hot-radial-brush-large,https://cdn0.woolworths.media/content/wowproductimages/medium/637641.jpg,2020-09-20 19:49:44,Average product rating out of 5: 3.0. Product score is based on 2 ratings,2,,True
a0b2b179-d18e-41e2-80e5-a0a4a7c949fa,Woolworths Supermarket,Health & Beauty,Toni & Guy Paddle Brush each,637643,$20.00,,https://www.woolworths.com.au/shop/productdetails/637643/toni-guy-paddle-brush,https://cdn0.woolworths.media/content/wowproductimages/medium/637643.jpg,2020-09-20 19:49:44,Average product rating out of 5: 5.0. Product score is based on 4 ratings,4,,True
9e398536-0541-41ce-8967-e172ba66eba7,Woolworths Supermarket,Health & Beauty,Toni & Guy Hair Ties 5pk,637644,$4.00,,https://www.woolworths.com.au/shop/productdetails/637644/toni-guy-hair-ties,https://cdn0.woolworths.media/content/wowproductimages/medium/637644.jpg,2020-09-20 19:49:44,Average product rating out of 5: 3.8. Product score is based on 9 ratings,9,,True
e83a4e99-ee99-4fb3-ba09-51dde2167947,Woolworths Supermarket,Health & Beauty,Toni & Guy 4mm Elastic Black 10pc,637645,$7.00,,https://www.woolworths.com.au/shop/productdetails/637645/toni-guy-4mm-elastic-black,https://cdn0.woolworths.media/content/wowproductimages/medium/637645.jpg,2020-09-20 19:49:44,Average product rating out of 5: 3.5. Product score is based on 14 ratings,14,,True
11531a8a-7427-4f5e-a53e-d8dd53bf7cd2,Woolworths Supermarket,Health & Beauty,Toni & Guy Jewelled Hair Pins 4pk,637646,$5.00,,https://www.woolworths.com.au/shop/productdetails/637646/toni-guy-jewelled-hair-pins,https://cdn0.woolworths.media/content/wowproductimages/medium/637646.jpg,2020-09-20 19:49:44,Average product rating out of 5: 2.5. Product score is based on 2 ratings,2,,True
b3d5dfd8-95b9-40e1-8261-fe3f436da0ed,Woolworths Supermarket,Health & Beauty,Toni & Guy Geom Hair Barrette Silver 2pk,637647,$7.00,,https://www.woolworths.com.au/shop/productdetails/637647/toni-guy-geom-hair-barrette-silver,https://cdn0.woolworths.media/content/wowproductimages/medium/637647.jpg,2020-09-20 19:49:44,Average product rating out of 5: 2.3. Product score is based on 3 ratings,3,,True
d630cd34-6bf3-49fd-a682-1929aa0e3db1,Woolworths Supermarket,Health & Beauty,Toni & Guy 4mm Hair Elastic Brown 10pc,637648,$7.00,,https://www.woolworths.com.au/shop/productdetails/637648/toni-guy-4mm-hair-elastic-brown,https://cdn0.woolworths.media/content/wowproductimages/medium/637648.jpg,2020-09-20 19:49:44,Average product rating out of 5: 3.9. Product score is based on 7 ratings,7,,True
f14a2273-f05d-45d1-8b22-dc6451f1dee4,Woolworths Supermarket,Health & Beauty,Help@hand Ibuprofen Mini Caps 24 pack,638026,$2.00,$0.08 / 1EA,https://www.woolworths.com.au/shop/productdetails/638026/help-hand-ibuprofen-mini-caps,https://cdn0.woolworths.media/content/wowproductimages/medium/638026.jpg,2020-09-20 19:49:44,Average product rating out of 5: 4.8. Product score is based on 18 ratings,18,,True
982f81f1-dd2b-455f-be2c-bef1bd2cfa13,Woolworths Supermarket,Health & Beauty,Tom Organic Super Tampons 2x8 pack,640061,$4.55,$0.28 / 1EA,https://www.woolworths.com.au/shop/productdetails/640061/tom-organic-super-tampons,https://cdn0.woolworths.media/content/wowproductimages/medium/640061.jpg,2020-09-20 19:49:44,,0,,True
52dd7899-4643-4133-9dbe-5f6231020321,Woolworths Supermarket,Health & Beauty,Nature's Own Glucosamine Sulfate 1500 With Chondroitin Tablets 100 pack,640769,$15.00,$15.00 / 100EA,https://www.woolworths.com.au/shop/productdetails/640769/nature-s-own-glucosamine-sulfate-1500-with-chondroitin-tablets,https://cdn0.woolworths.media/content/wowproductimages/medium/640769.jpg,2020-09-20 19:49:44,Average product rating out of 5: 4.7. Product score is based on 6 ratings,6,,True
7233950c-968e-43c4-8703-9c5d2aed824f,Woolworths Supermarket,Health & Beauty,Nature's Own Glucosamine Sulfate 1500 Tablets 120 pack,640812,$30.00,$25.00 / 100EA,https://www.woolworths.com.au/shop/productdetails/640812/nature-s-own-glucosamine-sulfate-1500-tablets,https://cdn0.woolworths.media/content/wowproductimages/medium/640812.jpg,2020-09-20 19:49:44,Average product rating out of 5: 5.0. Product score is based on 2 ratings,2,,True
e27e6e94-b3ee-41a2-80f8-02bc68ef8d70,Woolworths Supermarket,Health & Beauty,Blackmores Superkids Immune Gummies 60 pack,641891,$15.00,$25.00 / 100EA,https://www.woolworths.com.au/shop/productdetails/641891/blackmores-superkids-immune-gummies,https://cdn0.woolworths.media/content/wowproductimages/medium/641891.jpg,2020-09-20 19:49:44,Average product rating out of 5: 5.0. Product score is based on 10 ratings,10,,True
0adf9f78-f036-4add-a070-3e3021e14f01,Woolworths Supermarket,Health & Beauty,Blackmores Fish Oil 1000 Capsules 100 pack,641895,$10.00,$10.00 / 100EA,https://www.woolworths.com.au/shop/productdetails/641895/blackmores-fish-oil-1000-capsules,https://cdn0.woolworths.media/content/wowproductimages/medium/641895.jpg,2020-09-20 19:49:44,Average product rating out of 5: 3.7. Product score is based on 3 ratings,3,,True
54832c91-3af9-420e-9029-aa68694d6d12,Woolworths Supermarket,Health & Beauty,Blackmores Superkids Multi Gummies 60 pack,642034,$15.00,$25.00 / 100EA,https://www.woolworths.com.au/shop/productdetails/642034/blackmores-superkids-multi-gummies,https://cdn0.woolworths.media/content/wowproductimages/medium/642034.jpg,2020-09-20 19:49:44,Average product rating out of 5: 4.5. Product score is based on 11 ratings,11,,True
9538a973-0b28-4256-862d-0d0ca8d949aa,Woolworths Supermarket,Health & Beauty,Nature's Way Magnesium Chelate Tablets 1000mg 100 pack,642322,$25.00,$25.00 / 100EA,https://www.woolworths.com.au/shop/productdetails/642322/nature-s-way-magnesium-chelate-tablets-1000mg,https://cdn0.woolworths.media/content/wowproductimages/medium/642322.jpg,2020-09-20 19:49:44,Average product rating out of 5: 4.8. Product score is based on 4 ratings,4,,True
a8b06362-7c22-4a08-a01a-7198e82edb04,Woolworths Supermarket,Health & Beauty,Nature's Way Beauty Collagen Tablets 60 pack,642324,$15.00,$25.00 / 100EA,https://www.woolworths.com.au/shop/productdetails/642324/nature-s-way-beauty-collagen-tablets,https://cdn0.woolworths.media/content/wowproductimages/medium/642324.jpg,2020-09-20 19:49:44,Average product rating out of 5: 4.5. Product score is based on 4 ratings,4,,True
4add2a65-45f0-4744-825b-1229d685eec2,Woolworths Supermarket,Health & Beauty,Nature's Way Magnesium Vita Gummies 80 pack,642325,$20.00,$25.00 / 100EA,https://www.woolworths.com.au/shop/productdetails/642325/nature-s-way-magnesium-vita-gummies,https://cdn0.woolworths.media/content/wowproductimages/medium/642325.jpg,2020-09-20 19:49:44,Average product rating out of 5: 3.6. Product score is based on 9 ratings,9,,True
13eb5cc3-a38e-40b2-8f16-42ba5d1f60e4,Woolworths Supermarket,Health & Beauty,David Beckham Instinct Sport Deodorant Body Spray 150ml,642848,$8.00,$5.33 / 100ML,https://www.woolworths.com.au/shop/productdetails/642848/david-beckham-instinct-sport-deodorant-body-spray,https://cdn0.woolworths.media/content/wowproductimages/medium/642848.jpg,2020-09-20 19:49:44,Average product rating out of 5: 4.0. Product score is based on 4 ratings,4,,True
8daa0a5f-c1c7-45d0-87bd-0e8572f11bb6,Woolworths Supermarket,Health & Beauty,Tom & Luke Salted Caramel 10 pack,644436,$3.00,$2.14 / 100G,https://www.woolworths.com.au/shop/productdetails/644436/tom-luke-salted-caramel,https://cdn0.woolworths.media/content/wowproductimages/medium/644436.jpg,2020-09-20 19:49:44,Average product rating out of 5: 4.9. Product score is based on 14 ratings,14,,True
c7dcb178-79ce-4068-af26-3e12b1ad7723,Woolworths Supermarket,Health & Beauty,Tom & Luke Peanut Butter & Cacao 10 pack,644858,$3.00,$2.14 / 100G,https://www.woolworths.com.au/shop/productdetails/644858/tom-luke-peanut-butter-cacao,https://cdn0.woolworths.media/content/wowproductimages/medium/644858.jpg,2020-09-20 19:49:44,Average product rating out of 5: 4.9. Product score is based on 8 ratings,8,,True
177e6377-cb6c-448f-9832-7491f04a2e5d,Woolworths Supermarket,Health & Beauty,Cancer Council Sensitive Sunscreen Pump Bottle Spf 50 Plus 200ml,644972,$13.20,$6.60 / 100ML,https://www.woolworths.com.au/shop/productdetails/644972/cancer-council-sensitive-sunscreen-pump-bottle-spf-50-plus,https://cdn0.woolworths.media/content/wowproductimages/medium/644972.jpg,2020-09-20 19:49:44,Average product rating out of 5: 4.8. Product score is based on 4 ratings,4,,True
c452fb44-e41e-46a1-9db0-464f39588188,Woolworths Supermarket,Health & Beauty,Cancer Council Active Sunscreen Pump Bottle Spf 50 Plus 200ml,644973,$13.20,$6.60 / 100ML,https://www.woolworths.com.au/shop/productdetails/644973/cancer-council-active-sunscreen-pump-bottle-spf-50-plus,https://cdn0.woolworths.media/content/wowproductimages/medium/644973.jpg,2020-09-20 19:49:44,Average product rating out of 5: 5.0. Product score is based on 2 ratings,2,,True
189063d8-c2ef-4036-b42c-744ea8007e86,Woolworths Supermarket,Health & Beauty,Atkins Chocolate 330ml,645868,$3.50,$1.06 / 100ML,https://www.woolworths.com.au/shop/productdetails/645868/atkins-chocolate,https://cdn0.woolworths.media/content/wowproductimages/medium/645868.jpg,2020-09-20 19:49:44,Average product rating out of 5: 4.4. Product score is based on 12 ratings,12,,True
2061886d-b660-472f-bdd8-29de8c604947,Woolworths Supermarket,Health & Beauty,Panadol Extra With Optizorb Paracetamol Pain Relief 10 pack,646898,$5.00,$0.50 / 1EA,https://www.woolworths.com.au/shop/productdetails/646898/panadol-extra-with-optizorb-paracetamol-pain-relief,https://cdn0.woolworths.media/content/wowproductimages/medium/646898.jpg,2020-09-20 19:49:44,Average product rating out of 5: 5.0. Product score is based on 2 ratings,2,,True
cab2391f-918e-45f0-b4b6-cf8dc235ac40,Woolworths Supermarket,Health & Beauty,White Glo White Accel Blue Light Kit each,647738,$35.00,$35.00 / 1EA,https://www.woolworths.com.au/shop/productdetails/647738/white-glo-white-accel-blue-light-kit,https://cdn0.woolworths.media/content/wowproductimages/medium/647738.jpg,2020-09-20 19:49:44,Average product rating out of 5: 3.8. Product score is based on 29 ratings,29,,True
ffb4b32d-2a45-4952-af1a-467c417cc49b,Woolworths Supermarket,Health & Beauty,White Glo Charcoal Toothpaste Deep Stain Remover 150g,647836,$6.00,$4.00 / 100G,https://www.woolworths.com.au/shop/productdetails/647836/white-glo-charcoal-toothpaste-deep-stain-remover,https://cdn0.woolworths.media/content/wowproductimages/medium/647836.jpg,2020-09-20 19:49:44,Average product rating out of 5: 4.5. Product score is based on 37 ratings,37,,True
32501bed-fd4b-4661-99d9-07fceb1d820a,Woolworths Supermarket,Health & Beauty,Listerine Bright White Mouthwash 500ml,647837,$8.50,$1.70 / 100ML,https://www.woolworths.com.au/shop/productdetails/647837/listerine-bright-white-mouthwash,https://cdn0.woolworths.media/content/wowproductimages/medium/647837.jpg,2020-09-20 19:49:44,Average product rating out of 5: 4.3. Product score is based on 6 ratings,6,Was $9.20 14/11/2016,True
8899e45d-79bb-4efe-96ce-00af164b6a43,Woolworths Supermarket,Health & Beauty,Piksters Interdental Brushes Size 0 10 pack,649946,$6.50,$0.65 / 1EA,https://www.woolworths.com.au/shop/productdetails/649946/piksters-interdental-brushes-size-0,https://cdn0.woolworths.media/content/wowproductimages/medium/649946.jpg,2020-09-20 19:49:44,Average product rating out of 5: 4.8. Product score is based on 6 ratings,6,,True
ddedec3c-e27f-4238-98ba-bf4058fdb0f4,Woolworths Supermarket,Health & Beauty,Herbal Essences Hydrate Coconut Milk Shampoo 400ml,650324,$12.00,$3.00 / 100ML,https://www.woolworths.com.au/shop/productdetails/650324/herbal-essences-hydrate-coconut-milk-shampoo,https://cdn0.woolworths.media/content/wowproductimages/medium/650324.jpg,2020-09-20 19:49:44,Average product rating out of 5: 4.5. Product score is based on 4 ratings,4,,True
869e4569-1f71-40c4-8869-c17ea8e7b7ed,Woolworths Supermarket,Health & Beauty,Herbal Essences Hydrate Coconut Milk Conditioner 400ml,650325,$12.00,$3.00 / 100ML,https://www.woolworths.com.au/shop/productdetails/650325/herbal-essences-hydrate-coconut-milk-conditioner,https://cdn0.woolworths.media/content/wowproductimages/medium/650325.jpg,2020-09-20 19:49:44,Average product rating out of 5: 5.0. Product score is based on 4 ratings,4,,True
9d569951-94f2-48e2-bf17-0692f75cd9b1,Woolworths Supermarket,Health & Beauty,Herbal Essences Smooth Golden Moringa Oil Shampoo 400ml,650326,$12.00,$3.00 / 100ML,https://www.woolworths.com.au/shop/productdetails/650326/herbal-essences-smooth-golden-moringa-oil-shampoo,https://cdn0.woolworths.media/content/wowproductimages/medium/650326.jpg,2020-09-20 19:49:44,Average product rating out of 5: 2.0. Product score is based on 1 ratings,1,,True
d1e3d9ed-a534-47b8-b51e-e3006236a889,Woolworths Supermarket,Health & Beauty,Herbal Essences Smooth Golden Moringa Oil Conditioner 400ml,650327,$12.00,$3.00 / 100ML,https://www.woolworths.com.au/shop/productdetails/650327/herbal-essences-smooth-golden-moringa-oil-conditioner,https://cdn0.woolworths.media/content/wowproductimages/medium/650327.jpg,2020-09-20 19:49:44,Average product rating out of 5: 5.0. Product score is based on 1 ratings,1,,True
88309339-6dd6-4793-9e03-953553a32f0d,Woolworths Supermarket,Health & Beauty,Herbal Essences Repair Argan Oil Shampoo 400ml,650328,$12.00,$3.00 / 100ML,https://www.woolworths.com.au/shop/productdetails/650328/herbal-essences-repair-argan-oil-shampoo,https://cdn0.woolworths.media/content/wowproductimages/medium/650328.jpg,2020-09-20 19:49:44,Average product rating out of 5: 4.8. Product score is based on 6 ratings,6,,True
ef4a1c1e-ae21-4e72-8dbe-217a056f92f6,Woolworths Supermarket,Health & Beauty,Herbal Essences Repair Argan Oil Conditioner 400ml,650329,$12.00,$3.00 / 100ML,https://www.woolworths.com.au/shop/productdetails/650329/herbal-essences-repair-argan-oil-conditioner,https://cdn0.woolworths.media/content/wowproductimages/medium/650329.jpg,2020-09-20 19:49:44,Average product rating out of 5: 4.3. Product score is based on 3 ratings,3,,True
56ea3e48-8f0e-48a8-882f-196db004e6cd,Woolworths Supermarket,Health & Beauty,The Detangler Vented Paddle Brush each,651357,$16.00,,https://www.woolworths.com.au/shop/productdetails/651357/the-detangler-vented-paddle-brush,https://cdn0.woolworths.media/content/wowproductimages/medium/651357.jpg,2020-09-20 19:49:44,Average product rating out of 5: 4.0. Product score is based on 1 ratings,1,,True
e7d50f4d-6a2c-41c7-8207-8524f6040cbe,Woolworths Supermarket,Health & Beauty,Rimmel Wonderfully Real Mascara Black 11ml,653232,$19.00,$17.27 / 10ML,https://www.woolworths.com.au/shop/productdetails/653232/rimmel-wonderfully-real-mascara-black,https://cdn0.woolworths.media/content/wowproductimages/medium/653232.jpg,2020-09-20 19:49:44,,0,,True
687ebbc5-966d-42f0-8b6f-1784ed14e0f3,Woolworths Supermarket,Health & Beauty,First Response Digital Pregnancy Test 2 pack,659504,$23.00,$11.50 / 1EA,https://www.woolworths.com.au/shop/productdetails/659504/first-response-digital-pregnancy-test,https://cdn0.woolworths.media/content/wowproductimages/medium/659504.jpg,2020-09-20 19:49:44,,0,,True
cbe1c636-4950-421f-9942-11d41ae4d0c8,Woolworths Supermarket,Health & Beauty,L'oreal Wrinkle Expert 35+ 50ml,659791,$15.00,$30.00 / 100ML,https://www.woolworths.com.au/shop/productdetails/659791/l-oreal-wrinkle-expert-35-,https://cdn0.woolworths.media/content/wowproductimages/medium/659791.jpg,2020-09-20 19:49:44,Average product rating out of 5: 5.0. Product score is based on 1 ratings,1,Was $20.00 16/04/2018,True
e8c23d9f-213c-4e5f-ac31-30f0b7a620f5,Woolworths Supermarket,Health & Beauty,L'oreal Wrinkle Expert 45+ 50ml,659792,$15.00,$30.00 / 100ML,https://www.woolworths.com.au/shop/productdetails/659792/l-oreal-wrinkle-expert-45-,https://cdn0.woolworths.media/content/wowproductimages/medium/659792.jpg,2020-09-20 19:49:44,Average product rating out of 5: 5.0. Product score is based on 1 ratings,1,Was $20.00 16/04/2018,True
a7217a02-5ffb-413d-b655-82b2cc557d66,Woolworths Supermarket,Health & Beauty,L'oreal Wrinkle Expert 55+ 50ml,659793,$15.00,$30.00 / 100ML,https://www.woolworths.com.au/shop/productdetails/659793/l-oreal-wrinkle-expert-55-,https://cdn0.woolworths.media/content/wowproductimages/medium/659793.jpg,2020-09-20 19:49:44,Average product rating out of 5: 3.0. Product score is based on 1 ratings,1,Was $20.00 16/04/2018,True
4e53166d-14f7-4dde-a86e-bc38dbc66600,Woolworths Supermarket,Health & Beauty,Lifestyles Lifestyles Ultra Natural Water Based Intimate Gel 100ml,660340,$10.00,$10.00 / 100ML,https://www.woolworths.com.au/shop/productdetails/660340/lifestyles-lifestyles-ultra-natural-water-based-intimate-gel,https://cdn0.woolworths.media/content/wowproductimages/medium/660340.jpg,2020-09-20 19:49:44,Average product rating out of 5: 4.0. Product score is based on 1 ratings,1,,True
1025211c-6384-4680-8918-ac53401712c5,Woolworths Supermarket,Health & Beauty,Herbal Essences Naked Volume White Grapefruit & Mosa Mint Conditioner 400ml,660863,$12.00,$3.00 / 100ML,https://www.woolworths.com.au/shop/productdetails/660863/herbal-essences-naked-volume-white-grapefruit-mosa-mint-conditioner,https://cdn0.woolworths.media/content/wowproductimages/medium/660863.jpg,2020-09-20 19:49:44,Average product rating out of 5: 3.8. Product score is based on 4 ratings,4,,True
dce37511-2b00-4721-87e5-fa4455a808d8,Woolworths Supermarket,Health & Beauty,Herbal Essences Naked Volume White Grapefruit & Mosa Mint Shampoo 400ml,660884,$12.00,$3.00 / 100ML,https://www.woolworths.com.au/shop/productdetails/660884/herbal-essences-naked-volume-white-grapefruit-mosa-mint-shampoo,https://cdn0.woolworths.media/content/wowproductimages/medium/660884.jpg,2020-09-20 19:49:44,Average product rating out of 5: 4.9. Product score is based on 11 ratings,11,,True
83f0c76c-6bfe-4e9b-8068-923be0a9957c,Woolworths Supermarket,Health & Beauty,Bosisto's Eucalyptus Spray 225g,661303,$11.00,$4.89 / 100G,https://www.woolworths.com.au/shop/productdetails/661303/bosisto-s-eucalyptus-spray,https://cdn0.woolworths.media/content/wowproductimages/medium/661303.jpg,2020-09-20 19:49:44,Average product rating out of 5: 4.9. Product score is based on 62 ratings,62,,True
7fc5e67b-ffc6-4533-9439-a5a6cfdec2e9,Woolworths Supermarket,Health & Beauty,Bosisto's Aroma Sleep Mist 125ml,661414,$12.00,$9.60 / 100ML,https://www.woolworths.com.au/shop/productdetails/661414/bosisto-s-aroma-sleep-mist,https://cdn0.woolworths.media/content/wowproductimages/medium/661414.jpg,2020-09-20 19:49:44,Average product rating out of 5: 5.0. Product score is based on 6 ratings,6,,True
7df43e10-d377-4456-bf4e-0e3341a87646,Woolworths Supermarket,Health & Beauty,Quitnits Head Lice Solution 125ml,661457,$23.50,$18.80 / 100ML,https://www.woolworths.com.au/shop/productdetails/661457/quitnits-head-lice-solution,https://cdn0.woolworths.media/content/wowproductimages/medium/661457.jpg,2020-09-20 19:49:44,Average product rating out of 5: 5.0. Product score is based on 1 ratings,1,,True
4a4d18f4-5aab-4b8f-9ad3-9f187d8542e4,Woolworths Supermarket,Health & Beauty,Quitnits Head Lice Foam Solution 125ml,661499,$9.00,$7.20 / 100ML,https://www.woolworths.com.au/shop/productdetails/661499/quitnits-head-lice-foam-solution,https://cdn0.woolworths.media/content/wowproductimages/medium/661499.jpg,2020-09-20 19:49:44,Average product rating out of 5: 4.6. Product score is based on 5 ratings,5,,True
49ab5d14-7da9-41fd-bb45-fa48f3055710,Woolworths Supermarket,Health & Beauty,Dove Strengthen Ritual Shampoo 320ml,661507,$6.90,$2.16 / 100ML,https://www.woolworths.com.au/shop/productdetails/661507/dove-strengthen-ritual-shampoo,https://cdn0.woolworths.media/content/wowproductimages/medium/661507.jpg,2020-09-20 19:49:44,Average product rating out of 5: 5.0. Product score is based on 2 ratings,2,,True
dd2acf3b-4100-4ef3-9da9-6c9af725e156,Woolworths Supermarket,Health & Beauty,Elastoplast Be Happy Plasters 16 pack,661630,$2.20,$0.14 / 1EA,https://www.woolworths.com.au/shop/productdetails/661630/elastoplast-be-happy-plasters,https://cdn0.woolworths.media/content/wowproductimages/medium/661630.jpg,2020-09-20 19:49:44,Average product rating out of 5: 4.1. Product score is based on 7 ratings,7,,True
dfeae6fd-463d-48b2-982b-365ab53bd677,Woolworths Supermarket,Health & Beauty,Dove Restoring Ritual Shampoo 320ml,661634,$6.90,$2.16 / 100ML,https://www.woolworths.com.au/shop/productdetails/661634/dove-restoring-ritual-shampoo,https://cdn0.woolworths.media/content/wowproductimages/medium/661634.jpg,2020-09-20 19:49:44,Average product rating out of 5: 5.0. Product score is based on 1 ratings,1,,True
f95b5bb4-20c4-47b6-b590-a356ea0c403e,Woolworths Supermarket,Health & Beauty,Dove Strengthen Ritual Conditioner 320ml,661636,$6.90,$2.16 / 100ML,https://www.woolworths.com.au/shop/productdetails/661636/dove-strengthen-ritual-conditioner,https://cdn0.woolworths.media/content/wowproductimages/medium/661636.jpg,2020-09-20 19:49:44,Average product rating out of 5: 5.0. Product score is based on 1 ratings,1,,True
04dffc80-57c0-4f51-8b96-85c4e22d88e3,Woolworths Supermarket,Health & Beauty,Dove Restoring Ritual Conditioner 320ml,661640,$6.90,$2.16 / 100ML,https://www.woolworths.com.au/shop/productdetails/661640/dove-restoring-ritual-conditioner,https://cdn0.woolworths.media/content/wowproductimages/medium/661640.jpg,2020-09-20 19:49:44,Average product rating out of 5: 5.0. Product score is based on 1 ratings,1,,True
bc4de6a4-0dbe-4049-9d7b-2e8ac8d97733,Woolworths Supermarket,Health & Beauty,Thursday Plantation Peppermint Oil 25ml,661674,$12.00,$48.00 / 100ML,https://www.woolworths.com.au/shop/productdetails/661674/thursday-plantation-peppermint-oil,https://cdn0.woolworths.media/content/wowproductimages/medium/661674.jpg,2020-09-20 19:49:44,Average product rating out of 5: 5.0. Product score is based on 9 ratings,9,,True
420a081b-976b-4276-bf65-eccdc9a5bcd8,Woolworths Supermarket,Health & Beauty,David Beckham Classic Blue Deodorant Body Spray 150ml,661798,$8.00,$5.33 / 100ML,https://www.woolworths.com.au/shop/productdetails/661798/david-beckham-classic-blue-deodorant-body-spray,https://cdn0.woolworths.media/content/wowproductimages/medium/661798.jpg,2020-09-20 19:49:44,Average product rating out of 5: 3.7. Product score is based on 3 ratings,3,,True
22f7467e-d465-40fd-be58-397fe282b8a0,Woolworths Supermarket,Health & Beauty,L'oreal Paris Elvive Colour Protect Conditioner 325ml,662396,$4.00,$1.23 / 100ML,https://www.woolworths.com.au/shop/productdetails/662396/l-oreal-paris-elvive-colour-protect-conditioner,https://cdn0.woolworths.media/content/wowproductimages/medium/662396.jpg,2020-09-20 19:49:44,Average product rating out of 5: 4.0. Product score is based on 1 ratings,1,,True
ac7c5fd5-f822-4dc9-b8ed-05ff6db58038,Woolworths Supermarket,Health & Beauty,L'oreal Paris Elvive Colour Protect Shampoo 325ml,662407,$4.00,$1.23 / 100ML,https://www.woolworths.com.au/shop/productdetails/662407/l-oreal-paris-elvive-colour-protect-shampoo,https://cdn0.woolworths.media/content/wowproductimages/medium/662407.jpg,2020-09-20 19:49:44,Average product rating out of 5: 4.0. Product score is based on 1 ratings,1,,True
213d91c0-3430-4d6c-8e02-d451b77a02c3,Woolworths Supermarket,Health & Beauty,L'oreal Paris Elvive Total Repair Shampoo 325ml,662421,$4.00,$1.23 / 100ML,https://www.woolworths.com.au/shop/productdetails/662421/l-oreal-paris-elvive-total-repair-shampoo,https://cdn0.woolworths.media/content/wowproductimages/medium/662421.jpg,2020-09-20 19:49:44,Average product rating out of 5: 5.0. Product score is based on 1 ratings,1,,True
76ff7ac8-57e6-4d10-967e-f0aab290ccd0,Woolworths Supermarket,Health & Beauty,L'oreal Paris Elvive Total Repair Conditioner 325ml,662430,$4.00,$1.23 / 100ML,https://www.woolworths.com.au/shop/productdetails/662430/l-oreal-paris-elvive-total-repair-conditioner,https://cdn0.woolworths.media/content/wowproductimages/medium/662430.jpg,2020-09-20 19:49:44,Average product rating out of 5: 5.0. Product score is based on 2 ratings,2,,True
920499cd-6a05-43da-99a4-950a18f79042,Woolworths Supermarket,Health & Beauty,L'oreal Paris Elvive Extraordinary Oil Shampoo 325ml,662432,$4.00,$1.23 / 100ML,https://www.woolworths.com.au/shop/productdetails/662432/l-oreal-paris-elvive-extraordinary-oil-shampoo,https://cdn0.woolworths.media/content/wowproductimages/medium/662432.jpg,2020-09-20 19:49:44,Average product rating out of 5: 4.7. Product score is based on 3 ratings,3,,True
c8256e1a-d1ad-4479-b598-33d9fbe8f500,Woolworths Supermarket,Health & Beauty,L'oreal Paris Elvive Extraordinary Oil Conditioner 325ml,662433,$4.00,$1.23 / 100ML,https://www.woolworths.com.au/shop/productdetails/662433/l-oreal-paris-elvive-extraordinary-oil-conditioner,https://cdn0.woolworths.media/content/wowproductimages/medium/662433.jpg,2020-09-20 19:49:44,Average product rating out of 5: 4.3. Product score is based on 3 ratings,3,,True
b74f854f-fb23-4aa2-9ed9-dd61946b3d87,Woolworths Supermarket,Health & Beauty,Zyrtec Hay Fever Rapid Acting Liquid Capsules 10 pack,662542,$14.15,$1.42 / 1EA,https://www.woolworths.com.au/shop/productdetails/662542/zyrtec-hay-fever-rapid-acting-liquid-capsules,https://cdn0.woolworths.media/content/wowproductimages/medium/662542.jpg,2020-09-20 19:49:44,Average product rating out of 5: 4.5. Product score is based on 2 ratings,2,,True
30a8b28b-e4af-4b66-9cb7-0d88985e6916,Woolworths Supermarket,Health & Beauty,Zyrtec Hay Fever Rapid Acting Mini Tablets 10 pack,662547,$10.40,$1.04 / 1EA,https://www.woolworths.com.au/shop/productdetails/662547/zyrtec-hay-fever-rapid-acting-mini-tablets,https://cdn0.woolworths.media/content/wowproductimages/medium/662547.jpg,2020-09-20 19:49:44,Average product rating out of 5: 4.1. Product score is based on 7 ratings,7,,True
28f32d01-5441-4052-8325-b3f7f0ecf17a,Woolworths Supermarket,Health & Beauty,Gastro-stop Capsules 8 pack,662638,$9.00,$1.13 / 1EA,https://www.woolworths.com.au/shop/productdetails/662638/gastro-stop-capsules,https://cdn0.woolworths.media/content/wowproductimages/medium/662638.jpg,2020-09-20 19:49:44,Average product rating out of 5: 4.9. Product score is based on 7 ratings,7,,True
0ff373ef-4a16-41e8-af00-91bb198eefdd,Woolworths Supermarket,Health & Beauty,Glow Lab Gel Cleanser 140ml,662659,$16.00,$11.43 / 100ML,https://www.woolworths.com.au/shop/productdetails/662659/glow-lab-gel-cleanser,https://cdn0.woolworths.media/content/wowproductimages/medium/662659.jpg,2020-09-20 19:49:44,Average product rating out of 5: 4.0. Product score is based on 7 ratings,7,,True
0290eb3e-5e8d-4408-894b-40755c7c1b61,Woolworths Supermarket,Health & Beauty,Glow Lab Night Cream 50g,662676,$20.00,$40.00 / 100G,https://www.woolworths.com.au/shop/productdetails/662676/glow-lab-night-cream,https://cdn0.woolworths.media/content/wowproductimages/medium/662676.jpg,2020-09-20 19:49:44,Average product rating out of 5: 5.0. Product score is based on 2 ratings,2,,True
691ad42d-c832-4003-8b0d-668716888589,Woolworths Supermarket,Health & Beauty,Glow Lab Moisturiser 100ml,662677,$16.00,$16.00 / 100ML,https://www.woolworths.com.au/shop/productdetails/662677/glow-lab-moisturiser,https://cdn0.woolworths.media/content/wowproductimages/medium/662677.jpg,2020-09-20 19:49:44,Average product rating out of 5: 4.0. Product score is based on 2 ratings,2,,True
f6eb06be-b61b-4b90-b0a5-b1e1a9caee33,Woolworths Supermarket,Health & Beauty,Glow Lab Facial Serum 30ml,662680,$30.00,$100.00 / 100ML,https://www.woolworths.com.au/shop/productdetails/662680/glow-lab-facial-serum,https://cdn0.woolworths.media/content/wowproductimages/medium/662680.jpg,2020-09-20 19:49:44,Average product rating out of 5: 4.6. Product score is based on 7 ratings,7,,True
3591a59a-51dc-474b-b690-92e93746a9ad,Woolworths Supermarket,Health & Beauty,Glow Lab Exfoliator 100ml,662683,$16.00,$16.00 / 100ML,https://www.woolworths.com.au/shop/productdetails/662683/glow-lab-exfoliator,https://cdn0.woolworths.media/content/wowproductimages/medium/662683.jpg,2020-09-20 19:49:44,Average product rating out of 5: 3.3. Product score is based on 4 ratings,4,,True
d9ce95a6-f606-4641-9f40-711b1e9d23dd,Woolworths Supermarket,Health & Beauty,Ardell Demi Wispies Black each,662874,$11.00,$11.00 / 1EA,https://www.woolworths.com.au/shop/productdetails/662874/ardell-demi-wispies-black,https://cdn0.woolworths.media/content/wowproductimages/medium/662874.jpg,2020-09-20 19:49:44,,0,,True
56a54850-deda-443e-8c63-db6735e96e78,Woolworths Supermarket,Health & Beauty,Glow Lab Mini Pack each,662941,$25.00,$25.00 / 1EA,https://www.woolworths.com.au/shop/productdetails/662941/glow-lab-mini-pack,https://cdn0.woolworths.media/content/wowproductimages/medium/662941.jpg,2020-09-20 19:49:44,Average product rating out of 5: 5.0. Product score is based on 9 ratings,9,,True
d9447157-4499-4125-9d7e-7a854b30805c,Woolworths Supermarket,Health & Beauty,Head & Shoulders Clean & Balanced Shampoo 80ml,665565,$3.00,$3.75 / 100ML,https://www.woolworths.com.au/shop/productdetails/665565/head-shoulders-clean-balanced-shampoo,https://cdn0.woolworths.media/content/wowproductimages/medium/665565.jpg,2020-09-20 19:49:44,,0,,True
2b0c7a3b-a503-491f-95c1-3d7525cd34e3,Woolworths Supermarket,Health & Beauty,Listerine Bright White Mouthwash 1l,666681,$12.50,$1.25 / 100ML,https://www.woolworths.com.au/shop/productdetails/666681/listerine-bright-white-mouthwash,https://cdn0.woolworths.media/content/wowproductimages/medium/666681.jpg,2020-09-20 19:49:44,,0,Was $13.65 14/11/2016,True
516e1c42-99d7-4ef0-93ef-bf7ab224aa40,Woolworths Supermarket,Health & Beauty,Dove Women Deodorant Stick Fresh Pomegranate 40g,667516,$6.00,$15.00 / 100G,https://www.woolworths.com.au/shop/productdetails/667516/dove-women-deodorant-stick-fresh-pomegranate,https://cdn0.woolworths.media/content/wowproductimages/medium/667516.jpg,2020-09-20 19:49:44,Average product rating out of 5: 4.4. Product score is based on 5 ratings,5,,True
b47b6c5e-e901-453d-acff-b8f9feef50fb,Woolworths Supermarket,Health & Beauty,Rexona Men Deodorant Stick Invisible Dry 52g,667579,$4.00,$7.69 / 100G,https://www.woolworths.com.au/shop/productdetails/667579/rexona-men-deodorant-stick-invisible-dry,https://cdn0.woolworths.media/content/wowproductimages/medium/667579.jpg,2020-09-20 19:49:44,Average product rating out of 5: 4.0. Product score is based on 5 ratings,5,,True
951c9f53-d47d-4017-a500-29fd4044d2e8,Woolworths Supermarket,Health & Beauty,Rexona Women Deodorant Stick Invisible Dry 42g,667610,$3.50,$8.33 / 100G,https://www.woolworths.com.au/shop/productdetails/667610/rexona-women-deodorant-stick-invisible-dry,https://cdn0.woolworths.media/content/wowproductimages/medium/667610.jpg,2020-09-20 19:49:44,Average product rating out of 5: 4.6. Product score is based on 7 ratings,7,,True
6d7e3d26-deae-4b45-8332-d501a2e22d4e,Woolworths Supermarket,Health & Beauty,Urbane Mess Detox Face Wash 100ml,669613,$5.60,$5.60 / 100ML,https://www.woolworths.com.au/shop/productdetails/669613/urbane-mess-detox-face-wash,https://cdn0.woolworths.media/content/wowproductimages/medium/669613.jpg,2020-09-20 19:49:44,,0,,True
ec4ea61c-c3bd-47bf-a493-1884f1162d2f,Woolworths Supermarket,Health & Beauty,Urbane Mess Facial Scrub 100ml,669614,$5.60,$5.60 / 100ML,https://www.woolworths.com.au/shop/productdetails/669614/urbane-mess-facial-scrub,https://cdn0.woolworths.media/content/wowproductimages/medium/669614.jpg,2020-09-20 19:49:44,Average product rating out of 5: 5.0. Product score is based on 2 ratings,2,,True
c9bde5bf-9411-4831-8d4c-2a3557662e76,Woolworths Supermarket,Health & Beauty,Urbane Mess Triple Active Moisturiser 75ml,669615,$7.00,$9.33 / 100ML,https://www.woolworths.com.au/shop/productdetails/669615/urbane-mess-triple-active-moisturiser,https://cdn0.woolworths.media/content/wowproductimages/medium/669615.jpg,2020-09-20 19:49:44,,0,,True
95a3baa6-eb4c-4379-9e37-09847fb775f0,Woolworths Supermarket,Health & Beauty,Ecotools Total Perfect Blender Sponge each,669910,$15.00,$15.00 / 1EA,https://www.woolworths.com.au/shop/productdetails/669910/ecotools-total-perfect-blender-sponge,https://cdn0.woolworths.media/content/wowproductimages/medium/669910.jpg,2020-09-20 19:49:44,Average product rating out of 5: 5.0. Product score is based on 2 ratings,2,,True
c081a9f4-ee3c-4c1f-9709-c780ee232216,Woolworths Supermarket,Health & Beauty,Ecotools Start The Day Beautifully Bamboo Cosmetics Brushes Set each,669920,$32.00,$32.00 / 1EA,https://www.woolworths.com.au/shop/productdetails/669920/ecotools-start-the-day-beautifully-bamboo-cosmetics-brushes-set,https://cdn0.woolworths.media/content/wowproductimages/medium/669920.jpg,2020-09-20 19:49:44,Average product rating out of 5: 4.7. Product score is based on 3 ratings,3,,True
186d2831-e489-468d-b2e8-75ebc4da5764,Woolworths Supermarket,Health & Beauty,Platinum Complete Collection each,669921,$25.00,$25.00 / 1EA,https://www.woolworths.com.au/shop/productdetails/669921/platinum-complete-collection,https://cdn0.woolworths.media/content/wowproductimages/medium/669921.jpg,2020-09-20 19:49:44,Average product rating out of 5: 3.0. Product score is based on 1 ratings,1,Was $30.00 11/02/2019,True
5399b456-7c60-4c1f-bfcd-83aee65b3934,Woolworths Supermarket,Health & Beauty,Nivea Cherry Blossom Scented Shower Gel & Body Wash 250ml,671167,$5.60,$2.24 / 100ML,https://www.woolworths.com.au/shop/productdetails/671167/nivea-cherry-blossom-scented-shower-gel-body-wash,https://cdn0.woolworths.media/content/wowproductimages/medium/671167.jpg,2020-09-20 19:49:44,Average product rating out of 5: 4.8. Product score is based on 14 ratings,14,,True
90352e01-a20e-4a82-8981-2d97f60d0103,Woolworths Supermarket,Health & Beauty,Thankyou. Milk Hand Wash Botanical Lemon Myrtle & Goat's Milk 500ml,671195,$7.50,$1.50 / 100ML,https://www.woolworths.com.au/shop/productdetails/671195/thankyou-milk-hand-wash-botanical-lemon-myrtle-goat-s-milk,https://cdn0.woolworths.media/content/wowproductimages/medium/671195.jpg,2020-09-20 19:49:44,Average product rating out of 5: 4.8. Product score is based on 11 ratings,11,,True
1f2a2770-2211-471c-a13f-1c700be4d779,Woolworths Supermarket,Health & Beauty,Thankyou. Body Wash - Botanical Geranium & Rosewood 500ml,671197,$8.00,$1.60 / 100ML,https://www.woolworths.com.au/shop/productdetails/671197/thankyou-body-wash-botanical-geranium-rosewood,https://cdn0.woolworths.media/content/wowproductimages/medium/671197.jpg,2020-09-20 19:49:44,Average product rating out of 5: 4.9. Product score is based on 7 ratings,7,,True
9c094eb5-c2d6-40f2-a937-69d97e4e780e,Woolworths Supermarket,Health & Beauty,Radox Body Wash Feel Uplifted 1l,671529,$7.00,$0.70 / 100ML,https://www.woolworths.com.au/shop/productdetails/671529/radox-body-wash-feel-uplifted,https://cdn0.woolworths.media/content/wowproductimages/medium/671529.jpg,2020-09-20 19:49:44,Average product rating out of 5: 4.5. Product score is based on 2 ratings,2,,True
9e99ef1c-c191-4cc4-820d-3adfb25bd1b0,Woolworths Supermarket,Health & Beauty,Rexona Clinical Women Antiperspirant Cream Sensitive 45ml,672032,$9.10,$20.22 / 100ML,https://www.woolworths.com.au/shop/productdetails/672032/rexona-clinical-women-antiperspirant-cream-sensitive,https://cdn0.woolworths.media/content/wowproductimages/medium/672032.jpg,2020-09-20 19:49:44,Average product rating out of 5: 4.9. Product score is based on 16 ratings,16,,True
84730f4c-f8d2-47ed-956b-cf911116f849,Woolworths Supermarket,Health & Beauty,Dove Women Antiperspirant Floral Deodorant Invisible Dry Touch 250ml,672033,$7.00,$2.80 / 100ML,https://www.woolworths.com.au/shop/productdetails/672033/dove-women-antiperspirant-floral-deodorant-invisible-dry-touch,https://cdn0.woolworths.media/content/wowproductimages/medium/672033.jpg,2020-09-20 19:49:44,Average product rating out of 5: 4.7. Product score is based on 6 ratings,6,,True
68cb868d-b2c2-43b0-bbb2-888942b1322e,Woolworths Supermarket,Health & Beauty,Maybelline Burgundy Bar Eyeshadow Palette 9.6g,672140,$16.20,$16.88 / 10G,https://www.woolworths.com.au/shop/productdetails/672140/maybelline-burgundy-bar-eyeshadow-palette,https://cdn0.woolworths.media/content/wowproductimages/medium/672140.jpg,2020-09-20 19:49:44,,0,,True
f377abb0-4ca0-45fc-8542-5a3ef8b481ae,Woolworths Supermarket,Health & Beauty,Maybelline Master Chrome Metallic Powder Highlighter - Molten Gold 6.7g,672144,$12.00,$17.91 / 10G,https://www.woolworths.com.au/shop/productdetails/672144/maybelline-master-chrome-metallic-powder-highlighter-molten-gold,https://cdn0.woolworths.media/content/wowproductimages/medium/672144.jpg,2020-09-20 19:49:44,Average product rating out of 5: 4.0. Product score is based on 1 ratings,1,,True
f717e23a-c939-45fe-b6d2-4c5db3920df8,Woolworths Supermarket,Health & Beauty,Nivea Men Silver Protect Shower Gel & Body Wash 500ml,672180,$6.00,$1.20 / 100ML,https://www.woolworths.com.au/shop/productdetails/672180/nivea-men-silver-protect-shower-gel-body-wash,https://cdn0.woolworths.media/content/wowproductimages/medium/672180.jpg,2020-09-20 19:49:44,Average product rating out of 5: 4.0. Product score is based on 3 ratings,3,Was $7.50 20/02/2017,True
35af5d8d-9ad3-428b-8451-163557ce9da0,Woolworths Supermarket,Health & Beauty,Rimmel Kate Sculpting Contour Palette 18.5g each,672516,$17.00,$9.19 / 10G,https://www.woolworths.com.au/shop/productdetails/672516/rimmel-kate-sculpting-contour-palette-18-5g,https://cdn0.woolworths.media/content/wowproductimages/medium/672516.jpg,2020-09-20 19:49:44,Average product rating out of 5: 3.3. Product score is based on 3 ratings,3,,True
4e83f236-17ad-455d-96cb-1770ef661783,Woolworths Supermarket,Health & Beauty,Rimmel Stay Matte Liquid Lip Colour #210 Rose & Shine 5.5ml each,672551,$15.00,$27.27 / 10ML,https://www.woolworths.com.au/shop/productdetails/672551/rimmel-stay-matte-liquid-lip-colour-210-rose-shine-5-5ml,https://cdn0.woolworths.media/content/wowproductimages/medium/672551.jpg,2020-09-20 19:49:44,Average product rating out of 5: 4.5. Product score is based on 4 ratings,4,,True
9dd24cc7-6166-4024-a415-957d3fadb192,Woolworths Supermarket,Health & Beauty,Rimmel Stay Matte Liquid Lip Colour #700 Be My Baby 5.5ml each,672552,$15.00,$27.27 / 10ML,https://www.woolworths.com.au/shop/productdetails/672552/rimmel-stay-matte-liquid-lip-colour-700-be-my-baby-5-5ml,https://cdn0.woolworths.media/content/wowproductimages/medium/672552.jpg,2020-09-20 19:49:44,Average product rating out of 5: 3.5. Product score is based on 2 ratings,2,,True
6560d72c-6f1a-47af-a044-a8b1a7ec6833,Woolworths Supermarket,Health & Beauty,Natures Commonscents Goats Milk Body Wash 600ml,672771,$3.75,$0.63 / 100ML,https://www.woolworths.com.au/shop/productdetails/672771/natures-commonscents-goats-milk-body-wash,https://cdn0.woolworths.media/content/wowproductimages/medium/672771.jpg,2020-09-20 19:49:44,Average product rating out of 5: 4.9. Product score is based on 12 ratings,12,,True
6285092e-1aa2-40cb-b951-dcceef48ed64,Woolworths Supermarket,Health & Beauty,Bic 1 Sensitive Disposable Razor 10 pack,672783,$3.40,$0.34 / 1EA,https://www.woolworths.com.au/shop/productdetails/672783/bic-1-sensitive-disposable-razor,https://cdn0.woolworths.media/content/wowproductimages/medium/672783.jpg,2020-09-20 19:49:44,Average product rating out of 5: 4.8. Product score is based on 4 ratings,4,Was $4.00 03/12/2018,True
13238b72-4667-4462-b751-b5007c109261,Woolworths Supermarket,Health & Beauty,Maybelline Superstay Matte Ink Liquid Lipstick - Dreamer 10 5ml,672913,$11.00,$22.00 / 10ML,https://www.woolworths.com.au/shop/productdetails/672913/maybelline-superstay-matte-ink-liquid-lipstick-dreamer-10,https://cdn0.woolworths.media/content/wowproductimages/medium/672913.jpg,2020-09-20 19:49:44,Average product rating out of 5: 5.0. Product score is based on 2 ratings,2,,True
93ef43e3-7f17-48b0-8e65-3968d34f5b4d,Woolworths Supermarket,Health & Beauty,Maybelline Superstay Matte Ink Liquid Lipstick - Lover 15 5ml,672914,$11.00,$22.00 / 10ML,https://www.woolworths.com.au/shop/productdetails/672914/maybelline-superstay-matte-ink-liquid-lipstick-lover-15,https://cdn0.woolworths.media/content/wowproductimages/medium/672914.jpg,2020-09-20 19:49:44,Average product rating out of 5: 4.7. Product score is based on 3 ratings,3,,True
b53fb171-0cde-4b1e-bf8f-bd149baee15f,Woolworths Supermarket,Health & Beauty,Maybelline Superstay Matte Ink Liquid Lipstick - Pioneer 20 5ml,672915,$11.00,$22.00 / 10ML,https://www.woolworths.com.au/shop/productdetails/672915/maybelline-superstay-matte-ink-liquid-lipstick-pioneer-20,https://cdn0.woolworths.media/content/wowproductimages/medium/672915.jpg,2020-09-20 19:49:44,,0,,True
c2bceceb-404a-47fe-af97-2e5019eb83e4,Woolworths Supermarket,Health & Beauty,Schick Hydro 5 Sense Comfort Kit each,673024,$16.50,$16.50 / 1EA,https://www.woolworths.com.au/shop/productdetails/673024/schick-hydro-5-sense-comfort-kit,https://cdn0.woolworths.media/content/wowproductimages/medium/673024.jpg,2020-09-20 19:49:44,Average product rating out of 5: 4.2. Product score is based on 5 ratings,5,,True
30356406-47a9-4da6-a6e3-c267a87cf8d1,Woolworths Supermarket,Health & Beauty,Help@hand Cotton Dual Tips 100 pack,673141,$1.20,$1.20 / 100EA,https://www.woolworths.com.au/shop/productdetails/673141/help-hand-cotton-dual-tips,https://cdn0.woolworths.media/content/wowproductimages/medium/673141.jpg,2020-09-20 19:49:44,Average product rating out of 5: 4.5. Product score is based on 13 ratings,13,,True
1e3960f3-3aef-4f55-944c-e6c38e97c0b4,Woolworths Supermarket,Health & Beauty,Bulldog Original Beard Balm 75ml,673259,$12.00,$16.00 / 100ML,https://www.woolworths.com.au/shop/productdetails/673259/bulldog-original-beard-balm,https://cdn0.woolworths.media/content/wowproductimages/medium/673259.jpg,2020-09-20 19:49:44,Average product rating out of 5: 5.0. Product score is based on 4 ratings,4,,True
fb373b24-216e-4325-9891-ef44d481b505,Woolworths Supermarket,Health & Beauty,Bulldog Original Beard Shampoo 200ml,673280,$12.00,$6.00 / 100ML,https://www.woolworths.com.au/shop/productdetails/673280/bulldog-original-beard-shampoo,https://cdn0.woolworths.media/content/wowproductimages/medium/673280.jpg,2020-09-20 19:49:44,,0,,True
760ec335-9806-48b1-86a1-dfa5fa9e55c2,Woolworths Supermarket,Health & Beauty,Rimmel Exaggerate Lip Liner Addiction 0.25g each,673305,$13.00,$520.00 / 10G,https://www.woolworths.com.au/shop/productdetails/673305/rimmel-exaggerate-lip-liner-addiction-0-25g,https://cdn0.woolworths.media/content/wowproductimages/medium/673305.jpg,2020-09-20 19:49:44,Average product rating out of 5: 5.0. Product score is based on 1 ratings,1,,True
27a378eb-bb86-4965-bed7-3810a769654c,Woolworths Supermarket,Health & Beauty,Myaura Organic Deodorant Rose Vanilla & Jasmine 65g,673716,$9.00,$13.85 / 100G,https://www.woolworths.com.au/shop/productdetails/673716/myaura-organic-deodorant-rose-vanilla-jasmine,https://cdn0.woolworths.media/content/wowproductimages/medium/673716.jpg,2020-09-20 19:49:44,Average product rating out of 5: 3.5. Product score is based on 13 ratings,13,,True
769e3304-3105-44b2-9d14-5dd403575799,Woolworths Supermarket,Health & Beauty,Myaura Organic Deodorant Bergamot Lime & Coconut 65g,674015,$9.00,$13.85 / 100G,https://www.woolworths.com.au/shop/productdetails/674015/myaura-organic-deodorant-bergamot-lime-coconut,https://cdn0.woolworths.media/content/wowproductimages/medium/674015.jpg,2020-09-20 19:49:44,Average product rating out of 5: 3.9. Product score is based on 14 ratings,14,,True
843b3bde-72cc-4354-8220-543a426c39a3,Woolworths Supermarket,Health & Beauty,Maui Moisture Heal & Hydrate Shea Butter Shampoo 385ml,674034,$22.00,$5.71 / 100ML,https://www.woolworths.com.au/shop/productdetails/674034/maui-moisture-heal-hydrate-shea-butter-shampoo,https://cdn0.woolworths.media/content/wowproductimages/medium/674034.jpg,2020-09-20 19:49:44,Average product rating out of 5: 5.0. Product score is based on 2 ratings,2,,True
648872f8-d538-4fac-aa15-bf2c01844628,Woolworths Supermarket,Health & Beauty,Maui Moisture Curl Quench & Coconut Oil Conditioner 385ml,674039,$22.00,$5.71 / 100ML,https://www.woolworths.com.au/shop/productdetails/674039/maui-moisture-curl-quench-coconut-oil-conditioner,https://cdn0.woolworths.media/content/wowproductimages/medium/674039.jpg,2020-09-20 19:49:44,Average product rating out of 5: 5.0. Product score is based on 2 ratings,2,,True
cad3f00e-2f34-4a96-8bc5-84aad794fc7b,Woolworths Supermarket,Health & Beauty,Maui Moisture Curl Quench & Coconut Oil Shampoo 385ml,674062,$22.00,$5.71 / 100ML,https://www.woolworths.com.au/shop/productdetails/674062/maui-moisture-curl-quench-coconut-oil-shampoo,https://cdn0.woolworths.media/content/wowproductimages/medium/674062.jpg,2020-09-20 19:49:44,Average product rating out of 5: 5.0. Product score is based on 5 ratings,5,,True
84cf1e60-e6e0-4d93-96d9-6075f981d3a5,Woolworths Supermarket,Health & Beauty,Maui Moisture Heal & Hydrate Shea Butter Conditioner 385ml,674065,$22.00,$5.71 / 100ML,https://www.woolworths.com.au/shop/productdetails/674065/maui-moisture-heal-hydrate-shea-butter-conditioner,https://cdn0.woolworths.media/content/wowproductimages/medium/674065.jpg,2020-09-20 19:49:44,Average product rating out of 5: 5.0. Product score is based on 1 ratings,1,,True
cfa3fe74-135e-4d04-86d3-ad5f2a1251ba,Woolworths Supermarket,Health & Beauty,Maui Moisture Nourish & Moisture Coconut Milk Shampoo 385ml,674070,$22.00,$5.71 / 100ML,https://www.woolworths.com.au/shop/productdetails/674070/maui-moisture-nourish-moisture-coconut-milk-shampoo,https://cdn0.woolworths.media/content/wowproductimages/medium/674070.jpg,2020-09-20 19:49:44,Average product rating out of 5: 5.0. Product score is based on 1 ratings,1,,True
128ad4c5-2522-4a25-93ef-1dd5cbb4d413,Woolworths Supermarket,Health & Beauty,Maui Moisture Nourish & Moisture Coconut Milk Conditioner 385ml,674072,$22.00,$5.71 / 100ML,https://www.woolworths.com.au/shop/productdetails/674072/maui-moisture-nourish-moisture-coconut-milk-conditioner,https://cdn0.woolworths.media/content/wowproductimages/medium/674072.jpg,2020-09-20 19:49:44,Average product rating out of 5: 5.0. Product score is based on 2 ratings,2,,True
59adf874-fcab-4fba-bd63-4de977c20ad5,Woolworths Supermarket,Health & Beauty,Maui Moisture Thicken & Restore Bamboo Fibre Shampoo 385ml,674073,$22.00,$5.71 / 100ML,https://www.woolworths.com.au/shop/productdetails/674073/maui-moisture-thicken-restore-bamboo-fibre-shampoo,https://cdn0.woolworths.media/content/wowproductimages/medium/674073.jpg,2020-09-20 19:49:44,Average product rating out of 5: 5.0. Product score is based on 1 ratings,1,,True
acb4b417-6ff3-4c2e-879b-8270d6a9d23d,Woolworths Supermarket,Health & Beauty,Maui Moisture Thicken & Restore Bamboo Fibre Conditioner 385ml,674074,$22.00,$5.71 / 100ML,https://www.woolworths.com.au/shop/productdetails/674074/maui-moisture-thicken-restore-bamboo-fibre-conditioner,https://cdn0.woolworths.media/content/wowproductimages/medium/674074.jpg,2020-09-20 19:49:44,Average product rating out of 5: 1.0. Product score is based on 1 ratings,1,,True
a1248d24-4597-4ba7-ae01-6c98292e1864,Woolworths Supermarket,Health & Beauty,Maui Moisture Heal & Hydrate Shea Butter Hair Mask 340g,674077,$22.00,$6.47 / 100G,https://www.woolworths.com.au/shop/productdetails/674077/maui-moisture-heal-hydrate-shea-butter-hair-mask,https://cdn0.woolworths.media/content/wowproductimages/medium/674077.jpg,2020-09-20 19:49:44,Average product rating out of 5: 4.7. Product score is based on 3 ratings,3,,True
9cedf8ef-6d83-4551-9ee2-ba50473ef275,Woolworths Supermarket,Health & Beauty,Mcobeauty Waterproof Eye Define Liner 1.8g,674267,$7.00,$38.89 / 10G,https://www.woolworths.com.au/shop/productdetails/674267/mcobeauty-waterproof-eye-define-liner,https://cdn0.woolworths.media/content/wowproductimages/medium/674267.jpg,2020-09-20 19:49:44,Average product rating out of 5: 3.3. Product score is based on 3 ratings,3,,True
187b5a62-000a-4a26-bae1-6ef084030119,Woolworths Supermarket,Health & Beauty,Maybelline Fit Me True-to-tone Blush - Nude 4.5g,674477,$9.00,$20.00 / 10G,https://www.woolworths.com.au/shop/productdetails/674477/maybelline-fit-me-true-to-tone-blush-nude,https://cdn0.woolworths.media/content/wowproductimages/medium/674477.jpg,2020-09-20 19:49:44,Average product rating out of 5: 3.0. Product score is based on 1 ratings,1,,True
9abefcd5-c700-497d-87d9-0bb2e5b7f6bb,Woolworths Supermarket,Health & Beauty,Nivea Q10 Anti-wrinkle Vitamin C Sleep Cream Face Moisturiser 40ml,674481,$25.00,$62.50 / 100ML,https://www.woolworths.com.au/shop/productdetails/674481/nivea-q10-anti-wrinkle-vitamin-c-sleep-cream-face-moisturiser,https://cdn0.woolworths.media/content/wowproductimages/medium/674481.jpg,2020-09-20 19:49:44,Average product rating out of 5: 4.0. Product score is based on 1 ratings,1,,True
89b2da44-8ec1-4599-b564-3017bd867152,Woolworths Supermarket,Health & Beauty,Maybelline Fit Me Matte & Poreless Foundation- Pure Beige 235 30ml,674483,$11.00,$3.67 / 10ML,https://www.woolworths.com.au/shop/productdetails/674483/maybelline-fit-me-matte-poreless-foundation-pure-beige-235,https://cdn0.woolworths.media/content/wowproductimages/medium/674483.jpg,2020-09-20 19:49:44,,0,,True
1c198f98-1da2-421e-ae00-bc8e3f32bf48,Woolworths Supermarket,Health & Beauty,Simple Water Boost Facial Cleanser Micellar Water 400ml,674884,$13.00,$3.25 / 100ML,https://www.woolworths.com.au/shop/productdetails/674884/simple-water-boost-facial-cleanser-micellar-water,https://cdn0.woolworths.media/content/wowproductimages/medium/674884.jpg,2020-09-20 19:49:44,Average product rating out of 5: 4.5. Product score is based on 2 ratings,2,,True
13d06ede-0517-48f2-a1a4-e1ce47bc7ee7,Woolworths Supermarket,Health & Beauty,Nature's Way Magnesium + Calcium 90 pack,674886,$20.00,$22.22 / 100EA,https://www.woolworths.com.au/shop/productdetails/674886/nature-s-way-magnesium-calcium,https://cdn0.woolworths.media/content/wowproductimages/medium/674886.jpg,2020-09-20 19:49:44,Average product rating out of 5: 5.0. Product score is based on 5 ratings,5,,True
9e653695-c82c-49ae-ab74-d0d489e24ee8,Woolworths Supermarket,Health & Beauty,Nature's Way Kids Smart Vita-gummies Sugar Free Multi Trio 75 pack,674888,$20.00,$26.67 / 100EA,https://www.woolworths.com.au/shop/productdetails/674888/nature-s-way-kids-smart-vita-gummies-sugar-free-multi-trio,https://cdn0.woolworths.media/content/wowproductimages/medium/674888.jpg,2020-09-20 19:49:44,Average product rating out of 5: 4.5. Product score is based on 12 ratings,12,,True
67841e55-0724-495b-ab3d-5cce3e165b30,Woolworths Supermarket,Health & Beauty,Nature's Way Super Foods Apple Cider Vinegar 60pk,674889,$16.00,$26.67 / 100EA,https://www.woolworths.com.au/shop/productdetails/674889/nature-s-way-super-foods-apple-cider-vinegar,https://cdn0.woolworths.media/content/wowproductimages/medium/674889.jpg,2020-09-20 19:49:44,Average product rating out of 5: 4.8. Product score is based on 4 ratings,4,,True
d0e5f46a-6350-42cd-875a-d85406cb70ac,Woolworths Supermarket,Health & Beauty,Cover Girl Easy Breezy Brow Pencil 515 Honey Brown each,674937,$14.00,$140.00 / 10G,https://www.woolworths.com.au/shop/productdetails/674937/cover-girl-easy-breezy-brow-pencil-515-honey-brown,https://cdn0.woolworths.media/content/wowproductimages/medium/674937.jpg,2020-09-20 19:49:44,,0,,True
7519788f-1994-4745-bfad-de4171d5b9f3,Woolworths Supermarket,Health & Beauty,Cover Girl Easy Breezy Brow Pencil Soft Brown each,674938,$14.00,$140.00 / 10G,https://www.woolworths.com.au/shop/productdetails/674938/cover-girl-easy-breezy-brow-pencil-soft-brown,https://cdn0.woolworths.media/content/wowproductimages/medium/674938.jpg,2020-09-20 19:49:44,,0,,True
5dba87e1-289d-40e1-83af-4d82ea1f8408,Woolworths Supermarket,Health & Beauty,Voost Effervescent Vitamin C Tablets 20 pack,674971,$6.50,$32.50 / 100EA,https://www.woolworths.com.au/shop/productdetails/674971/voost-effervescent-vitamin-c-tablets,https://cdn0.woolworths.media/content/wowproductimages/medium/674971.jpg,2020-09-20 19:49:44,Average product rating out of 5: 4.8. Product score is based on 6 ratings,6,Was $7.00 30/07/2018,True
35255333-3c0c-4523-9b6d-690b75a92e49,Woolworths Supermarket,Health & Beauty,Voost Effervescent Iron Plus Tablets 10 pack,674976,$3.50,$35.00 / 100EA,https://www.woolworths.com.au/shop/productdetails/674976/voost-effervescent-iron-plus-tablets,https://cdn0.woolworths.media/content/wowproductimages/medium/674976.jpg,2020-09-20 19:49:44,Average product rating out of 5: 3.5. Product score is based on 2 ratings,2,Was $4.00 08/05/2017,True
48158601-1567-4356-b14d-1530457fdb1d,Woolworths Supermarket,Health & Beauty,Voost Effervescent Magnesium Tablets 20 pack,674983,$6.50,$32.50 / 100EA,https://www.woolworths.com.au/shop/productdetails/674983/voost-effervescent-magnesium-tablets,https://cdn0.woolworths.media/content/wowproductimages/medium/674983.jpg,2020-09-20 19:49:44,Average product rating out of 5: 4.9. Product score is based on 7 ratings,7,Was $7.00 30/07/2018,True
d2896e0e-ed2b-451d-9e7b-85429406e16a,Woolworths Supermarket,Health & Beauty,Neutrogena Hydro Boost Hydrating Hydrogel Mask 30g,676209,$6.00,$20.00 / 100G,https://www.woolworths.com.au/shop/productdetails/676209/neutrogena-hydro-boost-hydrating-hydrogel-mask,https://cdn0.woolworths.media/content/wowproductimages/medium/676209.jpg,2020-09-20 19:49:44,Average product rating out of 5: 4.6. Product score is based on 7 ratings,7,,True
f999ee5e-ed37-495b-97da-8ffd14b5822c,Woolworths Supermarket,Health & Beauty,Neutrogena Visibly Clear Spot Proofing Smoothing Scrub 150ml,676229,$15.00,$10.00 / 100ML,https://www.woolworths.com.au/shop/productdetails/676229/neutrogena-visibly-clear-spot-proofing-smoothing-scrub,https://cdn0.woolworths.media/content/wowproductimages/medium/676229.jpg,2020-09-20 19:49:44,Average product rating out of 5: 4.0. Product score is based on 1 ratings,1,,True
48dde590-8b53-413e-a938-3e5faa84b0b4,Woolworths Supermarket,Health & Beauty,Neutrogena Youthful Boost Smoothing Hydrogel Mask 30g,676250,$6.00,$20.00 / 100G,https://www.woolworths.com.au/shop/productdetails/676250/neutrogena-youthful-boost-smoothing-hydrogel-mask,https://cdn0.woolworths.media/content/wowproductimages/medium/676250.jpg,2020-09-20 19:49:44,Average product rating out of 5: 4.3. Product score is based on 4 ratings,4,,True
bace15e6-6433-4bd9-baf3-247ce2dc51d9,Woolworths Supermarket,Health & Beauty,Neutrogena Hydro Boost Cleanser Facial Wipes 25 pack,676255,$8.50,$0.34 / 1EA,https://www.woolworths.com.au/shop/productdetails/676255/neutrogena-hydro-boost-cleanser-facial-wipes,https://cdn0.woolworths.media/content/wowproductimages/medium/676255.jpg,2020-09-20 19:49:44,Average product rating out of 5: 5.0. Product score is based on 1 ratings,1,,True
446d6174-75d4-4b64-b7f5-a595ce06eca4,Woolworths Supermarket,Health & Beauty,Neutrogena Visibly Clear Spot Proofing Oil Free Moisturiser 50ml,676256,$15.00,$30.00 / 100ML,https://www.woolworths.com.au/shop/productdetails/676256/neutrogena-visibly-clear-spot-proofing-oil-free-moisturiser,https://cdn0.woolworths.media/content/wowproductimages/medium/676256.jpg,2020-09-20 19:49:44,Average product rating out of 5: 4.0. Product score is based on 1 ratings,1,,True
b70300bc-9b3d-4124-bed6-1f2313fca2c9,Woolworths Supermarket,Health & Beauty,Neutrogena Hydro Boost Hydrating Sleeping Mask 10ml,676257,$5.00,$50.00 / 100ML,https://www.woolworths.com.au/shop/productdetails/676257/neutrogena-hydro-boost-hydrating-sleeping-mask,https://cdn0.woolworths.media/content/wowproductimages/medium/676257.jpg,2020-09-20 19:49:44,Average product rating out of 5: 3.7. Product score is based on 3 ratings,3,,True
1419a62e-cb01-4cd5-8821-0f1663ddebe9,Woolworths Supermarket,Health & Beauty,L'oreal Clay Mask Marine Algae 50ml,676521,$10.00,$20.00 / 100ML,https://www.woolworths.com.au/shop/productdetails/676521/l-oreal-clay-mask-marine-algae,https://cdn0.woolworths.media/content/wowproductimages/medium/676521.jpg,2020-09-20 19:49:44,Average product rating out of 5: 5.0. Product score is based on 4 ratings,4,,True
2f1929cf-e6f0-492d-84f5-7ad272550d61,Woolworths Supermarket,Health & Beauty,Palmolive Luminous Oils Body Wash Macadamia Oil Shower Gel 400ml,676541,$4.50,$1.13 / 100ML,https://www.woolworths.com.au/shop/productdetails/676541/palmolive-luminous-oils-body-wash-macadamia-oil-shower-gel,https://cdn0.woolworths.media/content/wowproductimages/medium/676541.jpg,2020-09-20 19:49:44,Average product rating out of 5: 4.0. Product score is based on 1 ratings,1,,True
ecf8cf5d-784d-44e1-8905-ef84f2eed3f2,Woolworths Supermarket,Health & Beauty,L'oreal Revitalift Laser Day Cream Spf 15 50ml,676751,$23.75,$47.50 / 100ML,https://www.woolworths.com.au/shop/productdetails/676751/l-oreal-revitalift-laser-day-cream-spf-15,https://cdn0.woolworths.media/content/wowproductimages/medium/676751.jpg,2020-09-20 19:49:44,Average product rating out of 5: 5.0. Product score is based on 2 ratings,2,,True
b8770706-1143-46ed-b5a9-3d8727e6ab45,Woolworths Supermarket,Health & Beauty,Atkins Endulge Milk Chocolate 5 pack,676753,$13.50,$2.70 / 1EA,https://www.woolworths.com.au/shop/productdetails/676753/atkins-endulge-milk-chocolate,https://cdn0.woolworths.media/content/wowproductimages/medium/676753.jpg,2020-09-20 19:49:44,Average product rating out of 5: 4.7. Product score is based on 15 ratings,15,,True
d034afaa-05c9-4ca4-9034-10dc6b9b5347,Woolworths Supermarket,Health & Beauty,Ecostore Shampoo Normal Hair 350ml,677750,$14.00,$4.00 / 100ML,https://www.woolworths.com.au/shop/productdetails/677750/ecostore-shampoo-normal-hair,https://cdn0.woolworths.media/content/wowproductimages/medium/677750.jpg,2020-09-20 19:49:44,Average product rating out of 5: 4.9. Product score is based on 9 ratings,9,,True
30f7374e-bf14-4e5e-9eb9-f1e1c13db4b8,Woolworths Supermarket,Health & Beauty,Ecostore Conditioner Normal Hair 350ml,677751,$14.00,$4.00 / 100ML,https://www.woolworths.com.au/shop/productdetails/677751/ecostore-conditioner-normal-hair,https://cdn0.woolworths.media/content/wowproductimages/medium/677751.jpg,2020-09-20 19:49:44,Average product rating out of 5: 5.0. Product score is based on 7 ratings,7,,True
af247f1b-0924-41df-b94b-245201d5b459,Woolworths Supermarket,Health & Beauty,Ecostore Shampoo Dry Hair 350ml,677756,$14.00,$4.00 / 100ML,https://www.woolworths.com.au/shop/productdetails/677756/ecostore-shampoo-dry-hair,https://cdn0.woolworths.media/content/wowproductimages/medium/677756.jpg,2020-09-20 19:49:44,Average product rating out of 5: 4.3. Product score is based on 3 ratings,3,,True
4a4ce22b-203b-479b-9ed7-ee13bd9ad0ba,Woolworths Supermarket,Health & Beauty,Ecostore Conditioner Dry Hair 350ml,677757,$14.00,$4.00 / 100ML,https://www.woolworths.com.au/shop/productdetails/677757/ecostore-conditioner-dry-hair,https://cdn0.woolworths.media/content/wowproductimages/medium/677757.jpg,2020-09-20 19:49:44,Average product rating out of 5: 5.0. Product score is based on 6 ratings,6,,True
15aa2d06-f90a-4ac9-94bf-fc77fa171b96,Woolworths Supermarket,Health & Beauty,Voeu Hydrating Facial Mask Sheet each,677775,$4.00,$4.00 / 1EA,https://www.woolworths.com.au/shop/productdetails/677775/voeu-hydrating-facial-mask-sheet,https://cdn0.woolworths.media/content/wowproductimages/medium/677775.jpg,2020-09-20 19:49:44,Average product rating out of 5: 3.5. Product score is based on 344 ratings,344,,True
aa0e8829-27b1-4fbf-93f8-48cd79b315a5,Woolworths Supermarket,Health & Beauty,Voeu Charcoal Gel Wash 150ml,677776,$5.00,$3.33 / 100ML,https://www.woolworths.com.au/shop/productdetails/677776/voeu-charcoal-gel-wash,https://cdn0.woolworths.media/content/wowproductimages/medium/677776.jpg,2020-09-20 19:49:44,Average product rating out of 5: 5.0. Product score is based on 4 ratings,4,,True
bb6d33cc-ca45-4f5d-821c-2114ae0c1e96,Woolworths Supermarket,Health & Beauty,Balnea Orange Lemon & Bergamot Hand Wash 500ml,677827,$5.00,$1.00 / 100ML,https://www.woolworths.com.au/shop/productdetails/677827/balnea-orange-lemon-bergamot-hand-wash,https://cdn0.woolworths.media/content/wowproductimages/medium/677827.jpg,2020-09-20 19:49:44,Average product rating out of 5: 2.7. Product score is based on 11 ratings,11,,True
6924d7e3-06f8-4b33-9441-f6bb868d1f37,Woolworths Supermarket,Health & Beauty,White Glo Activated Whitening Powder 30g,677919,$10.00,$33.33 / 100G,https://www.woolworths.com.au/shop/productdetails/677919/white-glo-activated-whitening-powder,https://cdn0.woolworths.media/content/wowproductimages/medium/677919.jpg,2020-09-20 19:49:44,Average product rating out of 5: 3.7. Product score is based on 3 ratings,3,,True
d4c8cc95-7238-4ebd-8bc4-813022a71d73,Woolworths Supermarket,Health & Beauty,Nature's Own Super B Complex Tablets 75 pack,678247,$13.50,$18.00 / 100EA,https://www.woolworths.com.au/shop/productdetails/678247/nature-s-own-super-b-complex-tablets,https://cdn0.woolworths.media/content/wowproductimages/medium/678247.jpg,2020-09-20 19:49:44,,0,,True
f5fb4be4-dc32-46cd-92f4-59fbfd608a36,Woolworths Supermarket,Health & Beauty,Oral-b 3d White Glamorous White Toothpaste 95g,678275,$9.00,$9.47 / 100G,https://www.woolworths.com.au/shop/productdetails/678275/oral-b-3d-white-glamorous-white-toothpaste,https://cdn0.woolworths.media/content/wowproductimages/medium/678275.jpg,2020-09-20 19:49:44,Average product rating out of 5: 4.3. Product score is based on 14 ratings,14,,True
415da3ef-8e3e-474f-9f5c-b99af18a3095,Woolworths Supermarket,Health & Beauty,Nature's Own Vitamin B3 500mg Tablets 60 pack,678276,$12.00,$20.00 / 100EA,https://www.woolworths.com.au/shop/productdetails/678276/nature-s-own-vitamin-b3-500mg-tablets,https://cdn0.woolworths.media/content/wowproductimages/medium/678276.jpg,2020-09-20 19:49:44,,0,,True
e1e188ac-5be5-496f-be81-ad0650ed522c,Woolworths Supermarket,Health & Beauty,Oral-b 3d White Luxe Diamond Strong Toothpaste 95g,678277,$9.00,$9.47 / 100G,https://www.woolworths.com.au/shop/productdetails/678277/oral-b-3d-white-luxe-diamond-strong-toothpaste,https://cdn0.woolworths.media/content/wowproductimages/medium/678277.jpg,2020-09-20 19:49:44,Average product rating out of 5: 4.0. Product score is based on 9 ratings,9,,True
e3cdaa75-78ce-43c2-a941-2b1758c034cb,Woolworths Supermarket,Health & Beauty,Oral-b 3d White Perfection Toothpaste 95g,678300,$9.00,$9.47 / 100G,https://www.woolworths.com.au/shop/productdetails/678300/oral-b-3d-white-perfection-toothpaste,https://cdn0.woolworths.media/content/wowproductimages/medium/678300.jpg,2020-09-20 19:49:44,Average product rating out of 5: 4.3. Product score is based on 19 ratings,19,,True
84697d38-c186-4135-8654-c4d0161d806f,Woolworths Supermarket,Health & Beauty,Oral-b 5 Way Clean Toothbrush 3 pack,678302,$10.00,$3.33 / 1EA,https://www.woolworths.com.au/shop/productdetails/678302/oral-b-5-way-clean-toothbrush,https://cdn0.woolworths.media/content/wowproductimages/medium/678302.jpg,2020-09-20 19:49:44,Average product rating out of 5: 4.2. Product score is based on 5 ratings,5,,True
4c674fd2-2da5-4678-848b-d2d8a0bf9625,Woolworths Supermarket,Health & Beauty,Oral-b Pro Gumcare And Whitening Toothpaste 110g,678305,$10.00,$9.09 / 100G,https://www.woolworths.com.au/shop/productdetails/678305/oral-b-pro-gumcare-and-whitening-toothpaste,https://cdn0.woolworths.media/content/wowproductimages/medium/678305.jpg,2020-09-20 19:49:44,Average product rating out of 5: 4.3. Product score is based on 4 ratings,4,,True
902992e4-3a69-42d2-a9aa-10d24cb7164c,Woolworths Supermarket,Health & Beauty,Oral-b Pro Health Fresh Mint Toothpaste 190g,678320,$7.00,$3.68 / 100G,https://www.woolworths.com.au/shop/productdetails/678320/oral-b-pro-health-fresh-mint-toothpaste,https://cdn0.woolworths.media/content/wowproductimages/medium/678320.jpg,2020-09-20 19:49:44,Average product rating out of 5: 3.9. Product score is based on 11 ratings,11,,True
5d601213-dbcf-4e8f-a7ef-e5d4d88f8be7,Woolworths Supermarket,Health & Beauty,Oral-b Pro Health Clean Mint Toothpaste 190g,678321,$7.00,$3.68 / 100G,https://www.woolworths.com.au/shop/productdetails/678321/oral-b-pro-health-clean-mint-toothpaste,https://cdn0.woolworths.media/content/wowproductimages/medium/678321.jpg,2020-09-20 19:49:44,Average product rating out of 5: 4.5. Product score is based on 13 ratings,13,,True
3b011a12-a9ed-4724-9576-8c281f8b4e2a,Woolworths Supermarket,Health & Beauty,Oral-b Gum Care Power Brush Refills 2 pack,678323,$16.75,$8.38 / 1EA,https://www.woolworths.com.au/shop/productdetails/678323/oral-b-gum-care-power-brush-refills,https://cdn0.woolworths.media/content/wowproductimages/medium/678323.jpg,2020-09-20 19:49:44,Average product rating out of 5: 2.7. Product score is based on 3 ratings,3,Was $16.99 31/10/16,True
5936cb87-8774-4c08-95ba-36b292da13c1,Woolworths Supermarket,Health & Beauty,Colgate Slim Soft Advanced Charcoal Bristles Ultra Soft Toothbrush each,678565,$6.00,$6.00 / 1EA,https://www.woolworths.com.au/shop/productdetails/678565/colgate-slim-soft-advanced-charcoal-bristles-ultra-soft-toothbrush,https://cdn0.woolworths.media/content/wowproductimages/medium/678565.jpg,2020-09-20 19:49:44,Average product rating out of 5: 4.8. Product score is based on 8 ratings,8,,True
5ed6c49b-8abc-4f0a-9803-7bd87aafb5bb,Woolworths Supermarket,Health & Beauty,Colgate 360 Sensitive Pro-relief Teeth Pain Toothbrush Extra Soft 2 pack,678566,$4.00,$2.00 / 1EA,https://www.woolworths.com.au/shop/productdetails/678566/colgate-360-sensitive-pro-relief-teeth-pain-toothbrush-extra-soft,https://cdn0.woolworths.media/content/wowproductimages/medium/678566.jpg,2020-09-20 19:49:44,Average product rating out of 5: 4.4. Product score is based on 7 ratings,7,,True
7d5d3cd2-b19d-44ba-b9d6-086b32454720,Woolworths Supermarket,Health & Beauty,Woobamboo Adult Toothbrush Soft 1pk,678594,$4.50,$4.50 / 1EA,https://www.woolworths.com.au/shop/productdetails/678594/woobamboo-adult-toothbrush-soft,https://cdn0.woolworths.media/content/wowproductimages/medium/678594.jpg,2020-09-20 19:49:44,Average product rating out of 5: 5.0. Product score is based on 3 ratings,3,,True
bf825a38-5131-44fe-b12e-9144d6390dba,Woolworths Supermarket,Health & Beauty,Colgate Slim Soft Advanced Ultra Soft Toothbrush Value 2 pack,678603,$8.00,$4.00 / 1EA,https://www.woolworths.com.au/shop/productdetails/678603/colgate-slim-soft-advanced-ultra-soft-toothbrush-value,https://cdn0.woolworths.media/content/wowproductimages/medium/678603.jpg,2020-09-20 19:49:44,Average product rating out of 5: 4.2. Product score is based on 6 ratings,6,,True
9b0dd75c-dbab-489d-a751-2940195c5f0d,Woolworths Supermarket,Health & Beauty,Woobamboo Adult Toothbrush Medium 1pk,678624,$4.50,$4.50 / 1EA,https://www.woolworths.com.au/shop/productdetails/678624/woobamboo-adult-toothbrush-medium,https://cdn0.woolworths.media/content/wowproductimages/medium/678624.jpg,2020-09-20 19:49:44,Average product rating out of 5: 4.5. Product score is based on 6 ratings,6,,True
b35a9f2e-b805-4676-81f4-ef0c7d2546e8,Woolworths Supermarket,Health & Beauty,Bic Hybrid 3 Comfort Shaver 12 pack,678992,$7.00,$0.58 / 1EA,https://www.woolworths.com.au/shop/productdetails/678992/bic-hybrid-3-comfort-shaver,https://cdn0.woolworths.media/content/wowproductimages/medium/678992.jpg,2020-09-20 19:49:44,,0,,True
a5b42057-453e-444e-add3-da7eea5fe938,Woolworths Supermarket,Health & Beauty,Head & Shoulders Supreme Moisture Shampoo 200ml,679009,$5.60,$2.80 / 100ML,https://www.woolworths.com.au/shop/productdetails/679009/head-shoulders-supreme-moisture-shampoo,https://cdn0.woolworths.media/content/wowproductimages/medium/679009.jpg,2020-09-20 19:49:44,Average product rating out of 5: 4.3. Product score is based on 3 ratings,3,,True
81c26c79-cbbb-49e6-b3b8-850338db5170,Woolworths Supermarket,Health & Beauty,Head & Shoulders Supreme Moisture Conditioner 200ml,679015,$5.60,$2.80 / 100ML,https://www.woolworths.com.au/shop/productdetails/679015/head-shoulders-supreme-moisture-conditioner,https://cdn0.woolworths.media/content/wowproductimages/medium/679015.jpg,2020-09-20 19:49:44,,0,,True
3a9092d0-5d15-404b-91fb-d6cf6288261a,Woolworths Supermarket,Health & Beauty,Head & Shoulders Supreme Moisture Conditioner 400ml,679018,$15.00,$3.75 / 100ML,https://www.woolworths.com.au/shop/productdetails/679018/head-shoulders-supreme-moisture-conditioner,https://cdn0.woolworths.media/content/wowproductimages/medium/679018.jpg,2020-09-20 19:49:44,Average product rating out of 5: 5.0. Product score is based on 2 ratings,2,,True
fb9aebbb-39fc-46bf-81d0-409ed1432648,Woolworths Supermarket,Health & Beauty,Pantene Colour Protect 3min Conditioner 400ml,679019,$10.50,$2.63 / 100ML,https://www.woolworths.com.au/shop/productdetails/679019/pantene-colour-protect-3min-conditioner,https://cdn0.woolworths.media/content/wowproductimages/medium/679019.jpg,2020-09-20 19:49:44,Average product rating out of 5: 5.0. Product score is based on 3 ratings,3,,True
60875188-57cf-48a9-aaff-dd1a224c1b5c,Woolworths Supermarket,Health & Beauty,Pantene 3 Minute Miracle Daily Moisture Renewal Conditioner 400ml,679031,$10.50,$2.63 / 100ML,https://www.woolworths.com.au/shop/productdetails/679031/pantene-3-minute-miracle-daily-moisture-renewal-conditioner,https://cdn0.woolworths.media/content/wowproductimages/medium/679031.jpg,2020-09-20 19:49:44,Average product rating out of 5: 5.0. Product score is based on 1 ratings,1,,True
3b3eb93b-9fdd-4514-b07f-3555b34e0649,Woolworths Supermarket,Health & Beauty,Pantene Smooth & Sleek 3min Conditioner 400ml,679034,$10.50,$2.63 / 100ML,https://www.woolworths.com.au/shop/productdetails/679034/pantene-smooth-sleek-3min-conditioner,https://cdn0.woolworths.media/content/wowproductimages/medium/679034.jpg,2020-09-20 19:49:44,Average product rating out of 5: 4.0. Product score is based on 2 ratings,2,,True
3d976606-f409-49d0-a560-202f0e96522e,Woolworths Supermarket,Health & Beauty,Head & Shoulders Supreme Moisture Shampoo 400ml,679035,$15.00,$3.75 / 100ML,https://www.woolworths.com.au/shop/productdetails/679035/head-shoulders-supreme-moisture-shampoo,https://cdn0.woolworths.media/content/wowproductimages/medium/679035.jpg,2020-09-20 19:49:44,Average product rating out of 5: 5.0. Product score is based on 2 ratings,2,,True
d42451ab-fb93-42a0-b4fb-090ab46843c6,Woolworths Supermarket,Health & Beauty,Pantene 3 Minute Miracle Repair & Protect Conditioner 400ml,679036,$10.50,$2.63 / 100ML,https://www.woolworths.com.au/shop/productdetails/679036/pantene-3-minute-miracle-repair-protect-conditioner,https://cdn0.woolworths.media/content/wowproductimages/medium/679036.jpg,2020-09-20 19:49:44,Average product rating out of 5: 4.4. Product score is based on 5 ratings,5,,True
303b2f48-9aa2-47ad-be88-b88dfcd35861,Woolworths Supermarket,Health & Beauty,Head & Shoulders Supreme Smooth Shampoo 400ml,679040,$15.00,$3.75 / 100ML,https://www.woolworths.com.au/shop/productdetails/679040/head-shoulders-supreme-smooth-shampoo,https://cdn0.woolworths.media/content/wowproductimages/medium/679040.jpg,2020-09-20 19:49:44,,0,,True
fbe4bc56-a665-46a7-8fd4-037584eeaa87,Woolworths Supermarket,Health & Beauty,Head & Shoulders Supreme Smooth Conditioner 400ml,679041,$15.00,$3.75 / 100ML,https://www.woolworths.com.au/shop/productdetails/679041/head-shoulders-supreme-smooth-conditioner,https://cdn0.woolworths.media/content/wowproductimages/medium/679041.jpg,2020-09-20 19:49:44,,0,,True
b0065559-1617-4866-99cc-c1cfa0fdc72a,Woolworths Supermarket,Health & Beauty,Swisse Ultiboost Vitamin B12 60 pack,679055,$18.00,$30.00 / 100EA,https://www.woolworths.com.au/shop/productdetails/679055/swisse-ultiboost-vitamin-b12,https://cdn0.woolworths.media/content/wowproductimages/medium/679055.jpg,2020-09-20 19:49:44,Average product rating out of 5: 4.9. Product score is based on 7 ratings,7,,True
46938834-ba4b-4d56-814a-c2b21a5fd0f1,Woolworths Supermarket,Health & Beauty,Philips Sonicare Gum Health Power Toothbrush 1pk,680442,$60.00,$60.00 / 1EA,https://www.woolworths.com.au/shop/productdetails/680442/philips-sonicare-gum-health-power-toothbrush,https://cdn0.woolworths.media/content/wowproductimages/medium/680442.jpg,2020-09-20 19:49:44,Average product rating out of 5: 4.0. Product score is based on 6 ratings,6,,True
faea49c5-d951-46db-b600-59f3d0f9768e,Woolworths Supermarket,Health & Beauty,Philips Plaque Control Brush Heads 2 pack,680443,$25.00,$12.50 / 1EA,https://www.woolworths.com.au/shop/productdetails/680443/philips-plaque-control-brush-heads,https://cdn0.woolworths.media/content/wowproductimages/medium/680443.jpg,2020-09-20 19:49:44,Average product rating out of 5: 5.0. Product score is based on 1 ratings,1,,True
686e3d4e-f8a1-4b33-995e-41ba0e0b6ad6,Woolworths Supermarket,Health & Beauty,Sensodyne Toothbrush Sensitive Teeth Repair And Protect 2 pack,680513,$9.00,$4.50 / 1EA,https://www.woolworths.com.au/shop/productdetails/680513/sensodyne-toothbrush-sensitive-teeth-repair-and-protect,https://cdn0.woolworths.media/content/wowproductimages/medium/680513.jpg,2020-09-20 19:49:44,Average product rating out of 5: 5.0. Product score is based on 2 ratings,2,,True
65cac273-7f29-413a-8e4f-2073d3b236c4,Woolworths Supermarket,Health & Beauty,Sensodyne Toothbrush Sensitive Teeth Daily Care Soft 3 pack,680514,$10.50,$3.50 / 1EA,https://www.woolworths.com.au/shop/productdetails/680514/sensodyne-toothbrush-sensitive-teeth-daily-care-soft,https://cdn0.woolworths.media/content/wowproductimages/medium/680514.jpg,2020-09-20 19:49:44,Average product rating out of 5: 5.0. Product score is based on 8 ratings,8,,True
8b00e329-f834-4c6c-aa34-75f34169af5f,Woolworths Supermarket,Health & Beauty,Polident Denture Adhesive Cream Max Seal 40g,680515,$10.00,$25.00 / 100G,https://www.woolworths.com.au/shop/productdetails/680515/polident-denture-adhesive-cream-max-seal,https://cdn0.woolworths.media/content/wowproductimages/medium/680515.jpg,2020-09-20 19:49:44,Average product rating out of 5: 4.1. Product score is based on 20 ratings,20,,True
ba5fc7f5-a16e-4a10-a8ba-eb21073680f4,Woolworths Supermarket,Health & Beauty,Grants Of Australia Toothpaste Propolis 110g,680518,$2.40,$2.18 / 100G,https://www.woolworths.com.au/shop/productdetails/680518/grants-of-australia-toothpaste-propolis,https://cdn0.woolworths.media/content/wowproductimages/medium/680518.jpg,2020-09-20 19:49:44,Average product rating out of 5: 5.0. Product score is based on 18 ratings,18,,True
9ccaa5bb-2d15-4d5c-aac8-d7aafe64a5f6,Woolworths Supermarket,Health & Beauty,Sensodyne Toothpaste Sensitive Teeth Pain Rapid Relief 100g,680587,$11.00,$11.00 / 100G,https://www.woolworths.com.au/shop/productdetails/680587/sensodyne-toothpaste-sensitive-teeth-pain-rapid-relief,https://cdn0.woolworths.media/content/wowproductimages/medium/680587.jpg,2020-09-20 19:49:44,Average product rating out of 5: 4.9. Product score is based on 14 ratings,14,,True
79d0da3b-441e-4473-a16a-e2b3ca05593f,Woolworths Supermarket,Health & Beauty,John Frieda Luxurious Volume Core Restore Shampoo 250ml,680779,$18.00,$7.20 / 100ML,https://www.woolworths.com.au/shop/productdetails/680779/john-frieda-luxurious-volume-core-restore-shampoo,https://cdn0.woolworths.media/content/wowproductimages/medium/680779.jpg,2020-09-20 19:49:44,Average product rating out of 5: 3.7. Product score is based on 3 ratings,3,,True
00724b63-e027-4445-a213-cece0615f755,Woolworths Supermarket,Health & Beauty,John Frieda Luxurious Volume Core Restore Conditioner 250ml,680781,$18.00,$7.20 / 100ML,https://www.woolworths.com.au/shop/productdetails/680781/john-frieda-luxurious-volume-core-restore-conditioner,https://cdn0.woolworths.media/content/wowproductimages/medium/680781.jpg,2020-09-20 19:49:44,Average product rating out of 5: 4.0. Product score is based on 2 ratings,2,,True
e2bda1c9-5fb0-41d1-bc94-87631c46be3b,Woolworths Supermarket,Health & Beauty,John Frieda Radiant Red Colour Boosting Shampoo 250ml,680784,$18.00,$7.20 / 100ML,https://www.woolworths.com.au/shop/productdetails/680784/john-frieda-radiant-red-colour-boosting-shampoo,https://cdn0.woolworths.media/content/wowproductimages/medium/680784.jpg,2020-09-20 19:49:44,Average product rating out of 5: 4.0. Product score is based on 3 ratings,3,,True
7fae7789-7b61-40ba-bb27-2037da045b25,Woolworths Supermarket,Health & Beauty,John Frieda Radiant Red Colour Boosting Conditioner 250ml,680790,$18.00,$7.20 / 100ML,https://www.woolworths.com.au/shop/productdetails/680790/john-frieda-radiant-red-colour-boosting-conditioner,https://cdn0.woolworths.media/content/wowproductimages/medium/680790.jpg,2020-09-20 19:49:44,Average product rating out of 5: 3.0. Product score is based on 1 ratings,1,,True
2cb754ed-b64a-4815-9ca5-fb7ff1a65bc7,Woolworths Supermarket,Health & Beauty,Clearwipe Wipe Lense Cleaner 60 pack,681012,$9.30,$0.16 / 1EA,https://www.woolworths.com.au/shop/productdetails/681012/clearwipe-wipe-lense-cleaner,https://cdn0.woolworths.media/content/wowproductimages/medium/681012.jpg,2020-09-20 19:49:44,Average product rating out of 5: 4.9. Product score is based on 17 ratings,17,,True
3b3b953b-ce87-4e83-8bc2-18b04b382b9b,Woolworths Supermarket,Health & Beauty,Prunelax Extra Strength Tablets 80 pack,681055,$7.50,$0.09 / 1EA,https://www.woolworths.com.au/shop/productdetails/681055/prunelax-extra-strength-tablets,https://cdn0.woolworths.media/content/wowproductimages/medium/681055.jpg,2020-09-20 19:49:44,Average product rating out of 5: 5.0. Product score is based on 2 ratings,2,,True
0a7c91e2-6dbc-4e89-9b41-54605875a72d,Woolworths Supermarket,Health & Beauty,Dove Nourishing Secrets Restoring Ritual Shampoo 640ml,681061,$11.90,$1.86 / 100ML,https://www.woolworths.com.au/shop/productdetails/681061/dove-nourishing-secrets-restoring-ritual-shampoo,https://cdn0.woolworths.media/content/wowproductimages/medium/681061.jpg,2020-09-20 19:49:44,Average product rating out of 5: 4.7. Product score is based on 13 ratings,13,,True
0bc7c3a6-3463-41e2-a59e-724ba495279f,Woolworths Supermarket,Health & Beauty,Dove Nourishing Secrets Restoring Ritual Conditioner 640ml,681062,$11.90,$1.86 / 100ML,https://www.woolworths.com.au/shop/productdetails/681062/dove-nourishing-secrets-restoring-ritual-conditioner,https://cdn0.woolworths.media/content/wowproductimages/medium/681062.jpg,2020-09-20 19:49:44,Average product rating out of 5: 4.9. Product score is based on 13 ratings,13,,True
2a127231-fe35-4153-8473-95e14aabadc5,Woolworths Supermarket,Health & Beauty,Toni & Guy Purple Conditioner 250ml,681065,$16.00,$6.40 / 100ML,https://www.woolworths.com.au/shop/productdetails/681065/toni-guy-purple-conditioner,https://cdn0.woolworths.media/content/wowproductimages/medium/681065.jpg,2020-09-20 19:49:44,Average product rating out of 5: 4.9. Product score is based on 8 ratings,8,2 for $25.00,True
f8778d0d-8580-4209-8e42-d05bd4be82b6,Woolworths Supermarket,Health & Beauty,Toni & Guy Purple Shampoo 250ml,681092,$16.00,$6.40 / 100ML,https://www.woolworths.com.au/shop/productdetails/681092/toni-guy-purple-shampoo,https://cdn0.woolworths.media/content/wowproductimages/medium/681092.jpg,2020-09-20 19:49:44,Average product rating out of 5: 4.9. Product score is based on 11 ratings,11,2 for $25.00,True
b9dd58f4-e4ba-44fb-98f3-b505de388de2,Woolworths Supermarket,Health & Beauty,Toni & Guy Smooth Definition Mask 200ml,681096,$16.00,$8.00 / 100ML,https://www.woolworths.com.au/shop/productdetails/681096/toni-guy-smooth-definition-mask,https://cdn0.woolworths.media/content/wowproductimages/medium/681096.jpg,2020-09-20 19:49:44,Average product rating out of 5: 4.5. Product score is based on 2 ratings,2,2 for $25.00,True
40a1f9d6-e3b6-40a7-8a5e-a1d95f6df8f9,Woolworths Supermarket,Health & Beauty,Difflam Plus Sore Throat Lozenges Honey Anaesthetic 16 pack,681116,$10.00,$0.63 / 1EA,https://www.woolworths.com.au/shop/productdetails/681116/difflam-plus-sore-throat-lozenges-honey-anaesthetic,https://cdn0.woolworths.media/content/wowproductimages/medium/681116.jpg,2020-09-20 19:49:44,,0,,True
91a859f5-c07e-435d-b47d-7cf49eb7d573,Woolworths Supermarket,Health & Beauty,Difflam Plus Sore Throat Lozenges Black Current Anaesthetic 16 pack,681117,$10.00,$0.63 / 1EA,https://www.woolworths.com.au/shop/productdetails/681117/difflam-plus-sore-throat-lozenges-black-current-anaesthetic,https://cdn0.woolworths.media/content/wowproductimages/medium/681117.jpg,2020-09-20 19:49:44,Average product rating out of 5: 4.0. Product score is based on 1 ratings,1,,True
60df5b65-2c90-4033-872f-706c675e7a63,Woolworths Supermarket,Health & Beauty,Difflam Plus Anaesthetic Lozenges Menthol & Eucalyptus 16 pack,681118,$10.00,$0.63 / 1EA,https://www.woolworths.com.au/shop/productdetails/681118/difflam-plus-anaesthetic-lozenges-menthol-eucalyptus,https://cdn0.woolworths.media/content/wowproductimages/medium/681118.jpg,2020-09-20 19:49:44,Average product rating out of 5: 5.0. Product score is based on 3 ratings,3,,True
4ac1fffc-31f8-430b-b71f-24b13ba7f814,Woolworths Supermarket,Health & Beauty,Difflam Plus Sore Throat Lozenges + Anaesthetic Blackcurrant 16 pack,681132,$10.00,$0.63 / 1EA,https://www.woolworths.com.au/shop/productdetails/681132/difflam-plus-sore-throat-lozenges-anaesthetic-blackcurrant,https://cdn0.woolworths.media/content/wowproductimages/medium/681132.jpg,2020-09-20 19:49:44,Average product rating out of 5: 5.0. Product score is based on 1 ratings,1,,True
61a972a5-1458-46ed-bed3-d514ca77ab9f,Woolworths Supermarket,Health & Beauty,Oscar Orsen Rubber Bobby Pins Blond 60 pack,681149,$5.00,,https://www.woolworths.com.au/shop/productdetails/681149/oscar-orsen-rubber-bobby-pins-blond,https://cdn0.woolworths.media/content/wowproductimages/medium/681149.jpg,2020-09-20 19:49:44,Average product rating out of 5: 5.0. Product score is based on 1 ratings,1,,True
d09501a5-334c-49c8-8202-17e8f04a52d1,Woolworths Supermarket,Health & Beauty,Lifestyles Zero Uber Thin Condoms 10 pack,681293,$10.00,$1.00 / 1EA,https://www.woolworths.com.au/shop/productdetails/681293/lifestyles-zero-uber-thin-condoms,https://cdn0.woolworths.media/content/wowproductimages/medium/681293.jpg,2020-09-20 19:49:44,,0,,True
c4c5d91c-d077-4239-9235-950b9591dfc3,Woolworths Supermarket,Health & Beauty,Nature's Way Magnesium Gel + Arnica Muscles And Pain 100g,681398,$20.00,$20.00 / 100G,https://www.woolworths.com.au/shop/productdetails/681398/nature-s-way-magnesium-gel-arnica-muscles-and-pain,https://cdn0.woolworths.media/content/wowproductimages/medium/681398.jpg,2020-09-20 19:49:44,Average product rating out of 5: 4.3. Product score is based on 3 ratings,3,,True
3e2e43cd-25e1-4ea6-b2fb-5940d24b4348,Woolworths Supermarket,Health & Beauty,Claratyne Children's Hayfever Allergy Relief Antihistamine Tablets 10 pack,681628,$12.00,$1.20 / 1EA,https://www.woolworths.com.au/shop/productdetails/681628/claratyne-children-s-hayfever-allergy-relief-antihistamine-tablets,https://cdn0.woolworths.media/content/wowproductimages/medium/681628.jpg,2020-09-20 19:49:44,Average product rating out of 5: 4.8. Product score is based on 5 ratings,5,,True
58746f1b-bdd6-4941-9276-81a3fdda9cbd,Woolworths Supermarket,Health & Beauty,Oscar Orsen Jumbo Soft Ponytailers Black 10 pack,681662,$4.50,,https://www.woolworths.com.au/shop/productdetails/681662/oscar-orsen-jumbo-soft-ponytailers-black,https://cdn0.woolworths.media/content/wowproductimages/medium/681662.jpg,2020-09-20 19:49:44,,0,,True
9ee1fd6b-f8c8-4aa6-b17d-acffdc5759fe,Woolworths Supermarket,Health & Beauty,Oscar Orsen Hair Pins Fine Brown 40 pack,681680,$4.50,,https://www.woolworths.com.au/shop/productdetails/681680/oscar-orsen-hair-pins-fine-brown,https://cdn0.woolworths.media/content/wowproductimages/medium/681680.jpg,2020-09-20 19:49:44,Average product rating out of 5: 1.0. Product score is based on 1 ratings,1,,True
80a8f1a0-7b28-483a-8ee2-fa5f53c8b3c3,Woolworths Supermarket,Health & Beauty,Oscar Orsen Hair Coils Black 5 pack,681681,$5.00,,https://www.woolworths.com.au/shop/productdetails/681681/oscar-orsen-hair-coils-black,https://cdn0.woolworths.media/content/wowproductimages/medium/681681.jpg,2020-09-20 19:49:44,Average product rating out of 5: 5.0. Product score is based on 1 ratings,1,,True
a393f6d2-ba18-485c-82df-f2648ee69ef1,Woolworths Supermarket,Health & Beauty,The Wheat Bag Relieve & Relax 18cm X 16cm each,681718,$17.00,$17.00 / 1EA,https://www.woolworths.com.au/shop/productdetails/681718/the-wheat-bag-relieve-relax-18cm-x-16cm,https://cdn0.woolworths.media/content/wowproductimages/medium/681718.jpg,2020-09-20 19:49:44,Average product rating out of 5: 3.0. Product score is based on 3 ratings,3,,True
b7c0c5f6-4bd4-40a8-8c6c-5b3140e5de82,Woolworths Supermarket,Health & Beauty,Betadine Anaesthetic Lozenges Honey & Lemon Flavour 36 pack,682029,$12.00,$0.33 / 1EA,https://www.woolworths.com.au/shop/productdetails/682029/betadine-anaesthetic-lozenges-honey-lemon-flavour,https://cdn0.woolworths.media/content/wowproductimages/medium/682029.jpg,2020-09-20 19:49:44,Average product rating out of 5: 3.0. Product score is based on 1 ratings,1,,True
c9bbc818-d66e-4d63-a7c0-4668d43168be,Woolworths Supermarket,Health & Beauty,Oscar Orsen Extra Large Thick Elastic Brown 10 pack,682159,$5.00,,https://www.woolworths.com.au/shop/productdetails/682159/oscar-orsen-extra-large-thick-elastic-brown,https://cdn0.woolworths.media/content/wowproductimages/medium/682159.jpg,2020-09-20 19:49:44,,0,,True
0750790c-0c00-4ea1-98d7-133aa8af060e,Woolworths Supermarket,Health & Beauty,Oscar Orsen Extra Large Thick Elastics Blond 10 pack,682390,$5.00,,https://www.woolworths.com.au/shop/productdetails/682390/oscar-orsen-extra-large-thick-elastics-blond,https://cdn0.woolworths.media/content/wowproductimages/medium/682390.jpg,2020-09-20 19:49:44,,0,,True
ded8ca62-ed2c-4ff4-9951-11ae167758fe,Woolworths Supermarket,Health & Beauty,Isocol Multipurpose Anti-bacterial Lotion Spray 75ml,682432,$6.00,$8.00 / 100ML,https://www.woolworths.com.au/shop/productdetails/682432/isocol-multipurpose-anti-bacterial-lotion-spray,https://cdn0.woolworths.media/content/wowproductimages/medium/682432.jpg,2020-09-20 19:49:44,Average product rating out of 5: 4.3. Product score is based on 3 ratings,3,,True
f4a42087-5173-4607-bab5-62b3d78e1042,Woolworths Supermarket,Health & Beauty,Gastro-stop Plus 6 pack,682513,$10.00,$1.67 / 1EA,https://www.woolworths.com.au/shop/productdetails/682513/gastro-stop-plus,https://cdn0.woolworths.media/content/wowproductimages/medium/682513.jpg,2020-09-20 19:49:44,Average product rating out of 5: 5.0. Product score is based on 1 ratings,1,,True
9bcbda18-8519-4209-9862-73626b85ed73,Woolworths Supermarket,Health & Beauty,L'oreal Paris Elvive Extraordinary Coconut Oil Mask 300ml,682747,$5.00,$1.67 / 100ML,https://www.woolworths.com.au/shop/productdetails/682747/l-oreal-paris-elvive-extraordinary-coconut-oil-mask,https://cdn0.woolworths.media/content/wowproductimages/medium/682747.jpg,2020-09-20 19:49:44,Average product rating out of 5: 4.8. Product score is based on 6 ratings,6,,True
a1084ec7-9dce-4428-b5e0-5e298899678c,Woolworths Supermarket,Health & Beauty,L'oreal Paris Elvive Coconut Oil Shampoo 325ml,682756,$4.00,$1.23 / 100ML,https://www.woolworths.com.au/shop/productdetails/682756/l-oreal-paris-elvive-coconut-oil-shampoo,https://cdn0.woolworths.media/content/wowproductimages/medium/682756.jpg,2020-09-20 19:49:44,Average product rating out of 5: 3.0. Product score is based on 2 ratings,2,,True
f6cc0094-5cd3-4468-a769-20f60b60e69c,Woolworths Supermarket,Health & Beauty,Garnier Fructis Hair Food Nourishing Banana 390ml,682765,$8.40,$2.15 / 100ML,https://www.woolworths.com.au/shop/productdetails/682765/garnier-fructis-hair-food-nourishing-banana,https://cdn0.woolworths.media/content/wowproductimages/medium/682765.jpg,2020-09-20 19:49:44,Average product rating out of 5: 4.5. Product score is based on 18 ratings,18,,True
805f21b8-99d2-4a8b-9c7f-5acb2cbd2124,Woolworths Supermarket,Health & Beauty,L'oreal Paris Elvive Coconut Oil Conditioner 325ml,682769,$4.00,$1.23 / 100ML,https://www.woolworths.com.au/shop/productdetails/682769/l-oreal-paris-elvive-coconut-oil-conditioner,https://cdn0.woolworths.media/content/wowproductimages/medium/682769.jpg,2020-09-20 19:49:44,Average product rating out of 5: 4.5. Product score is based on 2 ratings,2,,True
6337e0c7-29f3-4742-9910-ffa45fe04faf,Woolworths Supermarket,Health & Beauty,Garnier Fructis Hair Food Smoothing Macadamia 390ml,682771,$8.40,$2.15 / 100ML,https://www.woolworths.com.au/shop/productdetails/682771/garnier-fructis-hair-food-smoothing-macadamia,https://cdn0.woolworths.media/content/wowproductimages/medium/682771.jpg,2020-09-20 19:49:44,Average product rating out of 5: 4.7. Product score is based on 16 ratings,16,,True
8bbc18e1-0274-4746-b5fe-9d266f5c9bc4,Woolworths Supermarket,Health & Beauty,Garnier Fructis Hair Food Repairing Papaya 390ml,682780,$8.40,$2.15 / 100ML,https://www.woolworths.com.au/shop/productdetails/682780/garnier-fructis-hair-food-repairing-papaya,https://cdn0.woolworths.media/content/wowproductimages/medium/682780.jpg,2020-09-20 19:49:44,Average product rating out of 5: 4.8. Product score is based on 8 ratings,8,,True
240cf948-8450-4b5d-82ac-59557d30e19c,Woolworths Supermarket,Health & Beauty,Batiste Dry Shampoo Luxe 200ml,683106,$10.00,$5.00 / 100ML,https://www.woolworths.com.au/shop/productdetails/683106/batiste-dry-shampoo-luxe,https://cdn0.woolworths.media/content/wowproductimages/medium/683106.jpg,2020-09-20 19:49:44,Average product rating out of 5: 5.0. Product score is based on 2 ratings,2,,True
0248596a-d990-46ce-8565-533f867d4666,Woolworths Supermarket,Health & Beauty,Strepsils Extra Blackcurrant Sore Throat Fast Numbing Throat Lozenges 16 pack,683112,$7.50,$0.47 / 1EA,https://www.woolworths.com.au/shop/productdetails/683112/strepsils-extra-blackcurrant-sore-throat-fast-numbing-throat-lozenges,https://cdn0.woolworths.media/content/wowproductimages/medium/683112.jpg,2020-09-20 19:49:44,Average product rating out of 5: 5.0. Product score is based on 1 ratings,1,Was $8.00 04/06/2018,True
471f07c5-15a7-4536-a4f2-89aae01b83fe,Woolworths Supermarket,Health & Beauty,Metamucil Natural Granular Smooth Powder 798g,683164,$31.50,$3.95 / 100G,https://www.woolworths.com.au/shop/productdetails/683164/metamucil-natural-granular-smooth-powder,https://cdn0.woolworths.media/content/wowproductimages/medium/683164.jpg,2020-09-20 19:49:44,Average product rating out of 5: 4.4. Product score is based on 5 ratings,5,,True
e3e0b665-8d39-4410-aa78-b0bf6b33f26c,Woolworths Supermarket,Health & Beauty,Durex Pleasure Me Condoms 30 pack,683244,$15.00,$0.50 / 1EA,https://www.woolworths.com.au/shop/productdetails/683244/durex-pleasure-me-condoms,https://cdn0.woolworths.media/content/wowproductimages/medium/683244.jpg,2020-09-20 19:49:44,,0,Was $17.00 11/06/2018,True
210ae971-3c8d-48c5-a047-83c5f317077b,Woolworths Supermarket,Health & Beauty,Glow Lab Hydrating Shampoo 300ml,683318,$14.40,$4.80 / 100ML,https://www.woolworths.com.au/shop/productdetails/683318/glow-lab-hydrating-shampoo,https://cdn0.woolworths.media/content/wowproductimages/medium/683318.jpg,2020-09-20 19:49:44,Average product rating out of 5: 4.5. Product score is based on 2 ratings,2,,True
8e9e7f7a-6092-4648-b85a-f9642839632f,Woolworths Supermarket,Health & Beauty,Glow Lab Repairing Shampoo 300ml,683319,$14.40,$4.80 / 100ML,https://www.woolworths.com.au/shop/productdetails/683319/glow-lab-repairing-shampoo,https://cdn0.woolworths.media/content/wowproductimages/medium/683319.jpg,2020-09-20 19:49:44,Average product rating out of 5: 3.0. Product score is based on 1 ratings,1,,True
140610b1-8571-47f9-a8e1-c1e53898a180,Woolworths Supermarket,Health & Beauty,Glow Lab Repairing Conditioner 300ml,683378,$14.40,$4.80 / 100ML,https://www.woolworths.com.au/shop/productdetails/683378/glow-lab-repairing-conditioner,https://cdn0.woolworths.media/content/wowproductimages/medium/683378.jpg,2020-09-20 19:49:44,Average product rating out of 5: 2.0. Product score is based on 2 ratings,2,,True
9db7b847-8678-40d0-b797-98c39c7bc19d,Woolworths Supermarket,Health & Beauty,Glow Lab Volumising Shampoo 300ml,683381,$14.40,$4.80 / 100ML,https://www.woolworths.com.au/shop/productdetails/683381/glow-lab-volumising-shampoo,https://cdn0.woolworths.media/content/wowproductimages/medium/683381.jpg,2020-09-20 19:49:44,Average product rating out of 5: 4.0. Product score is based on 5 ratings,5,,True
31fb82eb-81c8-4096-9013-47d83deac120,Woolworths Supermarket,Health & Beauty,Glow Lab Hydrating Conditioner 300ml,683383,$14.40,$4.80 / 100ML,https://www.woolworths.com.au/shop/productdetails/683383/glow-lab-hydrating-conditioner,https://cdn0.woolworths.media/content/wowproductimages/medium/683383.jpg,2020-09-20 19:49:44,Average product rating out of 5: 5.0. Product score is based on 3 ratings,3,,True
bace4dbf-d0da-4a44-82d1-a85f8dcc583c,Woolworths Supermarket,Health & Beauty,Glow Lab Hair Serum 50ml,683385,$14.40,$28.80 / 100ML,https://www.woolworths.com.au/shop/productdetails/683385/glow-lab-hair-serum,https://cdn0.woolworths.media/content/wowproductimages/medium/683385.jpg,2020-09-20 19:49:44,Average product rating out of 5: 3.8. Product score is based on 6 ratings,6,,True
0e03223c-6ce9-490b-ac86-da99540359f3,Woolworths Supermarket,Health & Beauty,Glow Lab Hair Mask 200ml,683386,$14.40,$7.20 / 100ML,https://www.woolworths.com.au/shop/productdetails/683386/glow-lab-hair-mask,https://cdn0.woolworths.media/content/wowproductimages/medium/683386.jpg,2020-09-20 19:49:44,Average product rating out of 5: 4.0. Product score is based on 5 ratings,5,,True
56200770-2af9-4515-958c-928851f475d0,Woolworths Supermarket,Health & Beauty,Natures Organics Fruits Shampoo Coconut Lime 500ml,683388,$1.90,$0.38 / 100ML,https://www.woolworths.com.au/shop/productdetails/683388/natures-organics-fruits-shampoo-coconut-lime,https://cdn0.woolworths.media/content/wowproductimages/medium/683388.jpg,2020-09-20 19:49:44,Average product rating out of 5: 4.2. Product score is based on 12 ratings,12,,True
7f1e0ebb-bbde-4225-93bc-fd296ccfe3a8,Woolworths Supermarket,Health & Beauty,Natures Organics Fruits Conditioner Coconut Lime 500ml,683389,$1.90,$0.38 / 100ML,https://www.woolworths.com.au/shop/productdetails/683389/natures-organics-fruits-conditioner-coconut-lime,https://cdn0.woolworths.media/content/wowproductimages/medium/683389.jpg,2020-09-20 19:49:44,Average product rating out of 5: 3.9. Product score is based on 13 ratings,13,,True
62c5e055-9880-4c0d-8669-c3948069c66d,Woolworths Supermarket,Health & Beauty,Glow Lab Volumising Conditioner 300ml,683390,$14.40,$4.80 / 100ML,https://www.woolworths.com.au/shop/productdetails/683390/glow-lab-volumising-conditioner,https://cdn0.woolworths.media/content/wowproductimages/medium/683390.jpg,2020-09-20 19:49:44,Average product rating out of 5: 4.5. Product score is based on 2 ratings,2,,True
ab9b6c12-ed2a-43e7-a32f-4362128c1bbd,Woolworths Supermarket,Health & Beauty,Glow Lab Leave In Conditioner 120ml,683391,$14.40,$12.00 / 100ML,https://www.woolworths.com.au/shop/productdetails/683391/glow-lab-leave-in-conditioner,https://cdn0.woolworths.media/content/wowproductimages/medium/683391.jpg,2020-09-20 19:49:44,Average product rating out of 5: 3.1. Product score is based on 7 ratings,7,,True
51953cb8-e3e3-4dd2-91c7-6beb5f97f797,Woolworths Supermarket,Health & Beauty,Metamucil Lemon Lime Smooth Powder 673g,683394,$31.50,$4.68 / 100G,https://www.woolworths.com.au/shop/productdetails/683394/metamucil-lemon-lime-smooth-powder,https://cdn0.woolworths.media/content/wowproductimages/medium/683394.jpg,2020-09-20 19:49:44,Average product rating out of 5: 4.8. Product score is based on 6 ratings,6,,True
d18fac88-deb4-4ea8-a592-e1cedcb9fd68,Woolworths Supermarket,Health & Beauty,Advil Rapid Release Tablets 24 pack,683435,$4.80,$0.20 / 1EA,https://www.woolworths.com.au/shop/productdetails/683435/advil-rapid-release-tablets,https://cdn0.woolworths.media/content/wowproductimages/medium/683435.jpg,2020-09-20 19:49:44,Average product rating out of 5: 4.5. Product score is based on 6 ratings,6,,True
bb160677-6064-4144-a661-6c1aa5050970,Woolworths Supermarket,Health & Beauty,L'oreal Paris Age Perfect Beautifying Colour Care Warm Gold 80ml,683513,$8.75,,https://www.woolworths.com.au/shop/productdetails/683513/l-oreal-paris-age-perfect-beautifying-colour-care-warm-gold,https://cdn0.woolworths.media/content/wowproductimages/medium/683513.jpg,2020-09-20 19:49:44,,0,,True
87384336-b066-4ed4-a2df-9fab0728c5b9,Woolworths Supermarket,Health & Beauty,L'oreal Paris Age Perfect Beautifying Colour Care Pearl 80ml,683515,$8.75,,https://www.woolworths.com.au/shop/productdetails/683515/l-oreal-paris-age-perfect-beautifying-colour-care-pearl,https://cdn0.woolworths.media/content/wowproductimages/medium/683515.jpg,2020-09-20 19:49:44,,0,,True
2c121b7e-8705-4d1b-b5b8-8fe11effde81,Woolworths Supermarket,Health & Beauty,L'oreal Paris Colorista Washout Denim Hair each,683520,$8.25,$10.31 / 100ML,https://www.woolworths.com.au/shop/productdetails/683520/l-oreal-paris-colorista-washout-denim-hair,https://cdn0.woolworths.media/content/wowproductimages/medium/683520.jpg,2020-09-20 19:49:44,,0,,True
5652cf0e-39e4-4f5d-916d-da5ec140aea4,Woolworths Supermarket,Health & Beauty,Schwarzkopf Root Retoucher Black 70g,683751,$18.00,$25.71 / 100G,https://www.woolworths.com.au/shop/productdetails/683751/schwarzkopf-root-retoucher-black,https://cdn0.woolworths.media/content/wowproductimages/medium/683751.jpg,2020-09-20 19:49:44,,0,,True
30eb7f03-8f77-4683-a8a0-2f70ca4c60e3,Woolworths Supermarket,Health & Beauty,Schwarzkopf Root Retoucher Brown 70g,683764,$18.00,$25.71 / 100G,https://www.woolworths.com.au/shop/productdetails/683764/schwarzkopf-root-retoucher-brown,https://cdn0.woolworths.media/content/wowproductimages/medium/683764.jpg,2020-09-20 19:49:44,,0,,True
acb67a66-7c4c-434b-b635-183676b57713,Woolworths Supermarket,Health & Beauty,Schwarzkopf Root Retoucher Dark Blonde 70g,683765,$18.00,$25.71 / 100G,https://www.woolworths.com.au/shop/productdetails/683765/schwarzkopf-root-retoucher-dark-blonde,https://cdn0.woolworths.media/content/wowproductimages/medium/683765.jpg,2020-09-20 19:49:44,,0,,True
6400409a-8a19-4d5a-9a1e-71ccd412ab62,Woolworths Supermarket,Health & Beauty,Schwarzkopf Root Retoucher Dark Brown 70g,683766,$18.00,$25.71 / 100G,https://www.woolworths.com.au/shop/productdetails/683766/schwarzkopf-root-retoucher-dark-brown,https://cdn0.woolworths.media/content/wowproductimages/medium/683766.jpg,2020-09-20 19:49:44,,0,,True
92562b4f-251f-41bc-8341-75082cab2c55,Woolworths Supermarket,Health & Beauty,Organic Care Conditioner Coco Repair 400ml,683771,$1.75,$0.44 / 100ML,https://www.woolworths.com.au/shop/productdetails/683771/organic-care-conditioner-coco-repair,https://cdn0.woolworths.media/content/wowproductimages/medium/683771.jpg,2020-09-20 19:49:44,Average product rating out of 5: 4.7. Product score is based on 10 ratings,10,,True
27dec6fc-96ed-401b-90f6-da2b40f3db33,Woolworths Supermarket,Health & Beauty,Band-aid Advanced Healing Hydro Seal Jumbo 3 pack,683855,$7.20,$2.40 / 1EA,https://www.woolworths.com.au/shop/productdetails/683855/band-aid-advanced-healing-hydro-seal-jumbo,https://cdn0.woolworths.media/content/wowproductimages/medium/683855.jpg,2020-09-20 19:49:44,Average product rating out of 5: 5.0. Product score is based on 2 ratings,2,,True
fc0406df-60ea-4ee0-9a26-1c40c2ad9cfc,Woolworths Supermarket,Health & Beauty,Nicorette Quit Smoking Quickmist Mouth Spray Fresh Mint 13.2ml x 2 pack,683857,$60.00,$227.27 / 100ML,https://www.woolworths.com.au/shop/productdetails/683857/nicorette-quit-smoking-quickmist-mouth-spray-fresh-mint,https://cdn0.woolworths.media/content/wowproductimages/medium/683857.jpg,2020-09-20 19:49:44,Average product rating out of 5: 3.0. Product score is based on 2 ratings,2,,True
f1c87eea-8823-4a69-a570-4da521728980,Woolworths Supermarket,Health & Beauty,Scholl Eulactol Heel Balm Gold 200ml,683936,$28.00,$14.00 / 100G,https://www.woolworths.com.au/shop/productdetails/683936/scholl-eulactol-heel-balm-gold,https://cdn0.woolworths.media/content/wowproductimages/medium/683936.jpg,2020-09-20 19:49:44,Average product rating out of 5: 4.7. Product score is based on 9 ratings,9,,True
c7b2113d-293b-4358-957e-c04f94406b4a,Woolworths Supermarket,Health & Beauty,Schwarzkopf Extra Care Conditionner Supreme Length 400ml,683957,$6.90,$1.73 / 100ML,https://www.woolworths.com.au/shop/productdetails/683957/schwarzkopf-extra-care-conditionner-supreme-length,https://cdn0.woolworths.media/content/wowproductimages/medium/683957.jpg,2020-09-20 19:49:44,Average product rating out of 5: 4.7. Product score is based on 6 ratings,6,,True
51a30eb3-5d40-4fed-a173-37c59704d97f,Woolworths Supermarket,Health & Beauty,Schwarzkopf Extra Care Shampoo Supreme Length 400ml,683975,$6.90,$1.73 / 100ML,https://www.woolworths.com.au/shop/productdetails/683975/schwarzkopf-extra-care-shampoo-supreme-length,https://cdn0.woolworths.media/content/wowproductimages/medium/683975.jpg,2020-09-20 19:49:44,Average product rating out of 5: 5.0. Product score is based on 5 ratings,5,,True
6f65f979-58ec-4230-8b6a-096372362ae2,Woolworths Supermarket,Health & Beauty,Schwarzkopf Extra Care Ultimate Repair Hair Mask 300ml,683979,$10.00,$3.33 / 100ML,https://www.woolworths.com.au/shop/productdetails/683979/schwarzkopf-extra-care-ultimate-repair-hair-mask,https://cdn0.woolworths.media/content/wowproductimages/medium/683979.jpg,2020-09-20 19:49:44,Average product rating out of 5: 4.0. Product score is based on 4 ratings,4,,True
d3192911-1b53-42d6-803a-544c02419fbd,Woolworths Supermarket,Health & Beauty,Extra Care Grape Seed Oil Elixir 80ml,683991,$20.00,$25.00 / 100ML,https://www.woolworths.com.au/shop/productdetails/683991/extra-care-grape-seed-oil-elixir,https://cdn0.woolworths.media/content/wowproductimages/medium/683991.jpg,2020-09-20 19:49:44,Average product rating out of 5: 5.0. Product score is based on 2 ratings,2,,True
8fbf12d2-43f6-4017-bd74-28fcb8540c1a,Woolworths Supermarket,Health & Beauty,Schwarzkopf Got2b Hairspray 2 Sexy 300ml,683999,$13.00,$4.33 / 100ML,https://www.woolworths.com.au/shop/productdetails/683999/schwarzkopf-got2b-hairspray-2-sexy,https://cdn0.woolworths.media/content/wowproductimages/medium/683999.jpg,2020-09-20 19:49:44,Average product rating out of 5: 3.5. Product score is based on 6 ratings,6,,True
26f6ebb9-de7d-4602-b3a6-35113ed1d3b6,Woolworths Supermarket,Health & Beauty,Extra Care Rose Hip Oil Elixir 80ml,684000,$20.00,$25.00 / 100ML,https://www.woolworths.com.au/shop/productdetails/684000/extra-care-rose-hip-oil-elixir,https://cdn0.woolworths.media/content/wowproductimages/medium/684000.jpg,2020-09-20 19:49:44,Average product rating out of 5: 5.0. Product score is based on 2 ratings,2,,True
9cf40948-3d60-4820-bcc4-27072cb9d914,Woolworths Supermarket,Health & Beauty,Love Luna Midi Period Brief 6--8,684269,$13.50,$13.50 / 1EA,https://www.woolworths.com.au/shop/productdetails/684269/love-luna-midi-period-brief,https://cdn0.woolworths.media/content/wowproductimages/medium/684269.jpg,2020-09-20 19:49:44,,0,,True
224b2e4f-2bcd-4fbf-afdf-5e3cc4844314,Woolworths Supermarket,Health & Beauty,Love Luna Bikini Period Brief 10--12,684273,$13.50,$13.50 / 1EA,https://www.woolworths.com.au/shop/productdetails/684273/love-luna-bikini-period-brief,https://cdn0.woolworths.media/content/wowproductimages/medium/684273.jpg,2020-09-20 19:49:44,,0,,True
b34a0748-2974-4533-a79b-c90d449eb8d9,Woolworths Supermarket,Health & Beauty,Love Luna Midi Period Brief 12--14,684277,$13.50,$13.50 / 1EA,https://www.woolworths.com.au/shop/productdetails/684277/love-luna-midi-period-brief,https://cdn0.woolworths.media/content/wowproductimages/medium/684277.jpg,2020-09-20 19:49:44,,0,,True
7d936c3e-f5c6-47dc-b329-fe07b0b8f583,Woolworths Supermarket,Health & Beauty,Love Luna Midi Period Brief 8--10,684290,$13.50,$13.50 / 1EA,https://www.woolworths.com.au/shop/productdetails/684290/love-luna-midi-period-brief,https://cdn0.woolworths.media/content/wowproductimages/medium/684290.jpg,2020-09-20 19:49:44,,0,,True
738ec7b8-6801-4b97-bb00-cd72002e1050,Woolworths Supermarket,Health & Beauty,U By Kotex Ultrathin Overnight Pad Long 8 pack,684420,$2.80,$0.35 / 1EA,https://www.woolworths.com.au/shop/productdetails/684420/u-by-kotex-ultrathin-overnight-pad-long,https://cdn0.woolworths.media/content/wowproductimages/medium/684420.jpg,2020-09-20 19:49:44,,0,,True
caed1332-f221-4943-ae8c-f2574a71eaa7,Woolworths Supermarket,Health & Beauty,U By Kotex Maxi Overnight Pad Long 8 pack,684422,$2.80,$0.35 / 1EA,https://www.woolworths.com.au/shop/productdetails/684422/u-by-kotex-maxi-overnight-pad-long,https://cdn0.woolworths.media/content/wowproductimages/medium/684422.jpg,2020-09-20 19:49:44,,0,,True
b8e91514-beab-4d40-a3d7-99cd35c6c970,Woolworths Supermarket,Health & Beauty,Femfresh Sensitive Wash 250ml,684442,$6.75,$2.70 / 100ML,https://www.woolworths.com.au/shop/productdetails/684442/femfresh-sensitive-wash,https://cdn0.woolworths.media/content/wowproductimages/medium/684442.jpg,2020-09-20 19:49:44,,0,,True
a3888f63-6766-40a1-a7ba-c973ca93e58e,Woolworths Supermarket,Health & Beauty,Femfresh Femfresh Pocket Wipes 10 pack,684443,$3.00,$0.30 / 1EA,https://www.woolworths.com.au/shop/productdetails/684443/femfresh-femfresh-pocket-wipes,https://cdn0.woolworths.media/content/wowproductimages/medium/684443.jpg,2020-09-20 19:49:44,,0,,True
25792612-2f8e-41d8-a2ac-6b9372d31d86,Woolworths Supermarket,Health & Beauty,Love Luna Full Period Brief 14--16,684475,$13.50,$13.50 / 1EA,https://www.woolworths.com.au/shop/productdetails/684475/love-luna-full-period-brief,https://cdn0.woolworths.media/content/wowproductimages/medium/684475.jpg,2020-09-20 19:49:44,,0,,True
b3929121-46f6-4ede-a6b9-ed3ddadad87f,Woolworths Supermarket,Health & Beauty,Skin Republic Foot Peel each,684628,$8.00,,https://www.woolworths.com.au/shop/productdetails/684628/skin-republic-foot-peel,https://cdn0.woolworths.media/content/wowproductimages/medium/684628.jpg,2020-09-20 19:49:44,,0,,True
ce6636ce-e433-47fa-bdd6-8cb4900f632c,Woolworths Supermarket,Health & Beauty,Skin Republic Hyaluronic Boost Youthfoil Mask each,684629,$7.50,$7.50 / 1EA,https://www.woolworths.com.au/shop/productdetails/684629/skin-republic-hyaluronic-boost-youthfoil-mask,https://cdn0.woolworths.media/content/wowproductimages/medium/684629.jpg,2020-09-20 19:49:44,,0,,True
ebea5727-2a4b-42cf-960b-770b87e71191,Woolworths Supermarket,Health & Beauty,Skin Republic Gold Under Eye Patches 2 pack,684900,$6.50,$6.50 / 1EA,https://www.woolworths.com.au/shop/productdetails/684900/skin-republic-gold-under-eye-patches,https://cdn0.woolworths.media/content/wowproductimages/medium/684900.jpg,2020-09-20 19:49:44,,0,,True
cfc58c4f-1c2c-4b2b-90ee-afd290bca283,Woolworths Supermarket,Health & Beauty,Skin Republic Gold Hydrogel Face Mask each,684901,$6.50,,https://www.woolworths.com.au/shop/productdetails/684901/skin-republic-gold-hydrogel-face-mask,https://cdn0.woolworths.media/content/wowproductimages/medium/684901.jpg,2020-09-20 19:49:44,,0,,True
00b63e4b-1490-44c4-8d07-f27a8dafdfa4,Woolworths Supermarket,Health & Beauty,Tom Organic Bulk Tampons Regular 32 pack,684927,$9.50,$0.30 / 1EA,https://www.woolworths.com.au/shop/productdetails/684927/tom-organic-bulk-tampons-regular,https://cdn0.woolworths.media/content/wowproductimages/medium/684927.jpg,2020-09-20 19:49:44,,0,,True
f778ca70-d8e5-4e78-bb6f-6ea7b3df8cf9,Woolworths Supermarket,Health & Beauty,Balnea Almond Milk & Jojoba Oil Hand Wash 250ml,685729,$1.50,$0.60 / 100ML,https://www.woolworths.com.au/shop/productdetails/685729/balnea-almond-milk-jojoba-oil-hand-wash,https://cdn0.woolworths.media/content/wowproductimages/medium/685729.jpg,2020-09-20 19:49:44,Average product rating out of 5: 4.5. Product score is based on 322 ratings,322,,True
9dbeb663-ed0c-4a5f-9e2d-1f76f00c6a7c,Woolworths Supermarket,Health & Beauty,Thankyou. Body Wash Botanical Lemon Myrtle & Goat's Milk 500ml,686765,$8.00,$1.60 / 100ML,https://www.woolworths.com.au/shop/productdetails/686765/thankyou-body-wash-botanical-lemon-myrtle-goat-s-milk,https://cdn0.woolworths.media/content/wowproductimages/medium/686765.jpg,2020-09-20 19:49:44,,0,,True
c356c656-365c-400e-b3ae-d99568ec4134,Woolworths Supermarket,Health & Beauty,L'oreal Extraordinary Oil 30ml,687098,$5.00,$16.67 / 100ML,https://www.woolworths.com.au/shop/productdetails/687098/l-oreal-extraordinary-oil,https://cdn0.woolworths.media/content/wowproductimages/medium/687098.jpg,2020-09-20 19:49:44,,0,,True
801ba073-5757-4486-b0c0-a98cf9c196df,Woolworths Supermarket,Health & Beauty,Musashi Deluxe Peanut Crunch 60g,687147,$4.00,$6.67 / 100G,https://www.woolworths.com.au/shop/productdetails/687147/musashi-deluxe-peanut-crunch,https://cdn0.woolworths.media/content/wowproductimages/medium/687147.jpg,2020-09-20 19:49:44,Average product rating out of 5: 4.7. Product score is based on 7 ratings,7,,True
238800eb-557d-42c3-8a59-9858944cc5e6,Woolworths Supermarket,Health & Beauty,L'oreal Men Expert Barber Club 3-in-1 Wash 200ml,687688,$10.00,$5.00 / 100ML,https://www.woolworths.com.au/shop/productdetails/687688/l-oreal-men-expert-barber-club-3-in-1-wash,https://cdn0.woolworths.media/content/wowproductimages/medium/687688.jpg,2020-09-20 19:49:44,,0,,True
80344919-99e9-4875-9dd3-9cf67358ac23,Woolworths Supermarket,Health & Beauty,Glow Lab Blackberry & Bay Body Wash 400ml,687726,$6.00,$1.50 / 100ML,https://www.woolworths.com.au/shop/productdetails/687726/glow-lab-blackberry-bay-body-wash,https://cdn0.woolworths.media/content/wowproductimages/medium/687726.jpg,2020-09-20 19:49:44,Average product rating out of 5: 3.5. Product score is based on 2 ratings,2,,True
3c261fdf-406f-4d19-a61c-c80bd1517183,Woolworths Supermarket,Health & Beauty,Glow Lab Coconut & Sandalwood Body Wash 400ml,687734,$6.00,$1.50 / 100ML,https://www.woolworths.com.au/shop/productdetails/687734/glow-lab-coconut-sandalwood-body-wash,https://cdn0.woolworths.media/content/wowproductimages/medium/687734.jpg,2020-09-20 19:49:44,Average product rating out of 5: 3.9. Product score is based on 10 ratings,10,,True
08c5d3f5-d7b2-46cc-90a8-2376e6cdb006,Woolworths Supermarket,Health & Beauty,Glow Lab Rhubarb & Rose Body Wash 400ml,687737,$6.00,$1.50 / 100ML,https://www.woolworths.com.au/shop/productdetails/687737/glow-lab-rhubarb-rose-body-wash,https://cdn0.woolworths.media/content/wowproductimages/medium/687737.jpg,2020-09-20 19:49:44,Average product rating out of 5: 4.4. Product score is based on 5 ratings,5,,True
eb9cb9d8-fb88-41f3-9d50-f4f9044fb7b6,Woolworths Supermarket,Health & Beauty,Mud Super Thin Waterproof Liquid Eyeline 1ml,688225,$5.00,$50.00 / 10ML,https://www.woolworths.com.au/shop/productdetails/688225/mud-super-thin-waterproof-liquid-eyeline,https://cdn0.woolworths.media/content/wowproductimages/medium/688225.jpg,2020-09-20 19:49:44,Average product rating out of 5: 5.0. Product score is based on 2 ratings,2,Was $5.50 23/08/2016,True
153a9c92-27e9-4b2c-af03-1117ff5caf43,Woolworths Supermarket,Health & Beauty,Mud Volume & Fibre Extension Mascara 12g,688273,$4.50,$3.75 / 10G,https://www.woolworths.com.au/shop/productdetails/688273/mud-volume-fibre-extension-mascara,https://cdn0.woolworths.media/content/wowproductimages/medium/688273.jpg,2020-09-20 19:49:44,Average product rating out of 5: 4.0. Product score is based on 3 ratings,3,Was $5.00 08/05/2017,True
e608e80c-1f14-48eb-91dd-34cbda49d956,Woolworths Supermarket,Health & Beauty,Maybelline Total Temptation Volumizing Mascara - Blackest Black 8.25ml,688564,$13.20,$16.00 / 10ML,https://www.woolworths.com.au/shop/productdetails/688564/maybelline-total-temptation-volumizing-mascara-blackest-black,https://cdn0.woolworths.media/content/wowproductimages/medium/688564.jpg,2020-09-20 19:49:44,Average product rating out of 5: 3.0. Product score is based on 2 ratings,2,,True
ff087397-e563-487b-8b60-1e0cee34a0b6,Woolworths Supermarket,Health & Beauty,Maybelline Fit Me Matte & Poreless Pressed Powder - Classic Ivory each,688569,$9.00,$10.00 / 10G,https://www.woolworths.com.au/shop/productdetails/688569/maybelline-fit-me-matte-poreless-pressed-powder-classic-ivory,https://cdn0.woolworths.media/content/wowproductimages/medium/688569.jpg,2020-09-20 19:49:44,Average product rating out of 5: 5.0. Product score is based on 1 ratings,1,,True
91cdaf5c-399e-4962-849a-778346e88878,Woolworths Supermarket,Health & Beauty,Maybelline Face Studio Prime Pore Minimising Primer each,688702,$10.80,$3.60 / 10ML,https://www.woolworths.com.au/shop/productdetails/688702/maybelline-face-studio-prime-pore-minimising-primer,https://cdn0.woolworths.media/content/wowproductimages/medium/688702.jpg,2020-09-20 19:49:44,Average product rating out of 5: 4.3. Product score is based on 3 ratings,3,,True
244754d6-57ad-4482-962b-471abd62551f,Woolworths Supermarket,Health & Beauty,Maybelline Fit Me Matte & Poreless Pressed Powder- Pure Beige 235 each,688710,$9.00,$10.00 / 10G,https://www.woolworths.com.au/shop/productdetails/688710/maybelline-fit-me-matte-poreless-pressed-powder-pure-beige-235,https://cdn0.woolworths.media/content/wowproductimages/medium/688710.jpg,2020-09-20 19:49:44,Average product rating out of 5: 4.0. Product score is based on 1 ratings,1,,True
5e19f6e1-552a-4525-b694-06bc94090956,Woolworths Supermarket,Health & Beauty,Ecostore Toothpaste Whitening Care 100g,688721,$7.00,$7.00 / 100G,https://www.woolworths.com.au/shop/productdetails/688721/ecostore-toothpaste-whitening-care,https://cdn0.woolworths.media/content/wowproductimages/medium/688721.jpg,2020-09-20 19:49:44,Average product rating out of 5: 4.8. Product score is based on 12 ratings,12,,True
2355c72c-a7c5-4ec1-847f-10de49e7be58,Woolworths Supermarket,Health & Beauty,Ecostore Mouthwash Complete Care 450ml,688723,$6.30,$1.40 / 100ML,https://www.woolworths.com.au/shop/productdetails/688723/ecostore-mouthwash-complete-care,https://cdn0.woolworths.media/content/wowproductimages/medium/688723.jpg,2020-09-20 19:49:44,Average product rating out of 5: 5.0. Product score is based on 2 ratings,2,,True
079673c6-25fd-471d-ad56-7869e2a3164a,Woolworths Supermarket,Health & Beauty,Maybelline Superstay Matte Ink Liquid Lipstick - Seductress 65 each,688859,$11.00,$22.00 / 10ML,https://www.woolworths.com.au/shop/productdetails/688859/maybelline-superstay-matte-ink-liquid-lipstick-seductress-65,https://cdn0.woolworths.media/content/wowproductimages/medium/688859.jpg,2020-09-20 19:49:44,Average product rating out of 5: 5.0. Product score is based on 2 ratings,2,,True
22424b96-4013-454e-8869-3986d47b8418,Woolworths Supermarket,Health & Beauty,Skin Republic Hyaluronic Acid & Collagen Face Mask each,688926,$4.00,$12.50 / 100G,https://www.woolworths.com.au/shop/productdetails/688926/skin-republic-hyaluronic-acid-collagen-face-mask,https://cdn0.woolworths.media/content/wowproductimages/medium/688926.jpg,2020-09-20 19:49:44,Average product rating out of 5: 5.0. Product score is based on 1 ratings,1,,True
5724e4b5-8555-4b4f-8e51-cd2da330cc22,Woolworths Supermarket,Health & Beauty,Manicare Flat Tweezer Gold Tipped each,689010,$11.00,,https://www.woolworths.com.au/shop/productdetails/689010/manicare-flat-tweezer-gold-tipped,https://cdn0.woolworths.media/content/wowproductimages/medium/689010.jpg,2020-09-20 19:49:44,,0,,True
dade1bdb-d297-4625-979c-98472b4eb1e4,Woolworths Supermarket,Health & Beauty,Vaseline Lip Therapy Rosy Lips Balm 20g,689626,$4.00,$2.00 / 10G,https://www.woolworths.com.au/shop/productdetails/689626/vaseline-lip-therapy-rosy-lips-balm,https://cdn0.woolworths.media/content/wowproductimages/medium/689626.jpg,2020-09-20 19:49:44,Average product rating out of 5: 4.6. Product score is based on 9 ratings,9,,True
4a72a37d-85c0-45af-980a-7b4d673f88a9,Woolworths Supermarket,Health & Beauty,Vaseline Lip Therapy Original Lip Balm 20g,689629,$4.00,$2.00 / 10G,https://www.woolworths.com.au/shop/productdetails/689629/vaseline-lip-therapy-original-lip-balm,https://cdn0.woolworths.media/content/wowproductimages/medium/689629.jpg,2020-09-20 19:49:44,Average product rating out of 5: 4.8. Product score is based on 6 ratings,6,,True
c96c392b-7bdc-4fb6-ba5c-8148ac552c98,Woolworths Supermarket,Health & Beauty,Jiinju Avocado Sheet Mask each,691484,$5.00,$5.00 / 1EA,https://www.woolworths.com.au/shop/productdetails/691484/jiinju-avocado-sheet-mask,https://cdn0.woolworths.media/content/wowproductimages/medium/691484.jpg,2020-09-20 19:49:44,Average product rating out of 5: 5.0. Product score is based on 3 ratings,3,,True
9b077d64-00d0-4fd6-9afb-c22830054bc2,Woolworths Supermarket,Health & Beauty,Jiinju Bubble Sheet Mask each,691746,$5.00,$5.00 / 1EA,https://www.woolworths.com.au/shop/productdetails/691746/jiinju-bubble-sheet-mask,https://cdn0.woolworths.media/content/wowproductimages/medium/691746.jpg,2020-09-20 19:49:44,Average product rating out of 5: 5.0. Product score is based on 3 ratings,3,,True
6ba8abc0-2d3b-4ab5-8d15-df5090cda5d6,Woolworths Supermarket,Health & Beauty,Mcobeauty Full Lash Mascara Waterproof 15ml,691800,$11.90,$7.93 / 10ML,https://www.woolworths.com.au/shop/productdetails/691800/mcobeauty-full-lash-mascara-waterproof,https://cdn0.woolworths.media/content/wowproductimages/medium/691800.jpg,2020-09-20 19:49:44,Average product rating out of 5: 4.0. Product score is based on 3 ratings,3,,True
561e387e-afe9-47cb-a1db-69369a953664,Woolworths Supermarket,Health & Beauty,Mcobeauty Wing Stamp & Liquid Liner Duo 3ml,691812,$9.80,$32.67 / 10ML,https://www.woolworths.com.au/shop/productdetails/691812/mcobeauty-wing-stamp-liquid-liner-duo,https://cdn0.woolworths.media/content/wowproductimages/medium/691812.jpg,2020-09-20 19:49:44,Average product rating out of 5: 3.4. Product score is based on 7 ratings,7,,True
b0770e20-374c-4cb2-9b53-578e74b5245e,Woolworths Supermarket,Health & Beauty,Mcobeauty Long Lasting Pressed Powder Invisible Matte Natural Beige 14.5g,691814,$8.75,$6.03 / 10G,https://www.woolworths.com.au/shop/productdetails/691814/mcobeauty-long-lasting-pressed-powder-invisible-matte-natural-beige,https://cdn0.woolworths.media/content/wowproductimages/medium/691814.jpg,2020-09-20 19:49:44,,0,,True
75ff4e3f-4fb3-4927-8091-cb2ae6390c80,Woolworths Supermarket,Health & Beauty,Nair Hair Removal Shower Cream With Coconut Oil 357g,693344,$15.50,$4.34 / 100G,https://www.woolworths.com.au/shop/productdetails/693344/nair-hair-removal-shower-cream-with-coconut-oil,https://cdn0.woolworths.media/content/wowproductimages/medium/693344.jpg,2020-09-20 19:49:44,Average product rating out of 5: 3.8. Product score is based on 8 ratings,8,,True
5cab3d42-7e2f-4c77-bb69-403119550df4,Woolworths Supermarket,Health & Beauty,All Smiles Toothbrush Kids Soft 5 Pack 5 pack,693556,$6.99,$1.40 / 1EA,https://www.woolworths.com.au/shop/productdetails/693556/all-smiles-toothbrush-kids-soft-5-pack,https://cdn0.woolworths.media/content/wowproductimages/medium/693556.jpg,2020-09-20 19:49:44,Average product rating out of 5: 4.4. Product score is based on 202 ratings,202,,True
45968362-c142-4bb2-b4b2-79962c2b6609,Woolworths Supermarket,Health & Beauty,Nivea Rich Moisture Soft Shower Gel & Body Wash 1l,694036,$13.70,$1.37 / 100ML,https://www.woolworths.com.au/shop/productdetails/694036/nivea-rich-moisture-soft-shower-gel-body-wash,https://cdn0.woolworths.media/content/wowproductimages/medium/694036.jpg,2020-09-20 19:49:44,Average product rating out of 5: 4.8. Product score is based on 14 ratings,14,,True
3d4f2870-01dd-448c-8353-d6a05a43e0d5,Woolworths Supermarket,Health & Beauty,Nivea Coconut Indulgent Moisture Shower Gel & Body Wash 1l,694039,$13.70,$1.37 / 100ML,https://www.woolworths.com.au/shop/productdetails/694039/nivea-coconut-indulgent-moisture-shower-gel-body-wash,https://cdn0.woolworths.media/content/wowproductimages/medium/694039.jpg,2020-09-20 19:49:44,Average product rating out of 5: 4.6. Product score is based on 10 ratings,10,,True
1bcd205f-ab21-4642-afb2-a7dee447f218,Woolworths Supermarket,Health & Beauty,Bx Earth Bondi Splash & Freesia Handwash 300ml,694100,$5.00,$1.67 / 100ML,https://www.woolworths.com.au/shop/productdetails/694100/bx-earth-bondi-splash-freesia-handwash,https://cdn0.woolworths.media/content/wowproductimages/medium/694100.jpg,2020-09-20 19:49:44,Average product rating out of 5: 4.8. Product score is based on 5 ratings,5,,True
390fe641-edf3-4b9b-812e-6d402fb97d47,Woolworths Supermarket,Health & Beauty,Palmolive Foaming Liquid Hand Wash Soap Vanilla & Sweet Almond 400ml,694537,$3.50,$0.88 / 100ML,https://www.woolworths.com.au/shop/productdetails/694537/palmolive-foaming-liquid-hand-wash-soap-vanilla-sweet-almond,https://cdn0.woolworths.media/content/wowproductimages/medium/694537.jpg,2020-09-20 19:49:44,Average product rating out of 5: 4.5. Product score is based on 15 ratings,15,,True
052f7dd7-ffa3-453b-a873-579970c15444,Woolworths Supermarket,Health & Beauty,Australian Botanical Sea Salt Soap 200g,694601,$4.00,$2.00 / 100G,https://www.woolworths.com.au/shop/productdetails/694601/australian-botanical-sea-salt-soap,https://cdn0.woolworths.media/content/wowproductimages/medium/694601.jpg,2020-09-20 19:49:44,Average product rating out of 5: 4.7. Product score is based on 17 ratings,17,,True
6930472f-4a3a-493d-9d77-e63fc0b7860b,Woolworths Supermarket,Health & Beauty,Listerine Total Care Antibacterial Mouthwash 100ml,694665,$3.00,$3.00 / 100ML,https://www.woolworths.com.au/shop/productdetails/694665/listerine-total-care-antibacterial-mouthwash,https://cdn0.woolworths.media/content/wowproductimages/medium/694665.jpg,2020-09-20 19:49:44,Average product rating out of 5: 3.8. Product score is based on 4 ratings,4,,True
9d143916-5e2b-4ce5-bef4-ea6135062b89,Woolworths Supermarket,Health & Beauty,Glow Lab Body Scrub 200ml,694920,$7.20,$3.60 / 100ML,https://www.woolworths.com.au/shop/productdetails/694920/glow-lab-body-scrub,https://cdn0.woolworths.media/content/wowproductimages/medium/694920.jpg,2020-09-20 19:49:44,Average product rating out of 5: 5.0. Product score is based on 2 ratings,2,,True
b278fc67-a544-40ba-ab27-c13222c5f6f1,Woolworths Supermarket,Health & Beauty,Glow Lab Coconut & Spiced Fig Refill Hand Wash 600ml,694921,$7.00,$1.17 / 100ML,https://www.woolworths.com.au/shop/productdetails/694921/glow-lab-coconut-spiced-fig-refill-hand-wash,https://cdn0.woolworths.media/content/wowproductimages/medium/694921.jpg,2020-09-20 19:49:44,Average product rating out of 5: 4.3. Product score is based on 4 ratings,4,,True
ff22140a-38b3-4589-bf68-d21e4f903907,Woolworths Supermarket,Health & Beauty,Glow Lab Vanilla Peppermint Refill Hand Wash 600ml,694922,$7.00,$1.17 / 100ML,https://www.woolworths.com.au/shop/productdetails/694922/glow-lab-vanilla-peppermint-refill-hand-wash,https://cdn0.woolworths.media/content/wowproductimages/medium/694922.jpg,2020-09-20 19:49:44,Average product rating out of 5: 4.2. Product score is based on 5 ratings,5,,True
6f1994f8-eed6-4ee5-963d-7eb3027d7217,Woolworths Supermarket,Health & Beauty,Glow Lab Amber & Sage Refill Hand Wash 600ml,694923,$7.00,$1.17 / 100ML,https://www.woolworths.com.au/shop/productdetails/694923/glow-lab-amber-sage-refill-hand-wash,https://cdn0.woolworths.media/content/wowproductimages/medium/694923.jpg,2020-09-20 19:49:44,Average product rating out of 5: 4.8. Product score is based on 4 ratings,4,,True
ce0ced0e-375b-415e-bbcd-994fea10987d,Woolworths Supermarket,Health & Beauty,Thankyou. Orange & Almond Hand Wash Refill 1l,695116,$12.50,$1.25 / 100ML,https://www.woolworths.com.au/shop/productdetails/695116/thankyou-orange-almond-hand-wash-refill,https://cdn0.woolworths.media/content/wowproductimages/medium/695116.jpg,2020-09-20 19:49:44,Average product rating out of 5: 4.6. Product score is based on 22 ratings,22,,True
37781d45-ecde-4549-a213-0470033a0ce5,Woolworths Supermarket,Health & Beauty,Thankyou. Hand Wash Refill - Botanical Patchouli & Vanilla 1l,695117,$12.50,$1.25 / 100ML,https://www.woolworths.com.au/shop/productdetails/695117/thankyou-hand-wash-refill-botanical-patchouli-vanilla,https://cdn0.woolworths.media/content/wowproductimages/medium/695117.jpg,2020-09-20 19:49:44,Average product rating out of 5: 4.6. Product score is based on 21 ratings,21,,True
46f8466b-b4cb-4f51-a9ae-41ef0ee5bb9d,Woolworths Supermarket,Health & Beauty,Thankyou. Milk Body Wash - Botanical Lemon Myrtle & Goat's Milk 1l,695137,$13.00,$1.30 / 100ML,https://www.woolworths.com.au/shop/productdetails/695137/thankyou-milk-body-wash-botanical-lemon-myrtle-goat-s-milk,https://cdn0.woolworths.media/content/wowproductimages/medium/695137.jpg,2020-09-20 19:49:44,Average product rating out of 5: 4.7. Product score is based on 17 ratings,17,,True
5c6c6a4a-039f-4fad-94bc-eb65822d973a,Woolworths Supermarket,Health & Beauty,Glow Lab Vanilla Peppermint Hand Wash 300ml,696021,,,https://www.woolworths.com.au/shop/productdetails/696021/glow-lab-vanilla-peppermint-hand-wash,https://cdn0.woolworths.media/content/wowproductimages/medium/696021.jpg,2020-09-20 19:49:44,Average product rating out of 5: 4.2. Product score is based on 17 ratings,17,,False
320b397d-23d6-4170-9cb9-634659c3bad2,Woolworths Supermarket,Health & Beauty,Glow Lab Coconut & Spiced Fig Hand Wash 300ml,696039,$4.00,$1.33 / 100ML,https://www.woolworths.com.au/shop/productdetails/696039/glow-lab-coconut-spiced-fig-hand-wash,https://cdn0.woolworths.media/content/wowproductimages/medium/696039.jpg,2020-09-20 19:49:44,Average product rating out of 5: 4.6. Product score is based on 19 ratings,19,,True
0c2a0cb1-cf2e-4a76-b84d-8d9f2bac4101,Woolworths Supermarket,Health & Beauty,Glow Lab Amber & Sage Hand Wash 300ml,696055,,,https://www.woolworths.com.au/shop/productdetails/696055/glow-lab-amber-sage-hand-wash,https://cdn0.woolworths.media/content/wowproductimages/medium/696055.jpg,2020-09-20 19:49:44,Average product rating out of 5: 4.4. Product score is based on 19 ratings,19,,False
d29c4459-4e24-4cc2-9ce0-d19eba1ad8cd,Woolworths Supermarket,Health & Beauty,Gillette Venus Platinum Extra Smooth Women's Razor + 2 Blades each,696646,$14.00,$14.00 / 1EA,https://www.woolworths.com.au/shop/productdetails/696646/gillette-venus-platinum-extra-smooth-women-s-razor-2-blades,https://cdn0.woolworths.media/content/wowproductimages/medium/696646.jpg,2020-09-20 19:49:44,Average product rating out of 5: 4.7. Product score is based on 3 ratings,3,,True
4eee3484-2069-44f5-91a9-415dfb22e4a7,Woolworths Supermarket,Health & Beauty,Gillette Venus Smooth Razor Blade Refills 8 pack,696677,$26.50,$3.31 / 1EA,https://www.woolworths.com.au/shop/productdetails/696677/gillette-venus-smooth-razor-blade-refills,https://cdn0.woolworths.media/content/wowproductimages/medium/696677.jpg,2020-09-20 19:49:44,Average product rating out of 5: 4.3. Product score is based on 4 ratings,4,,True
41a3ec4d-a5dc-4bf2-a99c-121b0529e65e,Woolworths Supermarket,Health & Beauty,Schwarzkopf Nordic Blonde M1 Streaking Kit each,697273,$20.00,,https://www.woolworths.com.au/shop/productdetails/697273/schwarzkopf-nordic-blonde-m1-streaking-kit,https://cdn0.woolworths.media/content/wowproductimages/medium/697273.jpg,2020-09-20 19:49:44,Average product rating out of 5: 4.3. Product score is based on 4 ratings,4,,True
021e04e4-af06-4c20-9ec3-637900b43608,Woolworths Supermarket,Health & Beauty,Schwarzkopf Nordic Blonde L1++ Ultimate Lightener each,697274,$13.00,,https://www.woolworths.com.au/shop/productdetails/697274/schwarzkopf-nordic-blonde-l1-ultimate-lightener,https://cdn0.woolworths.media/content/wowproductimages/medium/697274.jpg,2020-09-20 19:49:44,Average product rating out of 5: 4.7. Product score is based on 6 ratings,6,,True
bd029713-b44e-4c02-a55c-eba19183715b,Woolworths Supermarket,Health & Beauty,Schwarzkopf Nordic Blonde L1+ Extreme Lightener each,697300,$13.00,,https://www.woolworths.com.au/shop/productdetails/697300/schwarzkopf-nordic-blonde-l1-extreme-lightener,https://cdn0.woolworths.media/content/wowproductimages/medium/697300.jpg,2020-09-20 19:49:44,Average product rating out of 5: 5.0. Product score is based on 2 ratings,2,,True
1b91cf46-ded8-47ae-84e8-dfff5e30896b,Woolworths Supermarket,Health & Beauty,Schwarzkopf Nordic Blonde L101 Silver Blonde each,697304,$13.00,,https://www.woolworths.com.au/shop/productdetails/697304/schwarzkopf-nordic-blonde-l101-silver-blonde,https://cdn0.woolworths.media/content/wowproductimages/medium/697304.jpg,2020-09-20 19:49:44,Average product rating out of 5: 3.6. Product score is based on 5 ratings,5,,True
674833dd-47a7-45b0-a3f0-e3f284597d32,Woolworths Supermarket,Health & Beauty,Palmer's Coconut Firming Lotion 250ml,697826,$8.30,$3.32 / 100ML,https://www.woolworths.com.au/shop/productdetails/697826/palmer-s-coconut-firming-lotion,https://cdn0.woolworths.media/content/wowproductimages/medium/697826.jpg,2020-09-20 19:49:44,Average product rating out of 5: 5.0. Product score is based on 1 ratings,1,,True
65d69927-808a-4c02-8d0b-78c154b0f7f6,Woolworths Supermarket,Health & Beauty,Invisible Zinc Tinted Moisturiser Light Spf50 50g,697927,$27.20,$54.40 / 100G,https://www.woolworths.com.au/shop/productdetails/697927/invisible-zinc-tinted-moisturiser-light-spf50,https://cdn0.woolworths.media/content/wowproductimages/medium/697927.jpg,2020-09-20 19:49:44,Average product rating out of 5: 4.8. Product score is based on 4 ratings,4,,True
505b7097-3297-4bae-91b6-c3ca5cd7e972,Woolworths Supermarket,Health & Beauty,Invisible Zinc Tinted Moisturiser Medium Spf50 50g,697935,$27.20,$54.40 / 100G,https://www.woolworths.com.au/shop/productdetails/697935/invisible-zinc-tinted-moisturiser-medium-spf50,https://cdn0.woolworths.media/content/wowproductimages/medium/697935.jpg,2020-09-20 19:49:44,Average product rating out of 5: 5.0. Product score is based on 2 ratings,2,,True
cebbc3c1-fabb-4c1c-8a4a-706646306a25,Woolworths Supermarket,Health & Beauty,Ogx Renewing Moroccan Argan Oil Shampoo 88.7ml,698244,$4.70,$5.30 / 100ML,https://www.woolworths.com.au/shop/productdetails/698244/ogx-renewing-moroccan-argan-oil-shampoo,https://cdn0.woolworths.media/content/wowproductimages/medium/698244.jpg,2020-09-20 19:49:44,,0,,True
816a5730-bd2f-44dc-b394-7a4af516244c,Woolworths Supermarket,Health & Beauty,Ogx Renewing Moroccan Argan Oil Conditioner 88.7ml,698245,$4.70,$5.28 / 100ML,https://www.woolworths.com.au/shop/productdetails/698245/ogx-renewing-moroccan-argan-oil-conditioner,https://cdn0.woolworths.media/content/wowproductimages/medium/698245.jpg,2020-09-20 19:49:44,,0,,True
65c8d8aa-8409-49a1-ae79-68c902b38745,Woolworths Supermarket,Health & Beauty,Banana Boat Simply Protect Kids Spray 175g,698482,$17.50,$10.00 / 100G,https://www.woolworths.com.au/shop/productdetails/698482/banana-boat-simply-protect-kids-spray,https://cdn0.woolworths.media/content/wowproductimages/medium/698482.jpg,2020-09-20 19:49:44,Average product rating out of 5: 4.0. Product score is based on 2 ratings,2,,True
c1eddf59-3085-4ff9-9043-e92e5b013276,Woolworths Supermarket,Health & Beauty,Hawaiian Tropic Tropic Silk Hydration Sunscreen Spray Spf 50 175g,698571,$18.00,$10.29 / 100G,https://www.woolworths.com.au/shop/productdetails/698571/hawaiian-tropic-tropic-silk-hydration-sunscreen-spray-spf-50,https://cdn0.woolworths.media/content/wowproductimages/medium/698571.jpg,2020-09-20 19:49:44,Average product rating out of 5: 4.8. Product score is based on 4 ratings,4,,True
593d4dac-83ca-4b57-88b4-6c24b0116fdd,Woolworths Supermarket,Health & Beauty,L'oreal Paris Age Perfect Beautifying Colour Care Beige 80ml,698642,$8.75,,https://www.woolworths.com.au/shop/productdetails/698642/l-oreal-paris-age-perfect-beautifying-colour-care-beige,https://cdn0.woolworths.media/content/wowproductimages/medium/698642.jpg,2020-09-20 19:49:44,Average product rating out of 5: 4.0. Product score is based on 1 ratings,1,,True
caa9a718-d851-4b4d-8f3c-1b65b3bbe80f,Woolworths Supermarket,Health & Beauty,Hawaiian Tropic Tropic Silk Hydration Sunscreen Lotion Spf 50 180ml,698740,$17.00,$9.44 / 100ML,https://www.woolworths.com.au/shop/productdetails/698740/hawaiian-tropic-tropic-silk-hydration-sunscreen-lotion-spf-50,https://cdn0.woolworths.media/content/wowproductimages/medium/698740.jpg,2020-09-20 19:49:44,Average product rating out of 5: 4.9. Product score is based on 9 ratings,9,,True
2dd2204c-0475-4a12-9d15-99c31599b79d,Woolworths Supermarket,Health & Beauty,St Tropez Self Tan Bronzing Mousse 120ml,698935,$24.00,$20.00 / 100ML,https://www.woolworths.com.au/shop/productdetails/698935/st-tropez-self-tan-bronzing-mousse,https://cdn0.woolworths.media/content/wowproductimages/medium/698935.jpg,2020-09-20 19:49:44,Average product rating out of 5: 5.0. Product score is based on 1 ratings,1,,True
ce3af698-d5c2-4f66-b42f-979ff553b1ab,Woolworths Supermarket,Health & Beauty,St Tropez Gradual Tan Body Lotion Medium/dark 200ml,698940,$20.40,$10.20 / 100ML,https://www.woolworths.com.au/shop/productdetails/698940/st-tropez-gradual-tan-body-lotion-medium-dark,https://cdn0.woolworths.media/content/wowproductimages/medium/698940.jpg,2020-09-20 19:49:44,Average product rating out of 5: 5.0. Product score is based on 5 ratings,5,,True
b93d2574-12b0-44c2-8724-47afd26dd9cf,Woolworths Supermarket,Health & Beauty,Maybelline Tattoo Brow Tint Pen 1.1ml,699108,$13.80,$125.45 / 10ML,https://www.woolworths.com.au/shop/productdetails/699108/maybelline-tattoo-brow-tint-pen,https://cdn0.woolworths.media/content/wowproductimages/medium/699108.jpg,2020-09-20 19:49:44,,0,,True
db689959-d0cb-4cef-b1fe-f69d94f267fb,Woolworths Supermarket,Health & Beauty,Cancer Council Moisture Sunscreen Spf 50+ 110ml,699308,$10.00,$9.09 / 100ML,https://www.woolworths.com.au/shop/productdetails/699308/cancer-council-moisture-sunscreen-spf-50-,https://cdn0.woolworths.media/content/wowproductimages/medium/699308.jpg,2020-09-20 19:49:44,Average product rating out of 5: 4.0. Product score is based on 2 ratings,2,,True
4abdc907-6ef2-4269-82a9-f183948158b1,Woolworths Supermarket,Health & Beauty,Nivea Mix Me Scented Body Lotion Moisturiser Kit 50ml,699328,$10.00,$5.00 / 100ML,https://www.woolworths.com.au/shop/productdetails/699328/nivea-mix-me-scented-body-lotion-moisturiser-kit,https://cdn0.woolworths.media/content/wowproductimages/medium/699328.jpg,2020-09-20 19:49:44,Average product rating out of 5: 4.6. Product score is based on 8 ratings,8,,True
381ca08a-4fe1-4f62-8eef-c08606bd77a6,Woolworths Supermarket,Health & Beauty,Nivea Sun Ultra Sport Cooling Sunscreen Spray Spf50 300ml,699407,$21.00,$7.00 / 100ML,https://www.woolworths.com.au/shop/productdetails/699407/nivea-sun-ultra-sport-cooling-sunscreen-spray-spf50,https://cdn0.woolworths.media/content/wowproductimages/medium/699407.jpg,2020-09-20 19:49:44,Average product rating out of 5: 3.5. Product score is based on 2 ratings,2,,True
e91224ce-5c4d-4e1f-909c-fa89a430c50a,Woolworths Supermarket,Health & Beauty,Nivea Sun Uv Face Shine Control Spf50 50ml,699410,$13.00,$26.00 / 100ML,https://www.woolworths.com.au/shop/productdetails/699410/nivea-sun-uv-face-shine-control-spf50,https://cdn0.woolworths.media/content/wowproductimages/medium/699410.jpg,2020-09-20 19:49:44,Average product rating out of 5: 4.7. Product score is based on 9 ratings,9,,True
95e3fe5d-bbb8-467a-aa11-8e555db6030d,Woolworths Supermarket,Health & Beauty,Nivea Micellar Water Cleanser Waterproof Makeup Remover 400ml,699440,$14.00,$3.50 / 100ML,https://www.woolworths.com.au/shop/productdetails/699440/nivea-micellar-water-cleanser-waterproof-makeup-remover,https://cdn0.woolworths.media/content/wowproductimages/medium/699440.jpg,2020-09-20 19:49:44,Average product rating out of 5: 5.0. Product score is based on 1 ratings,1,,True
ca2c47a8-f936-42ac-89b8-f7724a81f703,Woolworths Supermarket,Health & Beauty,Cancer Council Day Wear Water Resistant Spf 50+ 75ml,699445,$10.40,$13.87 / 100ML,https://www.woolworths.com.au/shop/productdetails/699445/cancer-council-day-wear-water-resistant-spf-50-,https://cdn0.woolworths.media/content/wowproductimages/medium/699445.jpg,2020-09-20 19:49:44,Average product rating out of 5: 5.0. Product score is based on 1 ratings,1,,True
9e57f85d-4cc6-4c61-aa0c-4c729b30c5e4,Woolworths Supermarket,Health & Beauty,L'oreal Paris Age Perfect Rosy Day Spf 15 50ml,699567,$19.50,$39.00 / 100ML,https://www.woolworths.com.au/shop/productdetails/699567/l-oreal-paris-age-perfect-rosy-day-spf-15,https://cdn0.woolworths.media/content/wowproductimages/medium/699567.jpg,2020-09-20 19:49:44,Average product rating out of 5: 4.0. Product score is based on 4 ratings,4,,True
0af306bf-bb46-49c1-a870-2a7d80e08605,Woolworths Supermarket,Health & Beauty,Body Crystal Unscented Crystal Roll On Deodorant 80ml,699666,$5.50,$6.88 / 100ML,https://www.woolworths.com.au/shop/productdetails/699666/body-crystal-unscented-crystal-roll-on-deodorant,https://cdn0.woolworths.media/content/wowproductimages/medium/699666.jpg,2020-09-20 19:49:44,Average product rating out of 5: 4.4. Product score is based on 7 ratings,7,,True
d8eeb793-b949-4192-8c6c-6e44a1bec8f0,Woolworths Supermarket,Health & Beauty,Naturopathica Fat Blaster Keto Fit Fire 60 capsules,699766,$30.00,$50.00 / 100EA,https://www.woolworths.com.au/shop/productdetails/699766/naturopathica-fat-blaster-keto-fit-fire,https://cdn0.woolworths.media/content/wowproductimages/medium/699766.jpg,2020-09-20 19:49:44,Average product rating out of 5: 5.0. Product score is based on 1 ratings,1,,True
bc2fdb22-3988-4412-8785-06ba0c47854b,Woolworths Supermarket,Health & Beauty,Quest Protein Cookie Double Chocolate Chip Flavour 59g,699767,$4.00,$6.78 / 100G,https://www.woolworths.com.au/shop/productdetails/699767/quest-protein-cookie-double-chocolate-chip-flavour,https://cdn0.woolworths.media/content/wowproductimages/medium/699767.jpg,2020-09-20 19:49:44,Average product rating out of 5: 2.8. Product score is based on 4 ratings,4,,True
b94a8bc0-ca96-47bd-a791-bf54aab6ff89,Woolworths Supermarket,Health & Beauty,Quest Protein Cookie Chocolate Chip Flavour 59g,699825,$4.00,$6.78 / 100G,https://www.woolworths.com.au/shop/productdetails/699825/quest-protein-cookie-chocolate-chip-flavour,https://cdn0.woolworths.media/content/wowproductimages/medium/699825.jpg,2020-09-20 19:49:44,Average product rating out of 5: 3.4. Product score is based on 8 ratings,8,,True
7d468f05-4376-4914-aff8-20cc1db0888b,Woolworths Supermarket,Health & Beauty,Ogx Biotin Collagen Shampoo 385ml,699861,$10.00,$2.60 / 100ML,https://www.woolworths.com.au/shop/productdetails/699861/ogx-biotin-collagen-shampoo,https://cdn0.woolworths.media/content/wowproductimages/medium/699861.jpg,2020-09-20 19:49:44,,0,,True
644475d1-750a-4196-ad57-3e590d1f641c,Woolworths Supermarket,Health & Beauty,Ogx Biotin Collagen Conditioner 385ml,699862,$10.00,$2.60 / 100ML,https://www.woolworths.com.au/shop/productdetails/699862/ogx-biotin-collagen-conditioner,https://cdn0.woolworths.media/content/wowproductimages/medium/699862.jpg,2020-09-20 19:49:44,,0,,True
d05517fa-9a0d-4264-8d4c-f8c73ef5c937,Woolworths Supermarket,Health & Beauty,Nivea Everyday Active Fresh Aerosol Antiperspirant Deodorant 250ml,699888,$6.50,$2.60 / 100ML,https://www.woolworths.com.au/shop/productdetails/699888/nivea-everyday-active-fresh-aerosol-antiperspirant-deodorant,https://cdn0.woolworths.media/content/wowproductimages/medium/699888.jpg,2020-09-20 19:49:44,Average product rating out of 5: 3.7. Product score is based on 9 ratings,9,,True
7e1c283f-ca6b-44eb-92a9-a117c34c3499,Woolworths Supermarket,Health & Beauty,Schwarzkopf Extra Care Marrakesh Oil Shampoo 900ml,699900,$9.80,$1.09 / 100ML,https://www.woolworths.com.au/shop/productdetails/699900/schwarzkopf-extra-care-marrakesh-oil-shampoo,https://cdn0.woolworths.media/content/wowproductimages/medium/699900.jpg,2020-09-20 19:49:44,Average product rating out of 5: 4.4. Product score is based on 5 ratings,5,,True
894f8f3d-c13d-4696-bef8-8a453991c238,Woolworths Supermarket,Health & Beauty,Schwarzkopf Extra Care Marrakesh Oil Conditioner 900ml,699901,$9.80,$1.09 / 100ML,https://www.woolworths.com.au/shop/productdetails/699901/schwarzkopf-extra-care-marrakesh-oil-conditioner,https://cdn0.woolworths.media/content/wowproductimages/medium/699901.jpg,2020-09-20 19:49:44,Average product rating out of 5: 5.0. Product score is based on 3 ratings,3,,True
ea17adc8-8d9c-4da2-91b2-f458c00f082c,Woolworths Supermarket,Health & Beauty,Musashi Protein Wafer Chocolate 40g,699980,$2.80,$7.00 / 100G,https://www.woolworths.com.au/shop/productdetails/699980/musashi-protein-wafer-chocolate,https://cdn0.woolworths.media/content/wowproductimages/medium/699980.jpg,2020-09-20 19:49:44,Average product rating out of 5: 4.6. Product score is based on 9 ratings,9,,True
b1157f2c-43ed-487a-8419-4a36ad55e7ec,Woolworths Supermarket,Health & Beauty,Musashi Protein Wafer Vanilla 40g,700014,$2.80,$7.00 / 100G,https://www.woolworths.com.au/shop/productdetails/700014/musashi-protein-wafer-vanilla,https://cdn0.woolworths.media/content/wowproductimages/medium/700014.jpg,2020-09-20 19:49:44,Average product rating out of 5: 4.6. Product score is based on 9 ratings,9,,True
6e95190b-3d76-438f-9ddb-20f4689f0b34,Woolworths Supermarket,Health & Beauty,Dove Men Antiperspirant Sport Fresh Deodorant Sports Fresh 254ml,700032,$7.00,$2.76 / 100ML,https://www.woolworths.com.au/shop/productdetails/700032/dove-men-antiperspirant-sport-fresh-deodorant-sports-fresh,https://cdn0.woolworths.media/content/wowproductimages/medium/700032.jpg,2020-09-20 19:49:44,Average product rating out of 5: 4.5. Product score is based on 2 ratings,2,,True
46a32238-775b-4df7-adde-60a80c9a36b7,Woolworths Supermarket,Health & Beauty,Impulse Body Spray Aerosol Deodorant Festival Summer Edition 75ml,700051,$4.00,$5.33 / 100ML,https://www.woolworths.com.au/shop/productdetails/700051/impulse-body-spray-aerosol-deodorant-festival-summer-edition,https://cdn0.woolworths.media/content/wowproductimages/medium/700051.jpg,2020-09-20 19:49:44,Average product rating out of 5: 4.0. Product score is based on 9 ratings,9,Was $5.00 23/06/2016,True
f27aabe1-beb9-4d2a-8a96-fdabde98d394,Woolworths Supermarket,Health & Beauty,Dove Antiperspirant Pear & Aloe Vera Scent 250ml,700084,$7.00,$2.80 / 100ML,https://www.woolworths.com.au/shop/productdetails/700084/dove-antiperspirant-pear-aloe-vera-scent,https://cdn0.woolworths.media/content/wowproductimages/medium/700084.jpg,2020-09-20 19:49:44,Average product rating out of 5: 4.8. Product score is based on 4 ratings,4,,True
25c7856d-57d1-4aed-90a3-95b1eeea8853,Woolworths Supermarket,Health & Beauty,Dove Antiperspirant Summer Magnolia & Crisp Apple Scent 250ml,700098,$7.00,$2.80 / 100ML,https://www.woolworths.com.au/shop/productdetails/700098/dove-antiperspirant-summer-magnolia-crisp-apple-scent,https://cdn0.woolworths.media/content/wowproductimages/medium/700098.jpg,2020-09-20 19:49:44,Average product rating out of 5: 4.9. Product score is based on 13 ratings,13,,True
6e7a8a54-5f34-4ab9-af58-64d57fbb0f71,Woolworths Supermarket,Health & Beauty,Quest Bar Birthday Cake 60g,700128,$4.00,$6.67 / 100G,https://www.woolworths.com.au/shop/productdetails/700128/quest-bar-birthday-cake,https://cdn0.woolworths.media/content/wowproductimages/medium/700128.jpg,2020-09-20 19:49:44,Average product rating out of 5: 4.2. Product score is based on 10 ratings,10,,True
c397620a-3de7-40b0-b4e8-e0026038474a,Woolworths Supermarket,Health & Beauty,Nivea Indulgent Honey Shower Gel & Body Wash 1l,700173,$13.70,$1.37 / 100ML,https://www.woolworths.com.au/shop/productdetails/700173/nivea-indulgent-honey-shower-gel-body-wash,https://cdn0.woolworths.media/content/wowproductimages/medium/700173.jpg,2020-09-20 19:49:44,Average product rating out of 5: 4.0. Product score is based on 1 ratings,1,,True
f1dc6929-e485-4861-9a40-ebd6ec2ab618,Woolworths Supermarket,Health & Beauty,Hydralyte Sports Effervescent Tablets Lemon Lime 20 pack,700246,$13.00,$0.65 / 1EA,https://www.woolworths.com.au/shop/productdetails/700246/hydralyte-sports-effervescent-tablets-lemon-lime,https://cdn0.woolworths.media/content/wowproductimages/medium/700246.jpg,2020-09-20 19:49:44,Average product rating out of 5: 4.9. Product score is based on 7 ratings,7,,True
2c601c07-eddf-459c-a8b5-58be6daf3b8b,Woolworths Supermarket,Health & Beauty,Garnier Eye Tissue Mask Hyaluronic Acid & Orange each,700247,$2.80,$46.67 / 100G,https://www.woolworths.com.au/shop/productdetails/700247/garnier-eye-tissue-mask-hyaluronic-acid-orange,https://cdn0.woolworths.media/content/wowproductimages/medium/700247.jpg,2020-09-20 19:49:44,Average product rating out of 5: 2.7. Product score is based on 3 ratings,3,,True
487ecd2e-ec0f-46fd-877b-7546efd4c52c,Woolworths Supermarket,Health & Beauty,Hydralyte Sports Effervescent Tablets Berry 20 pack,700249,$13.00,$0.65 / 1EA,https://www.woolworths.com.au/shop/productdetails/700249/hydralyte-sports-effervescent-tablets-berry,https://cdn0.woolworths.media/content/wowproductimages/medium/700249.jpg,2020-09-20 19:49:44,Average product rating out of 5: 4.4. Product score is based on 5 ratings,5,,True
2ede2c9a-06aa-431c-8ca9-54a9959fdb35,Woolworths Supermarket,Health & Beauty,Garnier Pure Active Anti Acne Charcoal Cleansing Gel 200ml,700315,$9.10,$4.55 / 100ML,https://www.woolworths.com.au/shop/productdetails/700315/garnier-pure-active-anti-acne-charcoal-cleansing-gel,https://cdn0.woolworths.media/content/wowproductimages/medium/700315.jpg,2020-09-20 19:49:44,Average product rating out of 5: 4.0. Product score is based on 2 ratings,2,,True
9dec174d-5507-4e4b-b33d-baf6c2061a48,Woolworths Supermarket,Health & Beauty,Garnier Micellar Cleansing Gel Wash 200ml,700323,$9.80,$4.90 / 100ML,https://www.woolworths.com.au/shop/productdetails/700323/garnier-micellar-cleansing-gel-wash,https://cdn0.woolworths.media/content/wowproductimages/medium/700323.jpg,2020-09-20 19:49:44,Average product rating out of 5: 5.0. Product score is based on 1 ratings,1,,True
4de189f0-5b4c-4ab2-b270-f8ca0b009d51,Woolworths Supermarket,Health & Beauty,Bounce Cashew Caramel Energy Ball 42g,700604,$3.00,$7.50 / 100G,https://www.woolworths.com.au/shop/productdetails/700604/bounce-cashew-caramel-energy-ball,https://cdn0.woolworths.media/content/wowproductimages/medium/700604.jpg,2020-09-20 19:49:44,Average product rating out of 5: 4.9. Product score is based on 13 ratings,13,,True
4caf9850-97d3-4441-87a2-ae1d94b8fd41,Woolworths Supermarket,Health & Beauty,Clairol Root Touch Up Spray Dark Blonde 100ml,700726,$15.00,,https://www.woolworths.com.au/shop/productdetails/700726/clairol-root-touch-up-spray-dark-blonde,https://cdn0.woolworths.media/content/wowproductimages/medium/700726.jpg,2020-09-20 19:49:44,Average product rating out of 5: 4.5. Product score is based on 2 ratings,2,,True
400b4728-1f4a-46d5-bee7-cc49e0deb4c0,Woolworths Supermarket,Health & Beauty,Clairol Root Touch Up Spray Light Brown 100ml,700727,$15.00,$15.00 / 100ML,https://www.woolworths.com.au/shop/productdetails/700727/clairol-root-touch-up-spray-light-brown,https://cdn0.woolworths.media/content/wowproductimages/medium/700727.jpg,2020-09-20 19:49:44,Average product rating out of 5: 4.5. Product score is based on 4 ratings,4,,True
95bdfcab-1e58-4e6f-b5a9-5bb8202b5e85,Woolworths Supermarket,Health & Beauty,Clairol Root Touch Up Spray Dark Brown 100ml,700756,$15.00,$150.00 / 1000ML,https://www.woolworths.com.au/shop/productdetails/700756/clairol-root-touch-up-spray-dark-brown,https://cdn0.woolworths.media/content/wowproductimages/medium/700756.jpg,2020-09-20 19:49:44,Average product rating out of 5: 3.0. Product score is based on 1 ratings,1,,True
62078d9d-0dfe-444a-b74d-3f09686056c3,Woolworths Supermarket,Health & Beauty,Clairol Root Touch Up Spray Medium Brown 100ml,700760,$15.00,,https://www.woolworths.com.au/shop/productdetails/700760/clairol-root-touch-up-spray-medium-brown,https://cdn0.woolworths.media/content/wowproductimages/medium/700760.jpg,2020-09-20 19:49:44,Average product rating out of 5: 5.0. Product score is based on 1 ratings,1,,True
a6df8ada-7cc6-4c9d-9046-a77cc170f71d,Woolworths Supermarket,Health & Beauty,Atkins Endulge Cherry Coconut 34g,701636,$13.50,$2.70 / 1EA,https://www.woolworths.com.au/shop/productdetails/701636/atkins-endulge-cherry-coconut,https://cdn0.woolworths.media/content/wowproductimages/medium/701636.jpg,2020-09-20 19:49:44,Average product rating out of 5: 4.5. Product score is based on 13 ratings,13,,True
fc74c77c-d723-4330-b68a-42bbc9e7d13a,Woolworths Supermarket,Health & Beauty,Centrum Advance Multivitamin 30pk,702155,$11.00,$36.67 / 100EA,https://www.woolworths.com.au/shop/productdetails/702155/centrum-advance-multivitamin,https://cdn0.woolworths.media/content/wowproductimages/medium/702155.jpg,2020-09-20 19:49:44,,0,,True
1b8e15cb-bdb6-4b16-8016-d4009348d742,Woolworths Supermarket,Health & Beauty,Hello Kitty Body Spray Bubblegum 75g,702661,$5.00,$6.67 / 100G,https://www.woolworths.com.au/shop/productdetails/702661/hello-kitty-body-spray-bubblegum,https://cdn0.woolworths.media/content/wowproductimages/medium/702661.jpg,2020-09-20 19:49:44,Average product rating out of 5: 4.7. Product score is based on 10 ratings,10,,True
ed38cf53-f607-4289-a876-5b0ff22cadd7,Woolworths Supermarket,Health & Beauty,Sensodyne Toothpaste Sensitive Teeth Pain Repair & Protect Fluoride 100g,703771,$11.00,$11.00 / 100G,https://www.woolworths.com.au/shop/productdetails/703771/sensodyne-toothpaste-sensitive-teeth-pain-repair-protect-fluoride,https://cdn0.woolworths.media/content/wowproductimages/medium/703771.jpg,2020-09-20 19:49:44,Average product rating out of 5: 4.9. Product score is based on 15 ratings,15,,True
ad9a5556-59c5-4c4b-87fb-f9fe047e0a67,Woolworths Supermarket,Health & Beauty,Colgate Max Fresh Breath Toothpaste Cool Mint 190g,704025,$5.00,$2.63 / 100G,https://www.woolworths.com.au/shop/productdetails/704025/colgate-max-fresh-breath-toothpaste-cool-mint,https://cdn0.woolworths.media/content/wowproductimages/medium/704025.jpg,2020-09-20 19:49:44,Average product rating out of 5: 4.7. Product score is based on 26 ratings,26,,True
087f0e97-2d41-4c25-8551-4607a92f7d1b,Woolworths Supermarket,Health & Beauty,Schick Womens Razor Exacta 2 5 pack,704059,$3.00,$0.60 / 1EA,https://www.woolworths.com.au/shop/productdetails/704059/schick-womens-razor-exacta-2,https://cdn0.woolworths.media/content/wowproductimages/medium/704059.jpg,2020-09-20 19:49:44,Average product rating out of 5: 3.8. Product score is based on 12 ratings,12,Was $4.19 01/06/2016,True
c957492f-64cd-46ee-b4ec-3858cbf9f774,Woolworths Supermarket,Health & Beauty,Schick Mens Razor Disposable Xtreme 3 Sensitive 10 pack,704085,$9.50,$0.95 / 1EA,https://www.woolworths.com.au/shop/productdetails/704085/schick-mens-razor-disposable-xtreme-3-sensitive,https://cdn0.woolworths.media/content/wowproductimages/medium/704085.jpg,2020-09-20 19:49:44,Average product rating out of 5: 4.5. Product score is based on 20 ratings,20,,True
fa0c6a18-98f4-41c1-8f77-bff9558a7dee,Woolworths Supermarket,Health & Beauty,Schick Mens Razor Disposable Xtreme 3 Sensitive 4 pack,704086,$5.00,$1.25 / 1EA,https://www.woolworths.com.au/shop/productdetails/704086/schick-mens-razor-disposable-xtreme-3-sensitive,https://cdn0.woolworths.media/content/wowproductimages/medium/704086.jpg,2020-09-20 19:49:44,Average product rating out of 5: 4.2. Product score is based on 13 ratings,13,,True
f85a0b77-3acc-42e5-82f1-3c1e69c19ea4,Woolworths Supermarket,Health & Beauty,Colgate Advanced Whitening Tartar Control Toothpaste 190g,704088,$5.00,$2.63 / 100G,https://www.woolworths.com.au/shop/productdetails/704088/colgate-advanced-whitening-tartar-control-toothpaste,https://cdn0.woolworths.media/content/wowproductimages/medium/704088.jpg,2020-09-20 19:49:44,Average product rating out of 5: 4.4. Product score is based on 27 ratings,27,,True
70f7e35d-387d-4c87-a614-7ab2bf89f7a3,Woolworths Supermarket,Health & Beauty,Schwarzkopf Live Salon Hair Colour 10.2 Extra Light Pearl Blonde each,705139,$14.00,,https://www.woolworths.com.au/shop/productdetails/705139/schwarzkopf-live-salon-hair-colour-10-2-extra-light-pearl-blonde,https://cdn0.woolworths.media/content/wowproductimages/medium/705139.jpg,2020-09-20 19:49:44,Average product rating out of 5: 5.0. Product score is based on 1 ratings,1,,True
926c2db7-1e32-4b96-870f-9c081f6da555,Woolworths Supermarket,Health & Beauty,Schwarzkopf Live Salon Hair Colour 1.0 Black each,705154,$14.00,,https://www.woolworths.com.au/shop/productdetails/705154/schwarzkopf-live-salon-hair-colour-1-0-black,https://cdn0.woolworths.media/content/wowproductimages/medium/705154.jpg,2020-09-20 19:49:44,Average product rating out of 5: 4.0. Product score is based on 2 ratings,2,,True
2eccd8d6-dbe3-4827-8ad5-e4c2e380540f,Woolworths Supermarket,Health & Beauty,Schwarzkopf Live Salon Hair Colour 3.0 Dark Brown each,705163,$14.00,,https://www.woolworths.com.au/shop/productdetails/705163/schwarzkopf-live-salon-hair-colour-3-0-dark-brown,https://cdn0.woolworths.media/content/wowproductimages/medium/705163.jpg,2020-09-20 19:49:44,Average product rating out of 5: 4.0. Product score is based on 1 ratings,1,,True
d5545c2a-d95d-43aa-8069-f743ba7cc2fa,Woolworths Supermarket,Health & Beauty,Schwarzkopf Live Salon Hair Colour 7.1 Medium Ash Blond each,705174,$14.00,,https://www.woolworths.com.au/shop/productdetails/705174/schwarzkopf-live-salon-hair-colour-7-1-medium-ash-blond,https://cdn0.woolworths.media/content/wowproductimages/medium/705174.jpg,2020-09-20 19:49:44,Average product rating out of 5: 4.5. Product score is based on 2 ratings,2,,True
9e8cc42b-6a45-478f-8298-81de62a823e8,Woolworths Supermarket,Health & Beauty,Schwarzkopf Live Salon Hair Colour 4.45 Rich Chocolate Brown each,705192,$14.00,,https://www.woolworths.com.au/shop/productdetails/705192/schwarzkopf-live-salon-hair-colour-4-45-rich-chocolate-brown,https://cdn0.woolworths.media/content/wowproductimages/medium/705192.jpg,2020-09-20 19:49:44,Average product rating out of 5: 4.5. Product score is based on 2 ratings,2,,True
44d8e9e0-c31b-46ef-9c25-a29b2e6b0a88,Woolworths Supermarket,Health & Beauty,Ostelin Calcium & Vitamin D3 Tablets 60 pack,705310,$11.00,$18.33 / 100EA,https://www.woolworths.com.au/shop/productdetails/705310/ostelin-calcium-vitamin-d3-tablets,https://cdn0.woolworths.media/content/wowproductimages/medium/705310.jpg,2020-09-20 19:49:44,Average product rating out of 5: 5.0. Product score is based on 1 ratings,1,Was $13.95 10/04/2017,True
7d6b8882-fc5e-4278-b153-c5bcbb041fdb,Woolworths Supermarket,Health & Beauty,Swisse Ultiboost Vitamin D Caps 250 pack,705800,$13.00,$5.20 / 100EA,https://www.woolworths.com.au/shop/productdetails/705800/swisse-ultiboost-vitamin-d-caps,https://cdn0.woolworths.media/content/wowproductimages/medium/705800.jpg,2020-09-20 19:49:44,Average product rating out of 5: 4.6. Product score is based on 11 ratings,11,,True
b3a80210-8ac3-41f9-af81-b7fdbce0a095,Woolworths Supermarket,Health & Beauty,Ostelin Vitamin D3 Capsules 130 pack,705838,$13.00,$10.00 / 100EA,https://www.woolworths.com.au/shop/productdetails/705838/ostelin-vitamin-d3-capsules,https://cdn0.woolworths.media/content/wowproductimages/medium/705838.jpg,2020-09-20 19:49:44,Average product rating out of 5: 4.9. Product score is based on 13 ratings,13,,True
55a9255b-b2d5-405e-94e1-ace95328fcaa,Woolworths Supermarket,Health & Beauty,Ostelin Calcium & Vitamin D3 Tablets 130 pack,705839,$13.00,$10.00 / 100EA,https://www.woolworths.com.au/shop/productdetails/705839/ostelin-calcium-vitamin-d3-tablets,https://cdn0.woolworths.media/content/wowproductimages/medium/705839.jpg,2020-09-20 19:49:44,Average product rating out of 5: 4.3. Product score is based on 3 ratings,3,,True
acee5c3c-56ec-4895-b9bb-fd56a585cd07,Woolworths Supermarket,Health & Beauty,Nature's Way Kids Smart Vita-gummies Calcium 60 pack,705869,$15.00,$25.00 / 100EA,https://www.woolworths.com.au/shop/productdetails/705869/nature-s-way-kids-smart-vita-gummies-calcium,https://cdn0.woolworths.media/content/wowproductimages/medium/705869.jpg,2020-09-20 19:49:44,Average product rating out of 5: 4.5. Product score is based on 2 ratings,2,,True
2219a732-3500-4014-a7da-0fd4d715eaa0,Woolworths Supermarket,Health & Beauty,Neutrogena Hydro Boost Water Gel Lotion Spf 50 88ml,706073,$10.20,$11.59 / 100ML,https://www.woolworths.com.au/shop/productdetails/706073/neutrogena-hydro-boost-water-gel-lotion-spf-50,https://cdn0.woolworths.media/content/wowproductimages/medium/706073.jpg,2020-09-20 19:49:44,Average product rating out of 5: 4.4. Product score is based on 7 ratings,7,,True
b7c27c6e-cf96-4d3a-81f7-7c3229099584,Woolworths Supermarket,Health & Beauty,Clairol Root Touch Up Light Brown 6 each,706511,$13.00,,https://www.woolworths.com.au/shop/productdetails/706511/clairol-root-touch-up-light-brown-6,https://cdn0.woolworths.media/content/wowproductimages/medium/706511.jpg,2020-09-20 19:49:44,,0,,True
06f5ec26-e642-4240-8b2f-803002b58d38,Woolworths Supermarket,Health & Beauty,Colgate Sensitive Prorelief Teeth Pain Toothpaste 110g,706711,$5.00,$4.55 / 100G,https://www.woolworths.com.au/shop/productdetails/706711/colgate-sensitive-prorelief-teeth-pain-toothpaste,https://cdn0.woolworths.media/content/wowproductimages/medium/706711.jpg,2020-09-20 19:49:44,Average product rating out of 5: 4.6. Product score is based on 40 ratings,40,,True
bfbbf5d0-7ebf-451a-9e13-a817afe7a156,Woolworths Supermarket,Health & Beauty,Telfast Hayfever Allergy Relief 120mg Antihistamine Tablets 5 pack,706734,$7.00,$1.40 / 1EA,https://www.woolworths.com.au/shop/productdetails/706734/telfast-hayfever-allergy-relief-120mg-antihistamine-tablets,https://cdn0.woolworths.media/content/wowproductimages/medium/706734.jpg,2020-09-20 19:49:44,Average product rating out of 5: 5.0. Product score is based on 1 ratings,1,,True
413325bc-f543-4855-9164-7a624c3faec4,Woolworths Supermarket,Health & Beauty,Body Science High Protein Bar Low Carb Salted Caramel 60g,706807,$4.00,$6.67 / 100G,https://www.woolworths.com.au/shop/productdetails/706807/body-science-high-protein-bar-low-carb-salted-caramel,https://cdn0.woolworths.media/content/wowproductimages/medium/706807.jpg,2020-09-20 19:49:44,Average product rating out of 5: 4.6. Product score is based on 10 ratings,10,,True
63805ba9-1b07-4506-8b85-52554ea7354d,Woolworths Supermarket,Health & Beauty,Biotene Mouthwash Dry Mouth Relief Fresh Mint 235ml,707464,$9.50,$4.04 / 100ML,https://www.woolworths.com.au/shop/productdetails/707464/biotene-mouthwash-dry-mouth-relief-fresh-mint,https://cdn0.woolworths.media/content/wowproductimages/medium/707464.jpg,2020-09-20 19:49:44,Average product rating out of 5: 4.0. Product score is based on 2 ratings,2,,True
a59177cc-a0b2-4bb9-9e00-810819bb9eae,Woolworths Supermarket,Health & Beauty,Hairy Lemon Effervescent Tablets 40 pack,707775,$13.30,$33.25 / 100EA,https://www.woolworths.com.au/shop/productdetails/707775/hairy-lemon-effervescent-tablets,https://cdn0.woolworths.media/content/wowproductimages/medium/707775.jpg,2020-09-20 19:49:44,Average product rating out of 5: 5.0. Product score is based on 2 ratings,2,,True
39debfda-8e3d-4b40-ad89-89cb0f58a355,Woolworths Supermarket,Health & Beauty,Vo5 Texture Putty Rework 150ml,708654,$7.50,$5.00 / 100ML,https://www.woolworths.com.au/shop/productdetails/708654/vo5-texture-putty-rework,https://cdn0.woolworths.media/content/wowproductimages/medium/708654.jpg,2020-09-20 19:49:44,Average product rating out of 5: 4.7. Product score is based on 3 ratings,3,Was $9 21/08/2017,True
2a65da91-0024-46ff-b601-9ca9fc5e1650,Woolworths Supermarket,Health & Beauty,Dominate Hair Clay Out Of Bed 85g,708854,$10.00,$11.76 / 100G,https://www.woolworths.com.au/shop/productdetails/708854/dominate-hair-clay-out-of-bed,https://cdn0.woolworths.media/content/wowproductimages/medium/708854.jpg,2020-09-20 19:49:44,Average product rating out of 5: 3.3. Product score is based on 3 ratings,3,,True
40375c51-7d72-4d3f-b7eb-08f5ba5fb1d3,Woolworths Supermarket,Health & Beauty,Elastoplast Fabric Plasters Antibacterial 20pk,710384,$3.70,$0.19 / 1EA,https://www.woolworths.com.au/shop/productdetails/710384/elastoplast-fabric-plasters-antibacterial,https://cdn0.woolworths.media/content/wowproductimages/medium/710384.jpg,2020-09-20 19:49:44,Average product rating out of 5: 4.0. Product score is based on 3 ratings,3,,True
2aa09de7-bc2e-4005-8c0a-1ba6af60f235,Woolworths Supermarket,Health & Beauty,John Frieda Frizz Ease 3 Day Straight 103ml,711233,$17.00,$16.50 / 100ML,https://www.woolworths.com.au/shop/productdetails/711233/john-frieda-frizz-ease-3-day-straight,https://cdn0.woolworths.media/content/wowproductimages/medium/711233.jpg,2020-09-20 19:49:44,Average product rating out of 5: 4.2. Product score is based on 5 ratings,5,,True
4b588e16-67cb-46a0-8180-efbb74ac86fc,Woolworths Supermarket,Health & Beauty,Nature's Way Vitagummies For Adults Vitamin C 120 pack,711536,$20.00,$16.67 / 100EA,https://www.woolworths.com.au/shop/productdetails/711536/nature-s-way-vitagummies-for-adults-vitamin-c,https://cdn0.woolworths.media/content/wowproductimages/medium/711536.jpg,2020-09-20 19:49:44,Average product rating out of 5: 4.0. Product score is based on 4 ratings,4,,True
a0b251cc-140e-4f0a-8a57-74c20c93dc47,Woolworths Supermarket,Health & Beauty,Swisse Ultiboost Calcium + Vitamin D Tabs 90 pack,711578,$16.00,$17.78 / 100EA,https://www.woolworths.com.au/shop/productdetails/711578/swisse-ultiboost-calcium-vitamin-d-tabs,https://cdn0.woolworths.media/content/wowproductimages/medium/711578.jpg,2020-09-20 19:49:44,Average product rating out of 5: 4.0. Product score is based on 6 ratings,6,,True
d7ecc03e-4359-4148-be77-e145af75ff92,Woolworths Supermarket,Health & Beauty,Quitnits Head Lice Treatment Comb 2 pack,711686,$14.00,$7.00 / 1EA,https://www.woolworths.com.au/shop/productdetails/711686/quitnits-head-lice-treatment-comb,https://cdn0.woolworths.media/content/wowproductimages/medium/711686.jpg,2020-09-20 19:49:44,Average product rating out of 5: 5.0. Product score is based on 2 ratings,2,,True
693d640f-a200-4fb6-a521-a9b15dbb4540,Woolworths Supermarket,Health & Beauty,Rexona Women Antiperspirant Aerosol Deodorant Sexy Bouquet 250ml,712398,$5.00,$2.00 / 100ML,https://www.woolworths.com.au/shop/productdetails/712398/rexona-women-antiperspirant-aerosol-deodorant-sexy-bouquet,https://cdn0.woolworths.media/content/wowproductimages/medium/712398.jpg,2020-09-20 19:49:44,Average product rating out of 5: 4.6. Product score is based on 41 ratings,41,Was $7.00 24/01/2018,True
89cb702a-db1a-4b57-bfc8-3f15fa3f021b,Woolworths Supermarket,Health & Beauty,Lynx For Men Shower Gel Anarchy 400ml,712407,$4.00,$1.00 / 100ML,https://www.woolworths.com.au/shop/productdetails/712407/lynx-for-men-shower-gel-anarchy,https://cdn0.woolworths.media/content/wowproductimages/medium/712407.jpg,2020-09-20 19:49:44,Average product rating out of 5: 5.0. Product score is based on 5 ratings,5,,True
74e058a4-df86-4782-9b1f-9111bcc5bd63,Woolworths Supermarket,Health & Beauty,Rexona Clinical Protection Sport 45ml,712408,$9.10,$20.22 / 100ML,https://www.woolworths.com.au/shop/productdetails/712408/rexona-clinical-protection-sport,https://cdn0.woolworths.media/content/wowproductimages/medium/712408.jpg,2020-09-20 19:49:44,Average product rating out of 5: 4.9. Product score is based on 8 ratings,8,,True
4991716a-98e7-4892-a771-338bbda25f2b,Woolworths Supermarket,Health & Beauty,Jack N' Jill Natural Toothpaste Strawberry 50g,712696,$6.50,$13.00 / 100G,https://www.woolworths.com.au/shop/productdetails/712696/jack-n-jill-natural-toothpaste-strawberry,https://cdn0.woolworths.media/content/wowproductimages/medium/712696.jpg,2020-09-20 19:49:44,Average product rating out of 5: 4.9. Product score is based on 27 ratings,27,,True
1f4b52e1-f857-486e-890a-daa37e949749,Woolworths Supermarket,Health & Beauty,Curash Shampoo & Conditioner 2 In 1 400ml,714380,$5.50,$1.38 / 100ML,https://www.woolworths.com.au/shop/productdetails/714380/curash-shampoo-conditioner-2-in-1,https://cdn0.woolworths.media/content/wowproductimages/medium/714380.jpg,2020-09-20 19:49:44,,0,,True
4c09db0c-6e4d-461b-9fce-74521803b81e,Woolworths Supermarket,Health & Beauty,Invisible Zinc Spf 30+ Sunscreen Tinted Daywear Medium 50g,715014,$23.99,$47.98 / 100G,https://www.woolworths.com.au/shop/productdetails/715014/invisible-zinc-spf-30-sunscreen-tinted-daywear-medium,https://cdn0.woolworths.media/content/wowproductimages/medium/715014.jpg,2020-09-20 19:49:44,,0,,True
3fd74f58-775e-4b69-9d04-1c8b9c8c8e39,Woolworths Supermarket,Health & Beauty,Invisible Zinc Spf 30+ Sunscreen Tinted Daywear Light 50g,715047,$23.96,$47.92 / 100G,https://www.woolworths.com.au/shop/productdetails/715047/invisible-zinc-spf-30-sunscreen-tinted-daywear-light,https://cdn0.woolworths.media/content/wowproductimages/medium/715047.jpg,2020-09-20 19:49:44,,0,,True
54c94603-81e8-48dd-aef3-16fa323f7fb3,Woolworths Supermarket,Health & Beauty,Sudafed Pe Nasal Decongestant 20 pack,715365,$14.00,$0.70 / 1EA,https://www.woolworths.com.au/shop/productdetails/715365/sudafed-pe-nasal-decongestant,https://cdn0.woolworths.media/content/wowproductimages/medium/715365.jpg,2020-09-20 19:49:44,Average product rating out of 5: 3.0. Product score is based on 2 ratings,2,,True
d12d5207-300c-430e-aa41-8bf5754133ee,Woolworths Supermarket,Health & Beauty,Codral Relief Mucus Cough & Cold Liquid 200ml,715384,$11.50,$5.75 / 100ML,https://www.woolworths.com.au/shop/productdetails/715384/codral-relief-mucus-cough-cold-liquid,https://cdn0.woolworths.media/content/wowproductimages/medium/715384.jpg,2020-09-20 19:49:44,Average product rating out of 5: 5.0. Product score is based on 1 ratings,1,,True
b3395ff6-4381-403b-bd99-c4469f5e7e67,Woolworths Supermarket,Health & Beauty,Codral Relief Cold & Flu + Decongestant 20 pack,715390,$14.29,$0.71 / 1EA,https://www.woolworths.com.au/shop/productdetails/715390/codral-relief-cold-flu-decongestant,https://cdn0.woolworths.media/content/wowproductimages/medium/715390.jpg,2020-09-20 19:49:44,Average product rating out of 5: 5.0. Product score is based on 5 ratings,5,,True
51ce2586-b951-42c1-9c80-3b0a616e08cd,Woolworths Supermarket,Health & Beauty,Codral Relief Cold & Flu + Decongestant 10 pack,715400,$9.29,$0.93 / 1EA,https://www.woolworths.com.au/shop/productdetails/715400/codral-relief-cold-flu-decongestant,https://cdn0.woolworths.media/content/wowproductimages/medium/715400.jpg,2020-09-20 19:49:44,,0,,True
5ebcb6f2-aa61-41a9-aa60-04264a8db8dd,Woolworths Supermarket,Health & Beauty,Sudafed Pe Sinus + Pain Relief 20 pack,715402,$14.30,$0.72 / 1EA,https://www.woolworths.com.au/shop/productdetails/715402/sudafed-pe-sinus-pain-relief,https://cdn0.woolworths.media/content/wowproductimages/medium/715402.jpg,2020-09-20 19:49:44,Average product rating out of 5: 5.0. Product score is based on 1 ratings,1,,True
0d051bff-a106-43c2-9170-03cea06e3b3e,Woolworths Supermarket,Health & Beauty,Carmex Lip Balm Moisturising Jar 7.5g,715787,$4.99,$66.53 / 100G,https://www.woolworths.com.au/shop/productdetails/715787/carmex-lip-balm-moisturising-jar,https://cdn0.woolworths.media/content/wowproductimages/medium/715787.jpg,2020-09-20 19:49:44,Average product rating out of 5: 4.2. Product score is based on 5 ratings,5,,True
f5f18cf9-e429-42f0-beb5-2fdff64a55c9,Woolworths Supermarket,Health & Beauty,Maybelline Instant Age Rewind Concealer - Light 6ml,716125,$12.00,$20.00 / 10ML,https://www.woolworths.com.au/shop/productdetails/716125/maybelline-instant-age-rewind-concealer-light,https://cdn0.woolworths.media/content/wowproductimages/medium/716125.jpg,2020-09-20 19:49:44,Average product rating out of 5: 4.2. Product score is based on 5 ratings,5,,True
d7cce609-df3e-4878-8717-90a514c68efa,Woolworths Supermarket,Health & Beauty,Maybelline Instant Age Rewind Dark Circle Concealer - Medium 6ml,716191,$12.00,$20.00 / 10ML,https://www.woolworths.com.au/shop/productdetails/716191/maybelline-instant-age-rewind-dark-circle-concealer-medium,https://cdn0.woolworths.media/content/wowproductimages/medium/716191.jpg,2020-09-20 19:49:44,Average product rating out of 5: 3.5. Product score is based on 4 ratings,4,,True
fa24de0c-080c-42f4-9495-c5ead28c0dbf,Woolworths Supermarket,Health & Beauty,Schwarzkopf Extra Care Powder Instant Volume 10g,716810,$9.00,$90.00 / 100G,https://www.woolworths.com.au/shop/productdetails/716810/schwarzkopf-extra-care-powder-instant-volume,https://cdn0.woolworths.media/content/wowproductimages/medium/716810.jpg,2020-09-20 19:49:44,Average product rating out of 5: 4.5. Product score is based on 4 ratings,4,,True
4df73020-c3df-4af1-a00b-3e0e0d751aeb,Woolworths Supermarket,Health & Beauty,Blistex Medicated Relief Spf15 6g,716931,$4.00,$6.67 / 10G,https://www.woolworths.com.au/shop/productdetails/716931/blistex-medicated-relief-spf15,https://cdn0.woolworths.media/content/wowproductimages/medium/716931.jpg,2020-09-20 19:49:44,Average product rating out of 5: 3.0. Product score is based on 2 ratings,2,,True
6667869e-52af-43f9-bca1-3b0b03e59a2f,Woolworths Supermarket,Health & Beauty,Panadol With Optizorb Paracetamol Pain Relief 12 pack,716971,$3.10,$0.26 / 1EA,https://www.woolworths.com.au/shop/productdetails/716971/panadol-with-optizorb-paracetamol-pain-relief,https://cdn0.woolworths.media/content/wowproductimages/medium/716971.jpg,2020-09-20 19:49:44,Average product rating out of 5: 5.0. Product score is based on 1 ratings,1,,True
16c11d1f-62e6-48d4-a996-fe31a788deeb,Woolworths Supermarket,Health & Beauty,Oscar Orsen Metal Tail Comb each,716988,$4.00,,https://www.woolworths.com.au/shop/productdetails/716988/oscar-orsen-metal-tail-comb,https://cdn0.woolworths.media/content/wowproductimages/medium/716988.jpg,2020-09-20 19:49:44,Average product rating out of 5: 4.0. Product score is based on 1 ratings,1,,True
79e99fca-9467-44f1-b119-ac3c5ca135e5,Woolworths Supermarket,Health & Beauty,Veet In Shower Hair Removal Cream Sensitive 150g,717793,$14.00,$9.33 / 100G,https://www.woolworths.com.au/shop/productdetails/717793/veet-in-shower-hair-removal-cream-sensitive,https://cdn0.woolworths.media/content/wowproductimages/medium/717793.jpg,2020-09-20 19:49:44,Average product rating out of 5: 3.8. Product score is based on 5 ratings,5,,True
76de8422-bb2e-48f4-b0d0-c092ae415ccf,Woolworths Supermarket,Health & Beauty,Metamucil Daily Fibre Supplement Orange Smooth 30pk,720006,$10.00,$0.33 / 1EA,https://www.woolworths.com.au/shop/productdetails/720006/metamucil-daily-fibre-supplement-orange-smooth,https://cdn0.woolworths.media/content/wowproductimages/medium/720006.jpg,2020-09-20 19:49:44,Average product rating out of 5: 4.6. Product score is based on 7 ratings,7,,True
e614dad8-2a93-4c3d-9c70-48ebb234d8ef,Woolworths Supermarket,Health & Beauty,Propovir Cold Sore Cream 2g,720105,$10.50,$52.50 / 10G,https://www.woolworths.com.au/shop/productdetails/720105/propovir-cold-sore-cream,https://cdn0.woolworths.media/content/wowproductimages/medium/720105.jpg,2020-09-20 19:49:44,Average product rating out of 5: 5.0. Product score is based on 1 ratings,1,Was $13.00 6/11/2017,True
33c5c680-d8db-4fe3-bfdf-51ed66724724,Woolworths Supermarket,Health & Beauty,Mack's Ear Plugs Ultra Foam 5 pack,720328,$6.50,$1.30 / 1EA,https://www.woolworths.com.au/shop/productdetails/720328/mack-s-ear-plugs-ultra-foam,https://cdn0.woolworths.media/content/wowproductimages/medium/720328.jpg,2020-09-20 19:49:44,Average product rating out of 5: 4.6. Product score is based on 5 ratings,5,,True
bb61c5b9-76b3-4b23-b6d2-3a1dd3e48f44,Woolworths Supermarket,Health & Beauty,Elastoplast Fabric Strips Waterproof 16pk,720363,$4.29,$0.27 / 1EA,https://www.woolworths.com.au/shop/productdetails/720363/elastoplast-fabric-strips-waterproof,https://cdn0.woolworths.media/content/wowproductimages/medium/720363.jpg,2020-09-20 19:49:44,Average product rating out of 5: 4.7. Product score is based on 6 ratings,6,,True
5211ee6d-8677-492c-a27a-0aff60c1f14f,Woolworths Supermarket,Health & Beauty,Skyn Condoms Skyn 20 pack,720595,$17.00,$0.85 / 1EA,https://www.woolworths.com.au/shop/productdetails/720595/skyn-condoms-skyn,https://cdn0.woolworths.media/content/wowproductimages/medium/720595.jpg,2020-09-20 19:49:44,,0,,True
db2cc3f3-03ae-43d8-a61a-5ba31ca99c5d,Woolworths Supermarket,Health & Beauty,Skyn Condoms Skyn Extra Lubricated 10 pack,720596,$9.00,$0.90 / 1EA,https://www.woolworths.com.au/shop/productdetails/720596/skyn-condoms-skyn-extra-lubricated,https://cdn0.woolworths.media/content/wowproductimages/medium/720596.jpg,2020-09-20 19:49:44,,0,,True
1d1d5b2c-4de1-4a74-85f6-d3fedc30c88e,Woolworths Supermarket,Health & Beauty,Swisspers Cotton Balls Extra Large 100pk,720613,$3.75,$3.75 / 100EA,https://www.woolworths.com.au/shop/productdetails/720613/swisspers-cotton-balls-extra-large,https://cdn0.woolworths.media/content/wowproductimages/medium/720613.jpg,2020-09-20 19:49:44,Average product rating out of 5: 4.9. Product score is based on 7 ratings,7,,True
9c6b044c-3e2c-489e-825a-07912bc72255,Woolworths Supermarket,Health & Beauty,Swisspers Cotton Tips 240pk,720635,$3.75,$1.56 / 100EA,https://www.woolworths.com.au/shop/productdetails/720635/swisspers-cotton-tips,https://cdn0.woolworths.media/content/wowproductimages/medium/720635.jpg,2020-09-20 19:49:44,Average product rating out of 5: 4.6. Product score is based on 18 ratings,18,,True
ce7158bc-b0dd-41b4-a747-3ef2fc25eac7,Woolworths Supermarket,Health & Beauty,Compeed Cold Sore Patch Total Care Invisible 15 pack,720688,$12.50,$0.83 / 1EA,https://www.woolworths.com.au/shop/productdetails/720688/compeed-cold-sore-patch-total-care-invisible,https://cdn0.woolworths.media/content/wowproductimages/medium/720688.jpg,2020-09-20 19:49:44,Average product rating out of 5: 5.0. Product score is based on 1 ratings,1,,True
429b0133-5b0c-4f4f-9dbd-c5c9002664af,Woolworths Supermarket,Health & Beauty,Scholl Party Feet Foot Care Invisible Heel Shields each,720812,$9.75,$9.75 / 1EA,https://www.woolworths.com.au/shop/productdetails/720812/scholl-party-feet-foot-care-invisible-heel-shields,https://cdn0.woolworths.media/content/wowproductimages/medium/720812.jpg,2020-09-20 19:49:44,,0,,True
3e3f0b8e-3ed9-4ed4-bce0-e0b2ea87c2f2,Woolworths Supermarket,Health & Beauty,Vicks Chest Rub Vaporub 100g,720876,$10.40,$10.40 / 100G,https://www.woolworths.com.au/shop/productdetails/720876/vicks-chest-rub-vaporub,https://cdn0.woolworths.media/content/wowproductimages/medium/720876.jpg,2020-09-20 19:49:44,Average product rating out of 5: 4.9. Product score is based on 11 ratings,11,,True
356ede5d-5c28-4a02-81c5-cdf40c8b451b,Woolworths Supermarket,Health & Beauty,Woolworths Select After Sun Aloe Vera Tube 200ml,721080,$4.00,$2.00 / 100ML,https://www.woolworths.com.au/shop/productdetails/721080/woolworths-select-after-sun-aloe-vera-tube,https://cdn0.woolworths.media/content/wowproductimages/medium/721080.jpg,2020-09-20 19:49:44,Average product rating out of 5: 4.7. Product score is based on 11 ratings,11,,True
4d4fba4a-e787-4ece-ba45-3165a9368fba,Woolworths Supermarket,Health & Beauty,Femfresh Silvercare Panty Liners Breathable 36 pack,721277,$4.50,$0.13 / 1EA,https://www.woolworths.com.au/shop/productdetails/721277/femfresh-silvercare-panty-liners-breathable,https://cdn0.woolworths.media/content/wowproductimages/medium/721277.jpg,2020-09-20 19:49:44,,0,,True
f8c85fd7-cbd9-473d-9a19-64074c711f9a,Woolworths Supermarket,Health & Beauty,Tena Pants For Women Medium 8 pack,721589,$8.75,$1.09 / 1EA,https://www.woolworths.com.au/shop/productdetails/721589/tena-pants-for-women-medium,https://cdn0.woolworths.media/content/wowproductimages/medium/721589.jpg,2020-09-20 19:49:44,,0,,True
768c0ef7-7987-444f-a95a-85f58f8f047d,Woolworths Supermarket,Health & Beauty,Tena Pants For Women Large 8 pack,721797,$8.75,$1.09 / 1EA,https://www.woolworths.com.au/shop/productdetails/721797/tena-pants-for-women-large,https://cdn0.woolworths.media/content/wowproductimages/medium/721797.jpg,2020-09-20 19:49:44,,0,,True
aaec9477-8f25-4425-9559-962c489e266a,Woolworths Supermarket,Health & Beauty,Tena Pants For Men Level 4 Medium To Large 8 pack,721913,$9.45,$1.18 / 1EA,https://www.woolworths.com.au/shop/productdetails/721913/tena-pants-for-men-level-4-medium-to-large,https://cdn0.woolworths.media/content/wowproductimages/medium/721913.jpg,2020-09-20 19:49:44,,0,,True
615f7b67-ce86-4d48-8604-a1b251cd70cc,Woolworths Supermarket,Health & Beauty,Poise Incontinence Pads Overnight Absorbency 8 pack,722111,$4.80,$0.60 / 1EA,https://www.woolworths.com.au/shop/productdetails/722111/poise-incontinence-pads-overnight-absorbency,https://cdn0.woolworths.media/content/wowproductimages/medium/722111.jpg,2020-09-20 19:49:44,,0,,True
dbd87a6a-5b1b-4ed2-a475-86002b4daf4b,Woolworths Supermarket,Health & Beauty,Panadol With Optizorb Paracetamol Pain Relief 20 pack,722356,$4.00,$0.20 / 1EA,https://www.woolworths.com.au/shop/productdetails/722356/panadol-with-optizorb-paracetamol-pain-relief,https://cdn0.woolworths.media/content/wowproductimages/medium/722356.jpg,2020-09-20 19:49:44,Average product rating out of 5: 3.7. Product score is based on 7 ratings,7,Was $4.20 24/07/2017,True
712d035a-262f-42ee-b373-1d3dbdfc38ee,Woolworths Supermarket,Health & Beauty,Opti-free Replenish 300ml,723015,$17.30,$5.77 / 100ML,https://www.woolworths.com.au/shop/productdetails/723015/opti-free-replenish,https://cdn0.woolworths.media/content/wowproductimages/medium/723015.jpg,2020-09-20 19:49:44,Average product rating out of 5: 4.5. Product score is based on 2 ratings,2,,True
dd13deeb-dad3-4d5e-b645-6bc8e956d544,Woolworths Supermarket,Health & Beauty,Bounce Natural Energy Ball Coconut Macadamia Protein 40g,723680,$3.00,$7.50 / 100G,https://www.woolworths.com.au/shop/productdetails/723680/bounce-natural-energy-ball-coconut-macadamia-protein,https://cdn0.woolworths.media/content/wowproductimages/medium/723680.jpg,2020-09-20 19:49:44,Average product rating out of 5: 4.9. Product score is based on 7 ratings,7,,True
d111c312-10d8-4c19-a684-28d082d64425,Woolworths Supermarket,Health & Beauty,Napro Palette 1-1 Blue Black each,723722,$7.95,$7.95 / 1EA,https://www.woolworths.com.au/shop/productdetails/723722/napro-palette-1-1-blue-black,https://cdn0.woolworths.media/content/wowproductimages/medium/723722.jpg,2020-09-20 19:49:44,Average product rating out of 5: 4.5. Product score is based on 2 ratings,2,,True
af0afcc0-2323-4c03-b5f7-fb5c24eda166,Woolworths Supermarket,Health & Beauty,Libra Girl Good Night Pads With Wings 10 pack,723988,$4.20,$0.42 / 1EA,https://www.woolworths.com.au/shop/productdetails/723988/libra-girl-good-night-pads-with-wings,https://cdn0.woolworths.media/content/wowproductimages/medium/723988.jpg,2020-09-20 19:49:44,,0,Was $4.80 06/11/2017,True
4cb3723b-c3a6-46e2-88ed-9b5ea53f512a,Woolworths Supermarket,Health & Beauty,Tom Organic Pads Regular Ultra Thin 10 pack,724069,$4.55,$0.46 / 1EA,https://www.woolworths.com.au/shop/productdetails/724069/tom-organic-pads-regular-ultra-thin,https://cdn0.woolworths.media/content/wowproductimages/medium/724069.jpg,2020-09-20 19:49:44,,0,,True
babfdcc1-74b5-4f44-983c-b870809386e5,Woolworths Supermarket,Health & Beauty,Tom Organic Pads Super Ultra Thin 10 pack,724078,$4.55,$0.46 / 1EA,https://www.woolworths.com.au/shop/productdetails/724078/tom-organic-pads-super-ultra-thin,https://cdn0.woolworths.media/content/wowproductimages/medium/724078.jpg,2020-09-20 19:49:44,,0,,True
e83901e8-39e7-4131-b6f0-d53435d1db54,Woolworths Supermarket,Health & Beauty,Palmolive Naturals Balanced & Mild Bar Soap Chamomile Extracts 90g x4 pack,724274,$2.85,$0.79 / 100G,https://www.woolworths.com.au/shop/productdetails/724274/palmolive-naturals-balanced-mild-bar-soap-chamomile-extracts,https://cdn0.woolworths.media/content/wowproductimages/medium/724274.jpg,2020-09-20 19:49:44,Average product rating out of 5: 4.6. Product score is based on 28 ratings,28,2 for $5.00 $0.69/100G,True
08745318-2165-4053-b7b9-e75fc64cf459,Woolworths Supermarket,Health & Beauty,Palmolive Gold Bar Soap Daily Deodorant Protection 90g x4 pack,724284,$2.85,$0.79 / 100G,https://www.woolworths.com.au/shop/productdetails/724284/palmolive-gold-bar-soap-daily-deodorant-protection,https://cdn0.woolworths.media/content/wowproductimages/medium/724284.jpg,2020-09-20 19:49:44,Average product rating out of 5: 4.6. Product score is based on 31 ratings,31,2 for $5.00 $0.69/100G,True
acb5e8fc-c3b1-4d9e-89eb-fc15f3f3fd24,Woolworths Supermarket,Health & Beauty,Palmolive Naturals Moisture Care Aloe & Olive Extracts Bar Soap 90g x4 pack,724285,$2.85,$0.79 / 100G,https://www.woolworths.com.au/shop/productdetails/724285/palmolive-naturals-moisture-care-aloe-olive-extracts-bar-soap,https://cdn0.woolworths.media/content/wowproductimages/medium/724285.jpg,2020-09-20 19:49:44,Average product rating out of 5: 4.4. Product score is based on 27 ratings,27,2 for $5.00 $0.69/100G,True
9444e2e8-c711-4a58-9281-7b81457c475c,Woolworths Supermarket,Health & Beauty,Palmolive Naturals Replenishing Bar Soap Milk & Honey 90g x4 pack,724478,$2.85,$0.79 / 100G,https://www.woolworths.com.au/shop/productdetails/724478/palmolive-naturals-replenishing-bar-soap-milk-honey,https://cdn0.woolworths.media/content/wowproductimages/medium/724478.jpg,2020-09-20 19:49:44,Average product rating out of 5: 4.6. Product score is based on 26 ratings,26,2 for $5.00 $0.69/100G,True
e454c535-568e-4882-a72d-a0bdc4804864,Woolworths Supermarket,Health & Beauty,Opti-free Contact Solution Pure Moist 90ml,724493,$8.00,$8.89 / 100ML,https://www.woolworths.com.au/shop/productdetails/724493/opti-free-contact-solution-pure-moist,https://cdn0.woolworths.media/content/wowproductimages/medium/724493.jpg,2020-09-20 19:49:44,Average product rating out of 5: 5.0. Product score is based on 1 ratings,1,,True
bf045e34-cd78-47e9-9580-2ebc308d55b6,Woolworths Supermarket,Health & Beauty,Systane Ultra Eye Drops 10ml,724494,$10.00,$100.00 / 100ML,https://www.woolworths.com.au/shop/productdetails/724494/systane-ultra-eye-drops,https://cdn0.woolworths.media/content/wowproductimages/medium/724494.jpg,2020-09-20 19:49:44,Average product rating out of 5: 4.4. Product score is based on 7 ratings,7,,True
13519d56-cc6a-4505-9c30-d554e7f404da,Woolworths Supermarket,Health & Beauty,Dove Go Fresh Body Wash Fresh Touch 1l,724691,$13.70,$1.37 / 100ML,https://www.woolworths.com.au/shop/productdetails/724691/dove-go-fresh-body-wash-fresh-touch,https://cdn0.woolworths.media/content/wowproductimages/medium/724691.jpg,2020-09-20 19:49:44,Average product rating out of 5: 5.0. Product score is based on 17 ratings,17,,True
ac51e76f-79c1-491a-b0c9-6ab71e3db625,Woolworths Supermarket,Health & Beauty,Dominate Mini Styling Pot 15g,724875,$2.50,$16.67 / 100G,https://www.woolworths.com.au/shop/productdetails/724875/dominate-mini-styling-pot,https://cdn0.woolworths.media/content/wowproductimages/medium/724875.jpg,2020-09-20 19:49:44,Average product rating out of 5: 5.0. Product score is based on 1 ratings,1,Designs may vary,True
ae7fa4eb-7d40-47e3-973a-9ec3c100aa41,Woolworths Supermarket,Health & Beauty,Johnson's Body Care Moisturising Body Wash 1l,725005,$6.00,$0.60 / 100ML,https://www.woolworths.com.au/shop/productdetails/725005/johnson-s-body-care-moisturising-body-wash,https://cdn0.woolworths.media/content/wowproductimages/medium/725005.jpg,2020-09-20 19:49:44,Average product rating out of 5: 5.0. Product score is based on 17 ratings,17,,True
84c6fe76-a753-4553-9c6c-592856826fa3,Woolworths Supermarket,Health & Beauty,Johnson's Body Care Extra Rich Moisturising Cream Body Wash 1l,725006,$6.00,$0.60 / 100ML,https://www.woolworths.com.au/shop/productdetails/725006/johnson-s-body-care-extra-rich-moisturising-cream-body-wash,https://cdn0.woolworths.media/content/wowproductimages/medium/725006.jpg,2020-09-20 19:49:44,Average product rating out of 5: 4.5. Product score is based on 17 ratings,17,,True
af8fc6cd-2f32-4c3e-951c-6f25c38c4392,Woolworths Supermarket,Health & Beauty,Johnson's Body Care Dreamy Skin Body Wash 1l,725020,$6.00,$0.60 / 100ML,https://www.woolworths.com.au/shop/productdetails/725020/johnson-s-body-care-dreamy-skin-body-wash,https://cdn0.woolworths.media/content/wowproductimages/medium/725020.jpg,2020-09-20 19:49:44,Average product rating out of 5: 4.7. Product score is based on 29 ratings,29,,True
57ab15c2-7746-48c6-9e2a-d67a91def3fa,Woolworths Supermarket,Health & Beauty,Nature's Own Complete Sleep Advanced Tablets 30 pack,725097,$20.50,$68.33 / 100EA,https://www.woolworths.com.au/shop/productdetails/725097/nature-s-own-complete-sleep-advanced-tablets,https://cdn0.woolworths.media/content/wowproductimages/medium/725097.jpg,2020-09-20 19:49:44,Average product rating out of 5: 3.9. Product score is based on 11 ratings,11,,True
b597727f-f9df-444a-973a-a5a7aeb7a665,Woolworths Supermarket,Health & Beauty,Swisse Ultiboost Zinc+ Tabs 60 pack,725119,$8.10,$13.50 / 100EA,https://www.woolworths.com.au/shop/productdetails/725119/swisse-ultiboost-zinc-tabs,https://cdn0.woolworths.media/content/wowproductimages/medium/725119.jpg,2020-09-20 19:49:44,Average product rating out of 5: 4.7. Product score is based on 6 ratings,6,,True
ad6f1bd2-2b07-4e13-8f98-ad568850476f,Woolworths Supermarket,Health & Beauty,Organic Care Bubble Bath 400ml,725354,$3.89,$0.97 / 100ML,https://www.woolworths.com.au/shop/productdetails/725354/organic-care-bubble-bath,https://cdn0.woolworths.media/content/wowproductimages/medium/725354.jpg,2020-09-20 19:49:44,Average product rating out of 5: 4.3. Product score is based on 24 ratings,24,,True
3e30fb65-4fbb-4df0-9322-ee7d2c13cc92,Woolworths Supermarket,Health & Beauty,Nature's Way Vitagummies For Adults Daily Fibre 110 pack,725413,$20.00,$18.18 / 100EA,https://www.woolworths.com.au/shop/productdetails/725413/nature-s-way-vitagummies-for-adults-daily-fibre,https://cdn0.woolworths.media/content/wowproductimages/medium/725413.jpg,2020-09-20 19:49:44,Average product rating out of 5: 4.5. Product score is based on 4 ratings,4,,True
725e1260-c631-490d-bfa1-b8cb5e1aa002,Woolworths Supermarket,Health & Beauty,Nature's Way Joint Health Osteo Krill 50 pack,725414,$30.00,$60.00 / 100EA,https://www.woolworths.com.au/shop/productdetails/725414/nature-s-way-joint-health-osteo-krill,https://cdn0.woolworths.media/content/wowproductimages/medium/725414.jpg,2020-09-20 19:49:44,Average product rating out of 5: 4.5. Product score is based on 2 ratings,2,,True
c6c35bac-7523-401f-a564-bfde89de772e,Woolworths Supermarket,Health & Beauty,Nature's Way Kids Smart Probiotic Choc Balls 50 pack,725423,$15.95,$31.90 / 100EA,https://www.woolworths.com.au/shop/productdetails/725423/nature-s-way-kids-smart-probiotic-choc-balls,https://cdn0.woolworths.media/content/wowproductimages/medium/725423.jpg,2020-09-20 19:49:44,Average product rating out of 5: 4.9. Product score is based on 8 ratings,8,,True
2c1519c8-10fa-4f6b-ad90-5c9bd7b72320,Woolworths Supermarket,Health & Beauty,Ogx Penetrating Oil Renewing Argan Oil Of Morocco 100ml,725607,$12.50,$12.50 / 100ML,https://www.woolworths.com.au/shop/productdetails/725607/ogx-penetrating-oil-renewing-argan-oil-of-morocco,https://cdn0.woolworths.media/content/wowproductimages/medium/725607.jpg,2020-09-20 19:49:44,Average product rating out of 5: 3.9. Product score is based on 8 ratings,8,,True
420b4e58-ca98-421d-9f96-6c61da246894,Woolworths Supermarket,Health & Beauty,Iron Melts Chewable Tablet 50pk,725734,$8.00,$16.00 / 100EA,https://www.woolworths.com.au/shop/productdetails/725734/iron-melts-chewable-tablet,https://cdn0.woolworths.media/content/wowproductimages/medium/725734.jpg,2020-09-20 19:49:44,Average product rating out of 5: 4.3. Product score is based on 11 ratings,11,,True
ac0a701b-835c-4374-9eb1-1d5ae320211d,Woolworths Supermarket,Health & Beauty,Ogx Shampoo Renewing Argan Oil Of Morocco 385ml,725753,$10.00,$2.60 / 100ML,https://www.woolworths.com.au/shop/productdetails/725753/ogx-shampoo-renewing-argan-oil-of-morocco,https://cdn0.woolworths.media/content/wowproductimages/medium/725753.jpg,2020-09-20 19:49:44,Average product rating out of 5: 4.3. Product score is based on 4 ratings,4,,True
a6d4be28-baf0-4bd6-a311-5402d40d9659,Woolworths Supermarket,Health & Beauty,Ogx Conditioner Renewing Argan Oil Of Morocco 385ml,725754,$10.00,$2.60 / 100ML,https://www.woolworths.com.au/shop/productdetails/725754/ogx-conditioner-renewing-argan-oil-of-morocco,https://cdn0.woolworths.media/content/wowproductimages/medium/725754.jpg,2020-09-20 19:49:44,Average product rating out of 5: 4.8. Product score is based on 4 ratings,4,,True
3fce22df-5944-4240-80b8-dfe1be4be242,Woolworths Supermarket,Health & Beauty,Schwarzkopf Extra Care Shampoo Marrakesh Oil 400ml,726195,$6.90,$1.73 / 100ML,https://www.woolworths.com.au/shop/productdetails/726195/schwarzkopf-extra-care-shampoo-marrakesh-oil,https://cdn0.woolworths.media/content/wowproductimages/medium/726195.jpg,2020-09-20 19:49:44,Average product rating out of 5: 4.8. Product score is based on 10 ratings,10,,True
4aae0001-54ca-4b94-8111-96fe29c33013,Woolworths Supermarket,Health & Beauty,Schwarzkopf Extra Care Conditioner Marrakesh Oil 400ml,726202,$6.90,$1.73 / 100ML,https://www.woolworths.com.au/shop/productdetails/726202/schwarzkopf-extra-care-conditioner-marrakesh-oil,https://cdn0.woolworths.media/content/wowproductimages/medium/726202.jpg,2020-09-20 19:49:44,Average product rating out of 5: 4.7. Product score is based on 10 ratings,10,,True
9f44690c-26bd-48a3-bb3b-0466d3fba45a,Woolworths Supermarket,Health & Beauty,Toni & Guy Shampoo For Fine Hair 250ml,726207,$16.00,$6.40 / 100ML,https://www.woolworths.com.au/shop/productdetails/726207/toni-guy-shampoo-for-fine-hair,https://cdn0.woolworths.media/content/wowproductimages/medium/726207.jpg,2020-09-20 19:49:44,,0,2 for $25.00,True
9a21e729-d364-4dcf-868b-321f1e81d569,Woolworths Supermarket,Health & Beauty,Toni & Guy Conditioner For Fine Hair 250ml,726224,$16.00,$6.40 / 100ML,https://www.woolworths.com.au/shop/productdetails/726224/toni-guy-conditioner-for-fine-hair,https://cdn0.woolworths.media/content/wowproductimages/medium/726224.jpg,2020-09-20 19:49:44,,0,2 for $25.00,True
3b3f03c9-d5ac-4e54-81fd-ed9b737b3c35,Woolworths Supermarket,Health & Beauty,Toni & Guy Nourish Reconstruction Mask 200ml,726226,$16.00,$8.00 / 100ML,https://www.woolworths.com.au/shop/productdetails/726226/toni-guy-nourish-reconstruction-mask,https://cdn0.woolworths.media/content/wowproductimages/medium/726226.jpg,2020-09-20 19:49:44,Average product rating out of 5: 5.0. Product score is based on 2 ratings,2,2 for $25.00,True
a181d43d-e10f-4115-bf70-3affbc088d9e,Woolworths Supermarket,Health & Beauty,Toni & Guy Prep Leave-in Conditioner 100ml,726227,$16.00,$16.00 / 100ML,https://www.woolworths.com.au/shop/productdetails/726227/toni-guy-prep-leave-in-conditioner,https://cdn0.woolworths.media/content/wowproductimages/medium/726227.jpg,2020-09-20 19:49:44,Average product rating out of 5: 4.0. Product score is based on 4 ratings,4,2 for $25.00,True
692ee7d7-3ad7-445e-a440-075e2198f466,Woolworths Supermarket,Health & Beauty,Toni & Guy Cleanse Instant Refresh Dry Shampoo 250ml,726243,$16.00,$6.40 / 100ML,https://www.woolworths.com.au/shop/productdetails/726243/toni-guy-cleanse-instant-refresh-dry-shampoo,https://cdn0.woolworths.media/content/wowproductimages/medium/726243.jpg,2020-09-20 19:49:44,Average product rating out of 5: 5.0. Product score is based on 4 ratings,4,2 for $25.00,True
beaf1375-2b25-41a7-86fd-e8a563f6571c,Woolworths Supermarket,Health & Beauty,Toni & Guy Casual Sea Salt Texturising Spray 200ml,726244,$16.00,$8.00 / 100ML,https://www.woolworths.com.au/shop/productdetails/726244/toni-guy-casual-sea-salt-texturising-spray,https://cdn0.woolworths.media/content/wowproductimages/medium/726244.jpg,2020-09-20 19:49:44,Average product rating out of 5: 3.2. Product score is based on 5 ratings,5,2 for $25.00,True
c39ce46f-5e69-4636-bf33-97657b440023,Woolworths Supermarket,Health & Beauty,Toni & Guy Damage Repair Conditioner For Damaged Hair 250ml,726251,$16.00,$6.40 / 100ML,https://www.woolworths.com.au/shop/productdetails/726251/toni-guy-damage-repair-conditioner-for-damaged-hair,https://cdn0.woolworths.media/content/wowproductimages/medium/726251.jpg,2020-09-20 19:49:44,Average product rating out of 5: 4.5. Product score is based on 2 ratings,2,2 for $25.00,True
dd2fe8de-c8c4-4673-8ac8-85fb777ee39d,Woolworths Supermarket,Health & Beauty,Toni & Guy Shampoo For Damaged Hair 250ml,726260,$16.00,$6.40 / 100ML,https://www.woolworths.com.au/shop/productdetails/726260/toni-guy-shampoo-for-damaged-hair,https://cdn0.woolworths.media/content/wowproductimages/medium/726260.jpg,2020-09-20 19:49:44,Average product rating out of 5: 4.8. Product score is based on 5 ratings,5,2 for $25.00,True
9241a70b-09a6-43b6-9bdf-04df83d7ec83,Woolworths Supermarket,Health & Beauty,Toni & Guy Heat Protection Mist 150ml,726290,$16.00,$10.67 / 100ML,https://www.woolworths.com.au/shop/productdetails/726290/toni-guy-heat-protection-mist,https://cdn0.woolworths.media/content/wowproductimages/medium/726290.jpg,2020-09-20 19:49:44,Average product rating out of 5: 4.3. Product score is based on 6 ratings,6,2 for $25.00,True
fc0e5aab-5bb5-423c-8703-93aaebe2276d,Woolworths Supermarket,Health & Beauty,Imodium Zapid Diarrhoea Treatment 2mg 6 pack,726555,$11.20,$1.87 / 1EA,https://www.woolworths.com.au/shop/productdetails/726555/imodium-zapid-diarrhoea-treatment-2mg,https://cdn0.woolworths.media/content/wowproductimages/medium/726555.jpg,2020-09-20 19:49:44,Average product rating out of 5: 4.0. Product score is based on 2 ratings,2,,True
8b14aa11-d2c7-4ba0-aa15-bd842e5ec715,Woolworths Supermarket,Health & Beauty,Evamay Liners Regular 20 pack,726620,$0.90,$0.05 / 1EA,https://www.woolworths.com.au/shop/productdetails/726620/evamay-liners-regular,https://cdn0.woolworths.media/content/wowproductimages/medium/726620.jpg,2020-09-20 19:49:44,Average product rating out of 5: 4.8. Product score is based on 4 ratings,4,,True
6d849b42-ba0b-42a2-b93b-6e6564154e3a,Woolworths Supermarket,Health & Beauty,Herbal Essences Conditioner Replenishing 490ml,727087,$10.00,$2.04 / 100ML,https://www.woolworths.com.au/shop/productdetails/727087/herbal-essences-conditioner-replenishing,https://cdn0.woolworths.media/content/wowproductimages/medium/727087.jpg,2020-09-20 19:49:44,Average product rating out of 5: 5.0. Product score is based on 5 ratings,5,,True
85daef9b-6c1c-4df8-87c8-29bb3c53eb4c,Woolworths Supermarket,Health & Beauty,Herbal Essences Shampoo Classic Moisture Balancing 490ml,727088,$10.00,$2.04 / 100ML,https://www.woolworths.com.au/shop/productdetails/727088/herbal-essences-shampoo-classic-moisture-balancing,https://cdn0.woolworths.media/content/wowproductimages/medium/727088.jpg,2020-09-20 19:49:44,Average product rating out of 5: 4.9. Product score is based on 7 ratings,7,,True
a30d1a35-22ed-4a9f-8588-46f853edae58,Woolworths Supermarket,Health & Beauty,Herbal Essences Shampoo Replenishing 490ml,727164,$10.00,$2.04 / 100ML,https://www.woolworths.com.au/shop/productdetails/727164/herbal-essences-shampoo-replenishing,https://cdn0.woolworths.media/content/wowproductimages/medium/727164.jpg,2020-09-20 19:49:44,Average product rating out of 5: 5.0. Product score is based on 8 ratings,8,,True
5bd78823-02d2-4955-b0ab-ad1b29d4aaaf,Woolworths Supermarket,Health & Beauty,Herbal Essences Conditioner Normal Moisture Balancing 490ml,727297,$10.00,$2.04 / 100ML,https://www.woolworths.com.au/shop/productdetails/727297/herbal-essences-conditioner-normal-moisture-balancing,https://cdn0.woolworths.media/content/wowproductimages/medium/727297.jpg,2020-09-20 19:49:44,,0,,True
bc8b4c57-0a7a-4084-8950-d36ecf4a9e88,Woolworths Supermarket,Health & Beauty,Schwarzkopf Extra Care Oil Treatment Elixir 75ml,727398,$9.00,$12.00 / 100ML,https://www.woolworths.com.au/shop/productdetails/727398/schwarzkopf-extra-care-oil-treatment-elixir,https://cdn0.woolworths.media/content/wowproductimages/medium/727398.jpg,2020-09-20 19:49:44,Average product rating out of 5: 4.3. Product score is based on 6 ratings,6,,True
2096ba44-45f3-4cd2-9fab-ac5d7a5ab332,Woolworths Supermarket,Health & Beauty,Schick Hydro Silk Razor Blades 4 pack,728339,$20.00,$5.00 / 1EA,https://www.woolworths.com.au/shop/productdetails/728339/schick-hydro-silk-razor-blades,https://cdn0.woolworths.media/content/wowproductimages/medium/728339.jpg,2020-09-20 19:49:44,Average product rating out of 5: 4.2. Product score is based on 9 ratings,9,,True
e6e4902f-cf18-457c-ae6f-1955eb61ab3c,Woolworths Supermarket,Health & Beauty,Schick Hydro Silk Razor Kit each,728371,$13.50,,https://www.woolworths.com.au/shop/productdetails/728371/schick-hydro-silk-razor-kit,https://cdn0.woolworths.media/content/wowproductimages/medium/728371.jpg,2020-09-20 19:49:44,Average product rating out of 5: 4.7. Product score is based on 3 ratings,3,,True
153c13e8-1b13-49a6-b6ad-ff8561041352,Woolworths Supermarket,Health & Beauty,Palmolive Antibacterial Liquid Hand Wash Soap Lime Refill 1l,728601,$6.50,$0.65 / 100ML,https://www.woolworths.com.au/shop/productdetails/728601/palmolive-antibacterial-liquid-hand-wash-soap-lime-refill,https://cdn0.woolworths.media/content/wowproductimages/medium/728601.jpg,2020-09-20 19:49:44,Average product rating out of 5: 4.2. Product score is based on 25 ratings,25,Was $7.00 10/07/2017,True
51d67e3c-71fd-4d21-bf24-96b8194c6eb5,Woolworths Supermarket,Health & Beauty,Nivea Sensitive Protect Roll On Antiperspirant Deodorant 50ml,728639,$3.50,$7.00 / 100ML,https://www.woolworths.com.au/shop/productdetails/728639/nivea-sensitive-protect-roll-on-antiperspirant-deodorant,https://cdn0.woolworths.media/content/wowproductimages/medium/728639.jpg,2020-09-20 19:49:44,Average product rating out of 5: 4.6. Product score is based on 34 ratings,34,Was $4 23/06/16,True
c18c010a-43bc-47d0-b5dc-c8e0afc8c68c,Woolworths Supermarket,Health & Beauty,Dove Women Antiperspirant Roll On Deodorant Invisible Dry 50ml,729109,$3.90,$7.80 / 100ML,https://www.woolworths.com.au/shop/productdetails/729109/dove-women-antiperspirant-roll-on-deodorant-invisible-dry,https://cdn0.woolworths.media/content/wowproductimages/medium/729109.jpg,2020-09-20 19:49:44,Average product rating out of 5: 4.9. Product score is based on 21 ratings,21,,True
4934954b-b357-4d12-be5c-fb3871de051b,Woolworths Supermarket,Health & Beauty,Veet Hair Removal Wax Mini Facial Strips 20 pack,729176,$9.00,$0.45 / 1EA,https://www.woolworths.com.au/shop/productdetails/729176/veet-hair-removal-wax-mini-facial-strips,https://cdn0.woolworths.media/content/wowproductimages/medium/729176.jpg,2020-09-20 19:49:44,Average product rating out of 5: 4.4. Product score is based on 9 ratings,9,Was $10.50 04/09/2017,True
77961ac7-c7ff-4e02-8538-e49fbb65ea13,Woolworths Supermarket,Health & Beauty,Nad's Facial Hair Removal Cream 28g,729598,$7.50,$26.79 / 100G,https://www.woolworths.com.au/shop/productdetails/729598/nad-s-facial-hair-removal-cream,https://cdn0.woolworths.media/content/wowproductimages/medium/729598.jpg,2020-09-20 19:49:44,Average product rating out of 5: 5.0. Product score is based on 1 ratings,1,,True
e1a98f8e-2f82-4fd0-b437-be1084e4d909,Woolworths Supermarket,Health & Beauty,Nivea Gentle Exfoliating Facial Scrub + Vitamin E 150ml,730283,$7.20,$4.80 / 100ML,https://www.woolworths.com.au/shop/productdetails/730283/nivea-gentle-exfoliating-facial-scrub-vitamin-e,https://cdn0.woolworths.media/content/wowproductimages/medium/730283.jpg,2020-09-20 19:49:44,Average product rating out of 5: 4.9. Product score is based on 7 ratings,7,,True
873e339a-a82b-4c03-a3bf-c956a92fb0fe,Woolworths Supermarket,Health & Beauty,Nivea Daily Essentials 2in1 Face Wash & Scrub With Ocean Algae 150ml,730292,$7.20,$4.80 / 100ML,https://www.woolworths.com.au/shop/productdetails/730292/nivea-daily-essentials-2in1-face-wash-scrub-with-ocean-algae,https://cdn0.woolworths.media/content/wowproductimages/medium/730292.jpg,2020-09-20 19:49:44,Average product rating out of 5: 4.5. Product score is based on 6 ratings,6,,True
389cdd0d-c000-4ee5-96e0-676ac1593839,Woolworths Supermarket,Health & Beauty,Nivea Daily Essentials Face Wash Gel Cleanser + Vitamin E 150ml,730297,$7.20,$4.80 / 100ML,https://www.woolworths.com.au/shop/productdetails/730297/nivea-daily-essentials-face-wash-gel-cleanser-vitamin-e,https://cdn0.woolworths.media/content/wowproductimages/medium/730297.jpg,2020-09-20 19:49:44,Average product rating out of 5: 4.4. Product score is based on 7 ratings,7,,True
896e1cf0-1661-4c0e-92c9-e99ddfe70045,Woolworths Supermarket,Health & Beauty,Nivea Gentle Cream Face Wash Cleanser + Almond Oil 150ml,730305,$7.20,$4.80 / 100ML,https://www.woolworths.com.au/shop/productdetails/730305/nivea-gentle-cream-face-wash-cleanser-almond-oil,https://cdn0.woolworths.media/content/wowproductimages/medium/730305.jpg,2020-09-20 19:49:44,Average product rating out of 5: 4.0. Product score is based on 10 ratings,10,,True
7c73a97e-6002-4ba9-8d91-5b5eea2745cb,Woolworths Supermarket,Health & Beauty,Nivea Light Day Cream Face Moisturiser Spf30 & Vitamin E 50ml,730306,$9.45,$18.90 / 100ML,https://www.woolworths.com.au/shop/productdetails/730306/nivea-light-day-cream-face-moisturiser-spf30-vitamin-e,https://cdn0.woolworths.media/content/wowproductimages/medium/730306.jpg,2020-09-20 19:49:44,Average product rating out of 5: 5.0. Product score is based on 6 ratings,6,,True
99e31417-fdba-4289-b9ec-87647046b618,Woolworths Supermarket,Health & Beauty,Nivea Rich Day Cream Face Moisturiser+shea Butter&spf30 50ml,730320,$9.45,$18.90 / 100ML,https://www.woolworths.com.au/shop/productdetails/730320/nivea-rich-day-cream-face-moisturiser-shea-butter-spf30,https://cdn0.woolworths.media/content/wowproductimages/medium/730320.jpg,2020-09-20 19:49:44,Average product rating out of 5: 4.4. Product score is based on 8 ratings,8,,True
081d904c-4e60-4929-b4f7-8a1c85c9b218,Woolworths Supermarket,Health & Beauty,Vaseline Intensive Care Body Lotion Deep Restore 225ml,730333,$4.50,$2.00 / 100ML,https://www.woolworths.com.au/shop/productdetails/730333/vaseline-intensive-care-body-lotion-deep-restore,https://cdn0.woolworths.media/content/wowproductimages/medium/730333.jpg,2020-09-20 19:49:44,Average product rating out of 5: 4.5. Product score is based on 4 ratings,4,Was $5.00 10/09/2018,True
24a1d3a6-6377-4843-8033-4a0bf0b972d5,Woolworths Supermarket,Health & Beauty,Vaseline Intensive Care Body Lotion Aloe Soothe 225ml,730351,$4.50,$2.00 / 100ML,https://www.woolworths.com.au/shop/productdetails/730351/vaseline-intensive-care-body-lotion-aloe-soothe,https://cdn0.woolworths.media/content/wowproductimages/medium/730351.jpg,2020-09-20 19:49:44,Average product rating out of 5: 4.9. Product score is based on 7 ratings,7,Was $5.00 10/09/2018,True
fa76c111-76c2-4bef-ac9e-05a8e5a18adc,Woolworths Supermarket,Health & Beauty,Vaseline Intensive Care Body Lotion Cocoa Glow 225ml,730360,$4.50,$2.00 / 100ML,https://www.woolworths.com.au/shop/productdetails/730360/vaseline-intensive-care-body-lotion-cocoa-glow,https://cdn0.woolworths.media/content/wowproductimages/medium/730360.jpg,2020-09-20 19:49:44,Average product rating out of 5: 4.8. Product score is based on 5 ratings,5,Was $5.00 10/09/2018,True
0ad19a77-eb0d-43cd-bec4-a6f1af4c2447,Woolworths Supermarket,Health & Beauty,Garnier Bb Cream Oil-free Light Oil Free Bb Cream 40ml,730599,$11.02,$27.55 / 100ML,https://www.woolworths.com.au/shop/productdetails/730599/garnier-bb-cream-oil-free-light-oil-free-bb-cream,https://cdn0.woolworths.media/content/wowproductimages/medium/730599.jpg,2020-09-20 19:49:44,Average product rating out of 5: 5.0. Product score is based on 3 ratings,3,,True
42e24f66-bab3-4cbf-b62b-8e37df0244ba,Woolworths Supermarket,Health & Beauty,Garnier Bb Cream Oil-free Medium Medium 40ml,730623,$11.02,$27.55 / 100ML,https://www.woolworths.com.au/shop/productdetails/730623/garnier-bb-cream-oil-free-medium-medium,https://cdn0.woolworths.media/content/wowproductimages/medium/730623.jpg,2020-09-20 19:49:44,Average product rating out of 5: 3.7. Product score is based on 3 ratings,3,,True
d9b7e467-1d8c-4b04-a92a-5e125500d282,Woolworths Supermarket,Health & Beauty,Atkins Endulge Bar Chcocolate & Coconut 5 pack,730668,$13.50,$2.70 / 1EA,https://www.woolworths.com.au/shop/productdetails/730668/atkins-endulge-bar-chcocolate-coconut,https://cdn0.woolworths.media/content/wowproductimages/medium/730668.jpg,2020-09-20 19:49:44,Average product rating out of 5: 4.2. Product score is based on 14 ratings,14,,True
98166c5e-29dd-4b8e-807b-a690973d6a29,Woolworths Supermarket,Health & Beauty,Colgate Sensitive Prorelief Enamel Repair Teeth Pain Toothpaste 110g,730950,$5.00,$4.55 / 100G,https://www.woolworths.com.au/shop/productdetails/730950/colgate-sensitive-prorelief-enamel-repair-teeth-pain-toothpaste,https://cdn0.woolworths.media/content/wowproductimages/medium/730950.jpg,2020-09-20 19:49:44,Average product rating out of 5: 4.7. Product score is based on 25 ratings,25,,True
d5b7f13a-35d2-41c6-b419-9b54b57a9e7e,Woolworths Supermarket,Health & Beauty,Slim Secrets Craving Crusher Cookies & Cream 40g,731126,$3.00,$7.50 / 100G,https://www.woolworths.com.au/shop/productdetails/731126/slim-secrets-craving-crusher-cookies-cream,https://cdn0.woolworths.media/content/wowproductimages/medium/731126.jpg,2020-09-20 19:49:44,Average product rating out of 5: 3.3. Product score is based on 3 ratings,3,,True
6a191c9f-87d9-4497-80d3-cf143b302263,Woolworths Supermarket,Health & Beauty,Celebrity Slim Shake Mix Cafe Latte Sachet 55g,731213,$3.50,$6.36 / 100G,https://www.woolworths.com.au/shop/productdetails/731213/celebrity-slim-shake-mix-cafe-latte-sachet,https://cdn0.woolworths.media/content/wowproductimages/medium/731213.jpg,2020-09-20 19:49:44,Average product rating out of 5: 5.0. Product score is based on 3 ratings,3,,True
66b12ed3-2964-4517-9ea0-37fd7ea19fab,Woolworths Supermarket,Health & Beauty,Body Science Body For Women Shaker Black Lid 400ml,731379,$7.00,$7.00 / 1EA,https://www.woolworths.com.au/shop/productdetails/731379/body-science-body-for-women-shaker-black-lid,https://cdn0.woolworths.media/content/wowproductimages/medium/731379.jpg,2020-09-20 19:49:44,Average product rating out of 5: 4.0. Product score is based on 2 ratings,2,,True
cf64823e-5014-4888-9b0e-5389d589269e,Woolworths Supermarket,Health & Beauty,Bic Flex 4 Hybrid Shaver 4 pack,731488,$4.25,$1.06 / 1EA,https://www.woolworths.com.au/shop/productdetails/731488/bic-flex-4-hybrid-shaver,https://cdn0.woolworths.media/content/wowproductimages/medium/731488.jpg,2020-09-20 19:49:44,,0,,True
5a8de9b2-3251-4c51-93c9-a8347ae39cfb,Woolworths Supermarket,Health & Beauty,Sensodyne Sensitive Teeth Pain Repair & Protect Whitening Toothpaste 100g,731654,$11.00,$11.00 / 100G,https://www.woolworths.com.au/shop/productdetails/731654/sensodyne-sensitive-teeth-pain-repair-protect-whitening-toothpaste,https://cdn0.woolworths.media/content/wowproductimages/medium/731654.jpg,2020-09-20 19:49:44,Average product rating out of 5: 4.6. Product score is based on 24 ratings,24,,True
3c30f775-ae1b-44ea-bf98-22df241ece3c,Woolworths Supermarket,Health & Beauty,Claratyne Hayfever Allergy Relief Antihistamine Tablets 5 pack,733501,$6.00,$1.20 / 1EA,https://www.woolworths.com.au/shop/productdetails/733501/claratyne-hayfever-allergy-relief-antihistamine-tablets,https://cdn0.woolworths.media/content/wowproductimages/medium/733501.jpg,2020-09-20 19:49:44,Average product rating out of 5: 5.0. Product score is based on 3 ratings,3,,True
e768779a-928e-4cc2-9c97-1702252960d3,Woolworths Supermarket,Health & Beauty,Swisse Ultiboost High Strength Cranberry Capsules 30 pack,733527,$28.00,$93.33 / 100EA,https://www.woolworths.com.au/shop/productdetails/733527/swisse-ultiboost-high-strength-cranberry-capsules,https://cdn0.woolworths.media/content/wowproductimages/medium/733527.jpg,2020-09-20 19:49:44,Average product rating out of 5: 4.8. Product score is based on 4 ratings,4,,True
3431153c-8284-4511-87d9-7fb3de9b00c1,Woolworths Supermarket,Health & Beauty,Bulldog Original Face Care Moisturiser 100ml,739321,$12.50,$12.50 / 100ML,https://www.woolworths.com.au/shop/productdetails/739321/bulldog-original-face-care-moisturiser,https://cdn0.woolworths.media/content/wowproductimages/medium/739321.jpg,2020-09-20 19:49:44,Average product rating out of 5: 3.7. Product score is based on 3 ratings,3,,True
82ab9aee-7c13-4833-aae3-9b23de534a54,Woolworths Supermarket,Health & Beauty,Mud Lipstick 013 Pure Passion 2.1g,740149,$4.50,$21.43 / 10G,https://www.woolworths.com.au/shop/productdetails/740149/mud-lipstick-013-pure-passion,https://cdn0.woolworths.media/content/wowproductimages/medium/740149.jpg,2020-09-20 19:49:44,,0,Was $5 23/08/2016,True
a6f719e0-e247-4d96-b86f-83960cf2195a,Woolworths Supermarket,Health & Beauty,Swisspers Cotton Large Make Up Pads 50pk,740153,$3.75,$0.08 / 1EA,https://www.woolworths.com.au/shop/productdetails/740153/swisspers-cotton-large-make-up-pads,https://cdn0.woolworths.media/content/wowproductimages/medium/740153.jpg,2020-09-20 19:49:44,Average product rating out of 5: 4.7. Product score is based on 12 ratings,12,,True
9c049ac6-3dbe-4001-9f05-f0c011b7e2b3,Woolworths Supermarket,Health & Beauty,Rimmel Bb Cream 001 Light 30ml,740162,$14.00,$4.67 / 10ML,https://www.woolworths.com.au/shop/productdetails/740162/rimmel-bb-cream-001-light,https://cdn0.woolworths.media/content/wowproductimages/medium/740162.jpg,2020-09-20 19:49:44,Average product rating out of 5: 4.0. Product score is based on 2 ratings,2,,True
23c45dff-9a8b-47df-b1f2-dce58e539957,Woolworths Supermarket,Health & Beauty,Rimmel Bb Cream 002 Medium 30ml,740163,$14.00,$4.67 / 10ML,https://www.woolworths.com.au/shop/productdetails/740163/rimmel-bb-cream-002-medium,https://cdn0.woolworths.media/content/wowproductimages/medium/740163.jpg,2020-09-20 19:49:44,Average product rating out of 5: 5.0. Product score is based on 3 ratings,3,,True
71433e72-c0bc-454d-8838-4cff49bf03c4,Woolworths Supermarket,Health & Beauty,Sally Hansen Nail Xtreme 81 Bamboo 11.8ml,740193,$7.00,$5.93 / 10ML,https://www.woolworths.com.au/shop/productdetails/740193/sally-hansen-nail-xtreme-81-bamboo,https://cdn0.woolworths.media/content/wowproductimages/medium/740193.jpg,2020-09-20 19:49:44,Average product rating out of 5: 3.0. Product score is based on 1 ratings,1,,True
928cbf58-c45b-4403-b422-1606443bb575,Woolworths Supermarket,Health & Beauty,Sally Hansen Hard As Nails Nail Colour Xtreme Wear Invisible 11.8ml,740201,$7.00,$5.93 / 10ML,https://www.woolworths.com.au/shop/productdetails/740201/sally-hansen-hard-as-nails-nail-colour-xtreme-wear-invisible,https://cdn0.woolworths.media/content/wowproductimages/medium/740201.jpg,2020-09-20 19:49:44,Average product rating out of 5: 3.0. Product score is based on 2 ratings,2,,True
93518a5a-18e3-4a85-ba65-6ea264459e6b,Woolworths Supermarket,Health & Beauty,Mud Lipstick 012 Coral Crush 2.1g,740205,$4.50,$21.43 / 10G,https://www.woolworths.com.au/shop/productdetails/740205/mud-lipstick-012-coral-crush,https://cdn0.woolworths.media/content/wowproductimages/medium/740205.jpg,2020-09-20 19:49:44,Average product rating out of 5: 5.0. Product score is based on 1 ratings,1,Was $5 23/08/2016,True
c164f1bc-3bf0-4461-96a6-1fe68cbd1e63,Woolworths Supermarket,Health & Beauty,Scitec Nutrition 100% Whey Protein Chocolate 30g,740384,$2.50,$8.33 / 100G,https://www.woolworths.com.au/shop/productdetails/740384/scitec-nutrition-100-whey-protein-chocolate,https://cdn0.woolworths.media/content/wowproductimages/medium/740384.jpg,2020-09-20 19:49:44,Average product rating out of 5: 4.7. Product score is based on 3 ratings,3,,True
ad9fed19-b250-4c4a-a032-49a17d410043,Woolworths Supermarket,Health & Beauty,Poise Incontinence Pads Extra Plus Absorbency 10 pack,740512,$4.80,$0.48 / 1EA,https://www.woolworths.com.au/shop/productdetails/740512/poise-incontinence-pads-extra-plus-absorbency,https://cdn0.woolworths.media/content/wowproductimages/medium/740512.jpg,2020-09-20 19:49:44,,0,,True
48e3ed8b-cde6-46f6-8367-b5aede0de89f,Woolworths Supermarket,Health & Beauty,Scitec Nutrition 100% Whey Protein Vanilla 30g,740528,$2.50,$8.33 / 100G,https://www.woolworths.com.au/shop/productdetails/740528/scitec-nutrition-100-whey-protein-vanilla,https://cdn0.woolworths.media/content/wowproductimages/medium/740528.jpg,2020-09-20 19:49:44,Average product rating out of 5: 5.0. Product score is based on 3 ratings,3,,True
7e3e4b24-a90f-4570-92cc-82ad1f7ca1d2,Woolworths Supermarket,Health & Beauty,Poise Incontinence Pads Regular Absorbency 16 pack,740552,$4.80,$0.30 / 1EA,https://www.woolworths.com.au/shop/productdetails/740552/poise-incontinence-pads-regular-absorbency,https://cdn0.woolworths.media/content/wowproductimages/medium/740552.jpg,2020-09-20 19:49:44,,0,,True
ddf1b602-a1d1-41e4-9644-80359aee1df5,Woolworths Supermarket,Health & Beauty,Poise Incontinence Pads Super Absorbency 14 pack,740800,$4.80,$0.34 / 1EA,https://www.woolworths.com.au/shop/productdetails/740800/poise-incontinence-pads-super-absorbency,https://cdn0.woolworths.media/content/wowproductimages/medium/740800.jpg,2020-09-20 19:49:44,,0,,True
b2fa5f34-90d8-4ae9-8ae0-027659330e55,Woolworths Supermarket,Health & Beauty,Poise Incontinence Pads Extra Absorbency 12 pack,741010,$4.80,$0.40 / 1EA,https://www.woolworths.com.au/shop/productdetails/741010/poise-incontinence-pads-extra-absorbency,https://cdn0.woolworths.media/content/wowproductimages/medium/741010.jpg,2020-09-20 19:49:44,,0,,True
8ff35573-b16b-4ec8-9e00-09151ed83046,Woolworths Supermarket,Health & Beauty,1000hour Eyelashes & Brow Dye Kit Dark Brown each,741293,$20.00,$20.00 / 1EA,https://www.woolworths.com.au/shop/productdetails/741293/1000hour-eyelashes-brow-dye-kit-dark-brown,https://cdn0.woolworths.media/content/wowproductimages/medium/741293.jpg,2020-09-20 19:49:44,Average product rating out of 5: 4.9. Product score is based on 7 ratings,7,,True
c04e1bab-5a18-4f9e-a29a-63e0c5666eca,Woolworths Supermarket,Health & Beauty,1000hour Eyelashes & Brow Dye Kit Black each,741301,$20.00,$20.00 / 1EA,https://www.woolworths.com.au/shop/productdetails/741301/1000hour-eyelashes-brow-dye-kit-black,https://cdn0.woolworths.media/content/wowproductimages/medium/741301.jpg,2020-09-20 19:49:44,Average product rating out of 5: 5.0. Product score is based on 3 ratings,3,,True
60c94e64-7c89-4ae5-92a7-17bb029fbba6,Woolworths Supermarket,Health & Beauty,Eylure Eyelashes Naturalites Style 100 each,741334,$12.99,$12.99 / 1EA,https://www.woolworths.com.au/shop/productdetails/741334/eylure-eyelashes-naturalites-style-100,https://cdn0.woolworths.media/content/wowproductimages/medium/741334.jpg,2020-09-20 19:49:44,,0,,True
5e131459-94c0-4cd9-9600-b6cd391e42e7,Woolworths Supermarket,Health & Beauty,Schwarzkopf Hair Mascara Temporary Grey Cover Up Dark Brown each,742080,$22.00,$137.50 / 100ML,https://www.woolworths.com.au/shop/productdetails/742080/schwarzkopf-hair-mascara-temporary-grey-cover-up-dark-brown,https://cdn0.woolworths.media/content/wowproductimages/medium/742080.jpg,2020-09-20 19:49:44,,0,,True
b121e644-c9e5-4a02-b893-76f33dda1734,Woolworths Supermarket,Health & Beauty,Head & Shoulders Apple Fresh Hair Scalp Care Anti Dandruff Shampoo 400ml,742196,$11.00,$2.75 / 100ML,https://www.woolworths.com.au/shop/productdetails/742196/head-shoulders-apple-fresh-hair-scalp-care-anti-dandruff-shampoo,https://cdn0.woolworths.media/content/wowproductimages/medium/742196.jpg,2020-09-20 19:49:44,Average product rating out of 5: 4.4. Product score is based on 5 ratings,5,,True
c57e9d3b-a74a-4bfc-9c10-ef9cf4d07e02,Woolworths Supermarket,Health & Beauty,Woolworths Kids Sunscreen Spf 50+ Roll On 75ml,742303,$4.00,$5.33 / 100ML,https://www.woolworths.com.au/shop/productdetails/742303/woolworths-kids-sunscreen-spf-50-roll-on,https://cdn0.woolworths.media/content/wowproductimages/medium/742303.jpg,2020-09-20 19:49:44,Average product rating out of 5: 4.5. Product score is based on 11 ratings,11,,True
a2cd8250-9fef-4b40-8dfb-250014d0d156,Woolworths Supermarket,Health & Beauty,Woolworths Sunscreen Spf 50+ 1l,742305,$8.50,$0.85 / 100ML,https://www.woolworths.com.au/shop/productdetails/742305/woolworths-sunscreen-spf-50-,https://cdn0.woolworths.media/content/wowproductimages/medium/742305.jpg,2020-09-20 19:49:44,Average product rating out of 5: 4.4. Product score is based on 16 ratings,16,,True
ba08ec53-432a-4b70-ad4a-31b1ed750ffa,Woolworths Supermarket,Health & Beauty,Napro Palette 5-5 Light Gold Brown each,743134,$7.95,$7.95 / 1EA,https://www.woolworths.com.au/shop/productdetails/743134/napro-palette-5-5-light-gold-brown,https://cdn0.woolworths.media/content/wowproductimages/medium/743134.jpg,2020-09-20 19:49:44,,0,,True
d3a4a1aa-3c2c-411b-8069-dff846093c81,Woolworths Supermarket,Health & Beauty,Oscar Orsen Grooming Set each,743822,$5.50,,https://www.woolworths.com.au/shop/productdetails/743822/oscar-orsen-grooming-set,https://cdn0.woolworths.media/content/wowproductimages/medium/743822.jpg,2020-09-20 19:49:44,Average product rating out of 5: 4.3. Product score is based on 222 ratings,222,,True
c23a5c38-35cf-4770-9443-4d0e39859927,Woolworths Supermarket,Health & Beauty,Deep Heat Back Patch 2pk,744943,$9.00,$4.50 / 1EA,https://www.woolworths.com.au/shop/productdetails/744943/deep-heat-back-patch,https://cdn0.woolworths.media/content/wowproductimages/medium/744943.jpg,2020-09-20 19:49:44,Average product rating out of 5: 3.5. Product score is based on 4 ratings,4,,True
89f130b4-9441-46b9-9f90-3fce9e949125,Woolworths Supermarket,Health & Beauty,Garnier Fructis Miraculous Oil Leave- In Hair Treatment 150ml,744980,$8.35,$5.57 / 100ML,https://www.woolworths.com.au/shop/productdetails/744980/garnier-fructis-miraculous-oil-leave-in-hair-treatment,https://cdn0.woolworths.media/content/wowproductimages/medium/744980.jpg,2020-09-20 19:49:44,Average product rating out of 5: 4.7. Product score is based on 9 ratings,9,,True
736a043c-3066-43d9-a7b6-71bb3821c9fd,Woolworths Supermarket,Health & Beauty,Difflam Sore Throat Spray 30ml,745535,$12.00,$40.00 / 100ML,https://www.woolworths.com.au/shop/productdetails/745535/difflam-sore-throat-spray,https://cdn0.woolworths.media/content/wowproductimages/medium/745535.jpg,2020-09-20 19:49:44,,0,,True
90aedb2b-7eb7-4c38-8fc5-6293e2905a2f,Woolworths Supermarket,Health & Beauty,Difflam Forte Throat Spray 15ml,745554,$12.80,$85.33 / 100ML,https://www.woolworths.com.au/shop/productdetails/745554/difflam-forte-throat-spray,https://cdn0.woolworths.media/content/wowproductimages/medium/745554.jpg,2020-09-20 19:49:44,Average product rating out of 5: 5.0. Product score is based on 2 ratings,2,,True
07f19701-ca35-499b-bd83-4cdaea6c1e67,Woolworths Supermarket,Health & Beauty,Batiste Tropical Dry Shampoo 200ml,745781,$10.00,$5.00 / 100ML,https://www.woolworths.com.au/shop/productdetails/745781/batiste-tropical-dry-shampoo,https://cdn0.woolworths.media/content/wowproductimages/medium/745781.jpg,2020-09-20 19:49:44,Average product rating out of 5: 4.0. Product score is based on 5 ratings,5,,True
4dc294a4-448b-4099-b74e-f92b11e55021,Woolworths Supermarket,Health & Beauty,Batiste Blush Dry Shampoo 200ml,745783,$10.00,$5.00 / 100ML,https://www.woolworths.com.au/shop/productdetails/745783/batiste-blush-dry-shampoo,https://cdn0.woolworths.media/content/wowproductimages/medium/745783.jpg,2020-09-20 19:49:44,Average product rating out of 5: 4.8. Product score is based on 10 ratings,10,,True
efa533d1-7a1f-4d5c-a32c-d343dbbf6c2f,Woolworths Supermarket,Health & Beauty,Help@hand Epsom Salt 1kg,746176,$6.00,$0.60 / 100G,https://www.woolworths.com.au/shop/productdetails/746176/help-hand-epsom-salt,https://cdn0.woolworths.media/content/wowproductimages/medium/746176.jpg,2020-09-20 19:49:44,Average product rating out of 5: 4.8. Product score is based on 45 ratings,45,Was $6.30 04/06/2018,True
47e9ab62-5638-4d8c-bc38-e9a76ec8e866,Woolworths Supermarket,Health & Beauty,Batiste Dry Shampoo Blush 50ml,747031,$5.00,$10.00 / 100ML,https://www.woolworths.com.au/shop/productdetails/747031/batiste-dry-shampoo-blush,https://cdn0.woolworths.media/content/wowproductimages/medium/747031.jpg,2020-09-20 19:49:44,,0,,True
400717fd-0de4-455b-a1fc-961748e4aa89,Woolworths Supermarket,Health & Beauty,Clearwipe Lens Cleaner 20 pack,747613,$4.50,$0.23 / 1EA,https://www.woolworths.com.au/shop/productdetails/747613/clearwipe-lens-cleaner,https://cdn0.woolworths.media/content/wowproductimages/medium/747613.jpg,2020-09-20 19:49:44,Average product rating out of 5: 4.0. Product score is based on 1 ratings,1,,True
5a4a78a8-09a6-4ba7-9192-291126cfd912,Woolworths Supermarket,Health & Beauty,U By Kotex Designer Series Ultrathin With Wings Super 10pk,748417,$3.15,$0.32 / 1EA,https://www.woolworths.com.au/shop/productdetails/748417/u-by-kotex-designer-series-ultrathin-with-wings-super,https://cdn0.woolworths.media/content/wowproductimages/medium/748417.jpg,2020-09-20 19:49:44,,0,,True
9af6c724-2717-4ebc-8514-82da97124962,Woolworths Supermarket,Health & Beauty,U By Kotex Ultrathin Pads Super With Wings 12pk,748533,$2.80,$0.23 / 1EA,https://www.woolworths.com.au/shop/productdetails/748533/u-by-kotex-ultrathin-pads-super-with-wings,https://cdn0.woolworths.media/content/wowproductimages/medium/748533.jpg,2020-09-20 19:49:44,,0,,True
ac08f39b-ad93-43b1-a231-9862ac4e4121,Woolworths Supermarket,Health & Beauty,U By Kotex Designer Series Protect Liners 30pk,748534,$2.45,$0.08 / 1EA,https://www.woolworths.com.au/shop/productdetails/748534/u-by-kotex-designer-series-protect-liners,https://cdn0.woolworths.media/content/wowproductimages/medium/748534.jpg,2020-09-20 19:49:44,,0,,True
1a2f471a-b679-4827-a257-604b141687b3,Woolworths Supermarket,Health & Beauty,Depend Real Fit For Men Underwear Large 8 pack,748543,$13.00,$1.63 / 1EA,https://www.woolworths.com.au/shop/productdetails/748543/depend-real-fit-for-men-underwear-large,https://cdn0.woolworths.media/content/wowproductimages/medium/748543.jpg,2020-09-20 19:49:44,,0,Was $13.99 18/04/2017,True
afb08155-2558-4989-b3bb-078ea11d7c1c,Woolworths Supermarket,Health & Beauty,U By Kotex Ultrathin Pads Regular With Wings 14pk,748551,$2.80,$0.20 / 1EA,https://www.woolworths.com.au/shop/productdetails/748551/u-by-kotex-ultrathin-pads-regular-with-wings,https://cdn0.woolworths.media/content/wowproductimages/medium/748551.jpg,2020-09-20 19:49:44,,0,,True
e1b7a05b-6713-475a-a4ea-137d894386f4,Woolworths Supermarket,Health & Beauty,U By Kotex Designer Series Ultrathin With Wings Regular 12ea,748553,$3.15,$0.26 / 1EA,https://www.woolworths.com.au/shop/productdetails/748553/u-by-kotex-designer-series-ultrathin-with-wings-regular,https://cdn0.woolworths.media/content/wowproductimages/medium/748553.jpg,2020-09-20 19:49:44,,0,,True
b06dac8f-fa86-41a3-98d6-64e314378e83,Woolworths Supermarket,Health & Beauty,U By Kotex Sport Liners 30pk,748554,$2.45,$0.08 / 1EA,https://www.woolworths.com.au/shop/productdetails/748554/u-by-kotex-sport-liners,https://cdn0.woolworths.media/content/wowproductimages/medium/748554.jpg,2020-09-20 19:49:44,,0,,True
2b0012fe-b1ae-4ba9-a255-e015fbb31e69,Woolworths Supermarket,Health & Beauty,U By Kotex Ultrathins Overnight 10ea,748561,$2.80,$0.28 / 1EA,https://www.woolworths.com.au/shop/productdetails/748561/u-by-kotex-ultrathins-overnight,https://cdn0.woolworths.media/content/wowproductimages/medium/748561.jpg,2020-09-20 19:49:44,,0,,True
793ad12c-9068-45db-b911-999a542983b3,Woolworths Supermarket,Health & Beauty,Nivea Men Deodorant Aerosol Black & White Aero 250ml,748677,$6.50,$2.60 / 100ML,https://www.woolworths.com.au/shop/productdetails/748677/nivea-men-deodorant-aerosol-black-white-aero,https://cdn0.woolworths.media/content/wowproductimages/medium/748677.jpg,2020-09-20 19:49:44,Average product rating out of 5: 4.7. Product score is based on 27 ratings,27,,True
1d9784b9-4653-431c-b5f0-8ef5b73992ae,Woolworths Supermarket,Health & Beauty,Nivea Men Deodorant Aerosol Dry Impact Aero 153g,748712,$6.50,$2.60 / 100ML,https://www.woolworths.com.au/shop/productdetails/748712/nivea-men-deodorant-aerosol-dry-impact-aero,https://cdn0.woolworths.media/content/wowproductimages/medium/748712.jpg,2020-09-20 19:49:44,Average product rating out of 5: 5.0. Product score is based on 7 ratings,7,,True
1880dcdf-266a-4910-9188-816d4d32d422,Woolworths Supermarket,Health & Beauty,Nivea Men Deodorant Aerosol Cool Kick 153g,748713,$6.50,$2.60 / 100ML,https://www.woolworths.com.au/shop/productdetails/748713/nivea-men-deodorant-aerosol-cool-kick,https://cdn0.woolworths.media/content/wowproductimages/medium/748713.jpg,2020-09-20 19:49:44,Average product rating out of 5: 4.4. Product score is based on 16 ratings,16,,True
d4041586-ca10-4bb9-bb4c-6ecaf8c9ade3,Woolworths Supermarket,Health & Beauty,Nivea Men Deodorant Aerosol Sensitive Protect 250ml,748714,$6.50,$2.60 / 100ML,https://www.woolworths.com.au/shop/productdetails/748714/nivea-men-deodorant-aerosol-sensitive-protect,https://cdn0.woolworths.media/content/wowproductimages/medium/748714.jpg,2020-09-20 19:49:44,Average product rating out of 5: 4.5. Product score is based on 13 ratings,13,,True
534990d0-4376-4949-af94-956ff954e5c7,Woolworths Supermarket,Health & Beauty,Cover Girl Clump Crusher Mascara 810 Black Brown each,748782,$19.00,$14.50 / 10ML,https://www.woolworths.com.au/shop/productdetails/748782/cover-girl-clump-crusher-mascara-810-black-brown,https://cdn0.woolworths.media/content/wowproductimages/medium/748782.jpg,2020-09-20 19:49:44,Average product rating out of 5: 4.7. Product score is based on 3 ratings,3,,True
75868b86-b054-4f30-bb15-5725b5a20f07,Woolworths Supermarket,Health & Beauty,Colgate Extra Clean Soft Toothbrush With Rubber Tongue Cleaner each,748786,$2.00,$2.00 / 1EA,https://www.woolworths.com.au/shop/productdetails/748786/colgate-extra-clean-soft-toothbrush-with-rubber-tongue-cleaner,https://cdn0.woolworths.media/content/wowproductimages/medium/748786.jpg,2020-09-20 19:49:44,Average product rating out of 5: 4.6. Product score is based on 8 ratings,8,,True
19cb604b-4730-4c66-bdc9-845b2a2ab482,Woolworths Supermarket,Health & Beauty,Banana Boat Spf 50+ Sunscreen Sport 200g,748807,$16.50,$8.25 / 100G,https://www.woolworths.com.au/shop/productdetails/748807/banana-boat-spf-50-sunscreen-sport,https://cdn0.woolworths.media/content/wowproductimages/medium/748807.jpg,2020-09-20 19:49:44,Average product rating out of 5: 5.0. Product score is based on 1 ratings,1,,True
40acac01-3da6-4534-9369-14d40fe9fd64,Woolworths Supermarket,Health & Beauty,Banana Boat Ultra Spf 50+ Sunscreen Pump 400g,748809,$21.00,$5.25 / 100G,https://www.woolworths.com.au/shop/productdetails/748809/banana-boat-ultra-spf-50-sunscreen-pump,https://cdn0.woolworths.media/content/wowproductimages/medium/748809.jpg,2020-09-20 19:49:44,Average product rating out of 5: 5.0. Product score is based on 2 ratings,2,,True
894728c4-d464-4777-94f1-3ab3f1788930,Woolworths Supermarket,Health & Beauty,Banana Boat Kids Sunscreen Roll On 50+ 75ml,748810,$11.00,$14.67 / 100ML,https://www.woolworths.com.au/shop/productdetails/748810/banana-boat-kids-sunscreen-roll-on-50-,https://cdn0.woolworths.media/content/wowproductimages/medium/748810.jpg,2020-09-20 19:49:44,Average product rating out of 5: 4.6. Product score is based on 7 ratings,7,,True
77b8bf9e-0155-4725-8e6e-4fe303f4268a,Woolworths Supermarket,Health & Beauty,Banana Boat Ultra Spf 50+ Sunscreen 200g,748823,$16.50,$8.25 / 100G,https://www.woolworths.com.au/shop/productdetails/748823/banana-boat-ultra-spf-50-sunscreen,https://cdn0.woolworths.media/content/wowproductimages/medium/748823.jpg,2020-09-20 19:49:44,Average product rating out of 5: 4.5. Product score is based on 2 ratings,2,,True
06dd76c2-f9cb-4c2f-b96a-4adbc4d0a6f4,Woolworths Supermarket,Health & Beauty,Banana Boat Kids Sunscreen Spray 50+ 240ml,748834,$16.50,$6.88 / 100ML,https://www.woolworths.com.au/shop/productdetails/748834/banana-boat-kids-sunscreen-spray-50-,https://cdn0.woolworths.media/content/wowproductimages/medium/748834.jpg,2020-09-20 19:49:44,Average product rating out of 5: 2.5. Product score is based on 2 ratings,2,,True
d4b0775e-e746-4f73-b936-31aa0b84aae2,Woolworths Supermarket,Health & Beauty,Toni & Guy Blow Dry Brush each,749006,$19.00,,https://www.woolworths.com.au/shop/productdetails/749006/toni-guy-blow-dry-brush,https://cdn0.woolworths.media/content/wowproductimages/medium/749006.jpg,2020-09-20 19:49:44,Average product rating out of 5: 4.8. Product score is based on 4 ratings,4,,True
94e4cd9c-b3bc-444b-95df-eeec3e4b6df9,Woolworths Supermarket,Health & Beauty,Toni & Guy Straightening Brush each,749042,$28.00,,https://www.woolworths.com.au/shop/productdetails/749042/toni-guy-straightening-brush,https://cdn0.woolworths.media/content/wowproductimages/medium/749042.jpg,2020-09-20 19:49:44,Average product rating out of 5: 3.8. Product score is based on 5 ratings,5,,True
bad6ebb6-1e10-4000-9f5f-18ad5640d202,Woolworths Supermarket,Health & Beauty,Toni & Guy Long Metallic Slide Set 6 pack,749074,$7.00,,https://www.woolworths.com.au/shop/productdetails/749074/toni-guy-long-metallic-slide-set,https://cdn0.woolworths.media/content/wowproductimages/medium/749074.jpg,2020-09-20 19:49:44,Average product rating out of 5: 5.0. Product score is based on 1 ratings,1,,True
b67bb2df-3009-4e4e-aeaa-1cd8b44af797,Woolworths Supermarket,Health & Beauty,Rimmel Match Perfection Foundation 200 Soft Beige 30ml,749278,$19.00,$6.33 / 10ML,https://www.woolworths.com.au/shop/productdetails/749278/rimmel-match-perfection-foundation-200-soft-beige,https://cdn0.woolworths.media/content/wowproductimages/medium/749278.jpg,2020-09-20 19:49:44,Average product rating out of 5: 5.0. Product score is based on 1 ratings,1,,True
bfb6932c-9beb-4899-b8d0-f848b5b6392b,Woolworths Supermarket,Health & Beauty,Maybelline Baby Lips Loves Color Lip Balm - Berry Crush 4g,749310,$2.40,$6.00 / 10G,https://www.woolworths.com.au/shop/productdetails/749310/maybelline-baby-lips-loves-color-lip-balm-berry-crush,https://cdn0.woolworths.media/content/wowproductimages/medium/749310.jpg,2020-09-20 19:49:44,Average product rating out of 5: 3.3. Product score is based on 4 ratings,4,,True
70184a03-b57f-446e-8856-310b41a25966,Woolworths Supermarket,Health & Beauty,Maybelline Dream Satin Bb Cream - Light each,749336,$10.20,$3.40 / 10ML,https://www.woolworths.com.au/shop/productdetails/749336/maybelline-dream-satin-bb-cream-light,https://cdn0.woolworths.media/content/wowproductimages/medium/749336.jpg,2020-09-20 19:49:44,Average product rating out of 5: 4.7. Product score is based on 3 ratings,3,,True
fcda6289-f0b2-4adc-abba-6f87db6758fc,Woolworths Supermarket,Health & Beauty,Rimmel Match Perfection Foundation 100 Ivory 30ml,749341,$19.00,$6.33 / 10ML,https://www.woolworths.com.au/shop/productdetails/749341/rimmel-match-perfection-foundation-100-ivory,https://cdn0.woolworths.media/content/wowproductimages/medium/749341.jpg,2020-09-20 19:49:44,,0,,True
ce6dbbcd-26c8-44ba-a578-211f8c53b9f6,Woolworths Supermarket,Health & Beauty,Nivea Men Deodorant Aerosol Stress Protect 153g,749506,$6.50,$2.60 / 100ML,https://www.woolworths.com.au/shop/productdetails/749506/nivea-men-deodorant-aerosol-stress-protect,https://cdn0.woolworths.media/content/wowproductimages/medium/749506.jpg,2020-09-20 19:49:44,Average product rating out of 5: 4.2. Product score is based on 9 ratings,9,,True
6d1dc768-3237-4d3e-a500-57a7fcbf4936,Woolworths Supermarket,Health & Beauty,L'oreal Revitalift Eye Cream Laser 15ml,749749,$24.99,$166.60 / 100ML,https://www.woolworths.com.au/shop/productdetails/749749/l-oreal-revitalift-eye-cream-laser,https://cdn0.woolworths.media/content/wowproductimages/medium/749749.jpg,2020-09-20 19:49:44,,0,,True
1440dfe9-1ca1-4b67-aad8-9e884a62206b,Woolworths Supermarket,Health & Beauty,L'oreal Revitalift Face Cream Laser Day Cream 50ml,749763,$22.50,$45.00 / 100ML,https://www.woolworths.com.au/shop/productdetails/749763/l-oreal-revitalift-face-cream-laser-day-cream,https://cdn0.woolworths.media/content/wowproductimages/medium/749763.jpg,2020-09-20 19:49:44,Average product rating out of 5: 4.7. Product score is based on 9 ratings,9,,True
66df5dbe-ee98-40a2-add8-88b9d6c85c2b,Woolworths Supermarket,Health & Beauty,Mcobeauty Double Ended Fibre Lash 5ml,749981,$11.90,$238.00 / 100ML,https://www.woolworths.com.au/shop/productdetails/749981/mcobeauty-double-ended-fibre-lash,https://cdn0.woolworths.media/content/wowproductimages/medium/749981.jpg,2020-09-20 19:49:44,Average product rating out of 5: 1.5. Product score is based on 2 ratings,2,,True
8cedb43d-cb73-4c56-b777-abede5b92381,Woolworths Supermarket,Health & Beauty,Colgate Optic White Sparkling White Teeth Whitening Toothpaste 140g,750055,$10.00,$7.14 / 100G,https://www.woolworths.com.au/shop/productdetails/750055/colgate-optic-white-sparkling-white-teeth-whitening-toothpaste,https://cdn0.woolworths.media/content/wowproductimages/medium/750055.jpg,2020-09-20 19:49:44,Average product rating out of 5: 4.1. Product score is based on 10 ratings,10,,True
ad679977-73c8-4157-b41b-06c5b568d18e,Woolworths Supermarket,Health & Beauty,Colgate Plax Alcohol Free Mouthwash Fresh Tea 500ml,750056,$3.15,$0.63 / 100ML,https://www.woolworths.com.au/shop/productdetails/750056/colgate-plax-alcohol-free-mouthwash-fresh-tea,https://cdn0.woolworths.media/content/wowproductimages/medium/750056.jpg,2020-09-20 19:49:44,Average product rating out of 5: 4.9. Product score is based on 14 ratings,14,,True
996a2a1b-87f3-4b22-a5eb-030f994f96d8,Woolworths Supermarket,Health & Beauty,Strepsils Soothing Honey & Lemon 48 pack,750216,$12.60,$0.26 / 1EA,https://www.woolworths.com.au/shop/productdetails/750216/strepsils-soothing-honey-lemon,https://cdn0.woolworths.media/content/wowproductimages/medium/750216.jpg,2020-09-20 19:49:44,Average product rating out of 5: 4.8. Product score is based on 5 ratings,5,,True
8c344b69-7a0f-40e4-b1d7-72d63ff545fb,Woolworths Supermarket,Health & Beauty,Oral-b Complete 5 Way Clean Toothbrush Med 1pk,750314,$4.00,$4.00 / 1EA,https://www.woolworths.com.au/shop/productdetails/750314/oral-b-complete-5-way-clean-toothbrush-med,https://cdn0.woolworths.media/content/wowproductimages/medium/750314.jpg,2020-09-20 19:49:44,Average product rating out of 5: 4.6. Product score is based on 7 ratings,7,,True
ff6d90df-650f-47ea-9931-88344c445c3e,Woolworths Supermarket,Health & Beauty,Essentials Paracetamol 500mg Tablets 20 pack,750755,$0.70,$0.04 / 1EA,https://www.woolworths.com.au/shop/productdetails/750755/essentials-paracetamol-500mg-tablets,https://cdn0.woolworths.media/content/wowproductimages/medium/750755.jpg,2020-09-20 19:49:44,Average product rating out of 5: 4.8. Product score is based on 89 ratings,89,,True
0e3b5c04-ef1b-445c-8668-79e8276f4a07,Woolworths Supermarket,Health & Beauty,Help@hand Paracetamol Caps 500mg Caps 500mg 20 pack,750756,$1.25,$0.06 / 1EA,https://www.woolworths.com.au/shop/productdetails/750756/help-hand-paracetamol-caps-500mg-caps-500mg,https://cdn0.woolworths.media/content/wowproductimages/medium/750756.jpg,2020-09-20 19:49:44,Average product rating out of 5: 4.9. Product score is based on 62 ratings,62,,True
b0202901-5639-471a-adb2-629101a41378,Woolworths Supermarket,Health & Beauty,Centrum For Men Multivitamin 60pk,750905,$10.00,$16.67 / 100EA,https://www.woolworths.com.au/shop/productdetails/750905/centrum-for-men-multivitamin,https://cdn0.woolworths.media/content/wowproductimages/medium/750905.jpg,2020-09-20 19:49:44,Average product rating out of 5: 5.0. Product score is based on 4 ratings,4,,True
9ceafb0f-bffe-4e34-8b7a-24228a47e107,Woolworths Supermarket,Health & Beauty,Centrum For Women Multivitamin 60pk,750906,$10.00,$16.67 / 100EA,https://www.woolworths.com.au/shop/productdetails/750906/centrum-for-women-multivitamin,https://cdn0.woolworths.media/content/wowproductimages/medium/750906.jpg,2020-09-20 19:49:44,Average product rating out of 5: 4.4. Product score is based on 7 ratings,7,,True
95d13f05-7dae-474f-bdbc-4cc229edc124,Woolworths Supermarket,Health & Beauty,Ostelin Calcium & Vitamin D3 Chewable Tablets 60 pack,751016,$10.50,$17.50 / 100EA,https://www.woolworths.com.au/shop/productdetails/751016/ostelin-calcium-vitamin-d3-chewable-tablets,https://cdn0.woolworths.media/content/wowproductimages/medium/751016.jpg,2020-09-20 19:49:44,Average product rating out of 5: 3.4. Product score is based on 5 ratings,5,Was $15.00 10/04/2017,True
f92ad281-30f8-4523-aefc-f40251417189,Woolworths Supermarket,Health & Beauty,Audisol Ear Cleansing Spray 50ml,751179,$15.00,$30.00 / 100ML,https://www.woolworths.com.au/shop/productdetails/751179/audisol-ear-cleansing-spray,https://cdn0.woolworths.media/content/wowproductimages/medium/751179.jpg,2020-09-20 19:49:44,Average product rating out of 5: 5.0. Product score is based on 1 ratings,1,,True
c5e4bd38-1b17-4415-8404-b62ad0df9db6,Woolworths Supermarket,Health & Beauty,Cancer Council Ultra Spf 50+ Sunscreen 110ml,751238,$10.00,$9.09 / 100ML,https://www.woolworths.com.au/shop/productdetails/751238/cancer-council-ultra-spf-50-sunscreen,https://cdn0.woolworths.media/content/wowproductimages/medium/751238.jpg,2020-09-20 19:49:44,Average product rating out of 5: 4.7. Product score is based on 3 ratings,3,,True
12d9479c-b247-4b54-a0c9-3fbd5b19e710,Woolworths Supermarket,Health & Beauty,Cancer Council Spf 50+ Sunscreen Sport 110ml,751284,$10.00,$9.09 / 100ML,https://www.woolworths.com.au/shop/productdetails/751284/cancer-council-spf-50-sunscreen-sport,https://cdn0.woolworths.media/content/wowproductimages/medium/751284.jpg,2020-09-20 19:49:44,Average product rating out of 5: 5.0. Product score is based on 2 ratings,2,,True
46a05b75-5b6f-4f12-944a-dc01d00a26d3,Woolworths Supermarket,Health & Beauty,Swisse Ultiboost Relax & Sleep 60 tablets,751314,$16.00,$26.67 / 100EA,https://www.woolworths.com.au/shop/productdetails/751314/swisse-ultiboost-relax-sleep,https://cdn0.woolworths.media/content/wowproductimages/medium/751314.jpg,2020-09-20 19:49:44,Average product rating out of 5: 5.0. Product score is based on 4 ratings,4,,True
8ef5b463-dd2e-48e2-b104-8e0f26fcb386,Woolworths Supermarket,Health & Beauty,Synergy Natural Supergreens Powder 200g,753944,$21.00,$10.50 / 100G,https://www.woolworths.com.au/shop/productdetails/753944/synergy-natural-supergreens-powder,https://cdn0.woolworths.media/content/wowproductimages/medium/753944.jpg,2020-09-20 19:49:44,Average product rating out of 5: 4.7. Product score is based on 3 ratings,3,,True
0da54bb1-f30d-40e5-8aa2-188edfb62f19,Woolworths Supermarket,Health & Beauty,Garnier Olia Permanent Hair Colour 5.0 Brown each,753968,$11.90,,https://www.woolworths.com.au/shop/productdetails/753968/garnier-olia-permanent-hair-colour-5-0-brown,https://cdn0.woolworths.media/content/wowproductimages/medium/753968.jpg,2020-09-20 19:49:44,Average product rating out of 5: 5.0. Product score is based on 7 ratings,7,,True
847294a1-72a8-4330-9dfb-6ba5c877b66b,Woolworths Supermarket,Health & Beauty,Garnier Olia Permanent Hair Colour 6.0 Light Brown each,753970,$11.90,,https://www.woolworths.com.au/shop/productdetails/753970/garnier-olia-permanent-hair-colour-6-0-light-brown,https://cdn0.woolworths.media/content/wowproductimages/medium/753970.jpg,2020-09-20 19:49:44,Average product rating out of 5: 4.5. Product score is based on 2 ratings,2,,True
dffcb283-97ab-44fc-b81b-5ae54b259e91,Woolworths Supermarket,Health & Beauty,Garnier Olia Permanent Hair Colour 4.0 Dark Brown each,753975,$11.90,,https://www.woolworths.com.au/shop/productdetails/753975/garnier-olia-permanent-hair-colour-4-0-dark-brown,https://cdn0.woolworths.media/content/wowproductimages/medium/753975.jpg,2020-09-20 19:49:44,Average product rating out of 5: 4.9. Product score is based on 8 ratings,8,,True
d4133110-10b4-480b-bada-19ae8bd1919e,Woolworths Supermarket,Health & Beauty,Garnier Olia Permanent Hair Colour 7.0 Dark Blonde each,754029,$11.90,,https://www.woolworths.com.au/shop/productdetails/754029/garnier-olia-permanent-hair-colour-7-0-dark-blonde,https://cdn0.woolworths.media/content/wowproductimages/medium/754029.jpg,2020-09-20 19:49:44,Average product rating out of 5: 4.3. Product score is based on 6 ratings,6,,True
0eb38e47-537c-481c-8cad-301296c0e62c,Woolworths Supermarket,Health & Beauty,Brut Body Wash Original 400ml,754141,$6.30,$1.58 / 100ML,https://www.woolworths.com.au/shop/productdetails/754141/brut-body-wash-original,https://cdn0.woolworths.media/content/wowproductimages/medium/754141.jpg,2020-09-20 19:49:44,Average product rating out of 5: 4.6. Product score is based on 8 ratings,8,,True
3821a2d9-ad53-4be8-a8c8-0d2161cf8b94,Woolworths Supermarket,Health & Beauty,Schwarzkopf Brilliance 59 Violet Wild Silk each,754716,$14.40,,https://www.woolworths.com.au/shop/productdetails/754716/schwarzkopf-brilliance-59-violet-wild-silk,https://cdn0.woolworths.media/content/wowproductimages/medium/754716.jpg,2020-09-20 19:49:44,Average product rating out of 5: 5.0. Product score is based on 2 ratings,2,,True
aa2f1e62-105e-4858-a4c9-021054567bd7,Woolworths Supermarket,Health & Beauty,Brut Body Wash Endurance 400ml,754728,$6.30,$1.58 / 100ML,https://www.woolworths.com.au/shop/productdetails/754728/brut-body-wash-endurance,https://cdn0.woolworths.media/content/wowproductimages/medium/754728.jpg,2020-09-20 19:49:44,Average product rating out of 5: 5.0. Product score is based on 2 ratings,2,,True
55b51cc4-7b0f-459f-8ef9-a3d2777bed0c,Woolworths Supermarket,Health & Beauty,Poise Incontinence Pads Extra Plus Absorbency 20 pack,754759,$10.00,$0.50 / 1EA,https://www.woolworths.com.au/shop/productdetails/754759/poise-incontinence-pads-extra-plus-absorbency,https://cdn0.woolworths.media/content/wowproductimages/medium/754759.jpg,2020-09-20 19:49:44,,0,,True
971abc62-014b-4326-a524-b5aa29ef899d,Woolworths Supermarket,Health & Beauty,Depend Real Fit For Women Underwear Extra Large 8pk,754807,$12.00,$1.50 / 1EA,https://www.woolworths.com.au/shop/productdetails/754807/depend-real-fit-for-women-underwear-extra-large,https://cdn0.woolworths.media/content/wowproductimages/medium/754807.jpg,2020-09-20 19:49:44,,0,Was $12.99 18/04/2017,True
f7d9b7b6-b6bc-4af2-816f-5d445e14ae5e,Woolworths Supermarket,Health & Beauty,Nivea Men Sport Shower Gel & Body Wash 500ml,754946,$6.00,$1.20 / 100ML,https://www.woolworths.com.au/shop/productdetails/754946/nivea-men-sport-shower-gel-body-wash,https://cdn0.woolworths.media/content/wowproductimages/medium/754946.jpg,2020-09-20 19:49:44,Average product rating out of 5: 4.8. Product score is based on 4 ratings,4,Was $7.50 20/02/2017,True
4d886f6f-ad50-4db6-856e-7f926de1ce52,Woolworths Supermarket,Health & Beauty,Gillette Fusion Shaving Blade Refill 8 pack,754984,$35.50,$4.44 / 1EA,https://www.woolworths.com.au/shop/productdetails/754984/gillette-fusion-shaving-blade-refill,https://cdn0.woolworths.media/content/wowproductimages/medium/754984.jpg,2020-09-20 19:49:44,Average product rating out of 5: 4.0. Product score is based on 12 ratings,12,,True
299dfe33-5b06-4469-909d-2ecc8da92b0b,Woolworths Supermarket,Health & Beauty,Nivea Men Shower Gel & Body Wash For Sensitive Skin 500ml,754992,$4.80,$0.96 / 100ML,https://www.woolworths.com.au/shop/productdetails/754992/nivea-men-shower-gel-body-wash-for-sensitive-skin,https://cdn0.woolworths.media/content/wowproductimages/medium/754992.jpg,2020-09-20 19:49:44,Average product rating out of 5: 4.3. Product score is based on 3 ratings,3,,True
5f175b61-6b3e-41ba-9408-1093934a0165,Woolworths Supermarket,Health & Beauty,Tampax Regular Tampons Light Flow With Applicator 20 pack,755055,$5.90,$0.30 / 1EA,https://www.woolworths.com.au/shop/productdetails/755055/tampax-regular-tampons-light-flow-with-applicator,https://cdn0.woolworths.media/content/wowproductimages/medium/755055.jpg,2020-09-20 19:49:44,,0,,True
ea61b20f-9f63-4070-bbe9-6b28520563f6,Woolworths Supermarket,Health & Beauty,Tampax Super Tampons Medium Flow With Applicator 20 pack,755075,$5.90,$0.30 / 1EA,https://www.woolworths.com.au/shop/productdetails/755075/tampax-super-tampons-medium-flow-with-applicator,https://cdn0.woolworths.media/content/wowproductimages/medium/755075.jpg,2020-09-20 19:49:44,,0,,True
cc726508-bef4-4d7a-b304-f1dd90a4a13d,Woolworths Supermarket,Health & Beauty,Bosisto's Nasal Spray Eucalyptus Saline 50ml,755247,$6.00,$12.00 / 100ML,https://www.woolworths.com.au/shop/productdetails/755247/bosisto-s-nasal-spray-eucalyptus-saline,https://cdn0.woolworths.media/content/wowproductimages/medium/755247.jpg,2020-09-20 19:49:44,Average product rating out of 5: 3.6. Product score is based on 8 ratings,8,,True
eaffe470-8129-4a4b-b15f-c721d0f8018b,Woolworths Supermarket,Health & Beauty,Bosisto's Eucalyptus Drops Sugar Free 50g,755302,$2.70,$5.40 / 100G,https://www.woolworths.com.au/shop/productdetails/755302/bosisto-s-eucalyptus-drops-sugar-free,https://cdn0.woolworths.media/content/wowproductimages/medium/755302.jpg,2020-09-20 19:49:44,Average product rating out of 5: 4.9. Product score is based on 7 ratings,7,,True
2d82c3e5-b6c8-41fe-a009-f74bafadf07e,Woolworths Supermarket,Health & Beauty,Brite Semi Permanent Hair Colour Colour Blue 75ml,755309,$10.00,$13.33 / 100ML,https://www.woolworths.com.au/shop/productdetails/755309/brite-semi-permanent-hair-colour-colour-blue,https://cdn0.woolworths.media/content/wowproductimages/medium/755309.jpg,2020-09-20 19:49:44,Average product rating out of 5: 5.0. Product score is based on 3 ratings,3,,True
f7ae06d7-a72e-442a-8f47-16fd156138d9,Woolworths Supermarket,Health & Beauty,Clearblue Digital Pregnancy Test 1pk,755312,$17.00,$17.00 / 1EA,https://www.woolworths.com.au/shop/productdetails/755312/clearblue-digital-pregnancy-test,https://cdn0.woolworths.media/content/wowproductimages/medium/755312.jpg,2020-09-20 19:49:44,,0,,True
bdf12251-daf3-44c5-b097-871ac4f9f081,Woolworths Supermarket,Health & Beauty,Brite Semi Permanent Hair Colour Colour Pink 75ml,755334,$10.00,$13.33 / 100ML,https://www.woolworths.com.au/shop/productdetails/755334/brite-semi-permanent-hair-colour-colour-pink,https://cdn0.woolworths.media/content/wowproductimages/medium/755334.jpg,2020-09-20 19:49:44,Average product rating out of 5: 5.0. Product score is based on 3 ratings,3,,True
dc2e3293-a640-4045-9c37-0036b544fede,Woolworths Supermarket,Health & Beauty,Brite Semi Permanent Hair Colour Colour Purple 75ml,755341,$10.00,$13.33 / 100ML,https://www.woolworths.com.au/shop/productdetails/755341/brite-semi-permanent-hair-colour-colour-purple,https://cdn0.woolworths.media/content/wowproductimages/medium/755341.jpg,2020-09-20 19:49:44,Average product rating out of 5: 4.3. Product score is based on 3 ratings,3,,True
8e68bdf4-ff83-4c40-9dc6-1449cffdb615,Woolworths Supermarket,Health & Beauty,Nyal Anti Viral Cold Sore Cream 5g,755490,$8.60,$172.00 / 100G,https://www.woolworths.com.au/shop/productdetails/755490/nyal-anti-viral-cold-sore-cream,https://cdn0.woolworths.media/content/wowproductimages/medium/755490.jpg,2020-09-20 19:49:44,Average product rating out of 5: 4.5. Product score is based on 4 ratings,4,,True
077e86f7-cc14-4c1e-8ef2-de258a943cbf,Woolworths Supermarket,Health & Beauty,Four Seasons Condoms Naked Closer 12 pack,755542,$7.00,$0.58 / 1EA,https://www.woolworths.com.au/shop/productdetails/755542/four-seasons-condoms-naked-closer,https://cdn0.woolworths.media/content/wowproductimages/medium/755542.jpg,2020-09-20 19:49:44,Average product rating out of 5: 5.0. Product score is based on 2 ratings,2,,True
340eb17b-a007-43f8-87d2-753b01794a10,Woolworths Supermarket,Health & Beauty,Codral Relief 6 Signs Cold & Flu Capsules 16 pack,755601,$15.50,$0.97 / 1EA,https://www.woolworths.com.au/shop/productdetails/755601/codral-relief-6-signs-cold-flu-capsules,https://cdn0.woolworths.media/content/wowproductimages/medium/755601.jpg,2020-09-20 19:49:44,Average product rating out of 5: 4.8. Product score is based on 4 ratings,4,,True
18182a1c-fdc5-4a3a-af0f-a0e46169b6cf,Woolworths Supermarket,Health & Beauty,Imodium Diarrhoea Treatment 2mg Capsules 8pk,755602,$11.00,$1.38 / 1EA,https://www.woolworths.com.au/shop/productdetails/755602/imodium-diarrhoea-treatment-2mg-capsules,https://cdn0.woolworths.media/content/wowproductimages/medium/755602.jpg,2020-09-20 19:49:44,Average product rating out of 5: 3.7. Product score is based on 3 ratings,3,,True
5dfb25aa-ec70-4b10-8a1b-e40c2d4a06a5,Woolworths Supermarket,Health & Beauty,Sudafed Pe Sinus + Anti-inflammatory Pain Relief Double Action 20 pack,755759,$13.00,$0.65 / 1EA,https://www.woolworths.com.au/shop/productdetails/755759/sudafed-pe-sinus-anti-inflammatory-pain-relief-double-action,https://cdn0.woolworths.media/content/wowproductimages/medium/755759.jpg,2020-09-20 19:49:44,Average product rating out of 5: 5.0. Product score is based on 1 ratings,1,,True
d963cdd7-64c0-4788-9dd5-a6329cd046e5,Woolworths Supermarket,Health & Beauty,Skyn Condoms Skyn Large 10 pack,755767,$10.00,$1.00 / 1EA,https://www.woolworths.com.au/shop/productdetails/755767/skyn-condoms-skyn-large,https://cdn0.woolworths.media/content/wowproductimages/medium/755767.jpg,2020-09-20 19:49:44,Average product rating out of 5: 5.0. Product score is based on 2 ratings,2,,True
9ad4f865-e6f2-4ee8-966c-5cf881914a80,Woolworths Supermarket,Health & Beauty,Canesten Tinaderm Antifungal Powder Spray 100g,755821,$11.00,$11.00 / 100G,https://www.woolworths.com.au/shop/productdetails/755821/canesten-tinaderm-antifungal-powder-spray,https://cdn0.woolworths.media/content/wowproductimages/medium/755821.jpg,2020-09-20 19:49:44,Average product rating out of 5: 4.6. Product score is based on 7 ratings,7,,True
fdead940-c90a-4533-b676-ec182ad7b9b1,Woolworths Supermarket,Health & Beauty,Thursday Plantation Oil Tea Tree 50ml,755850,$15.00,$30.00 / 100ML,https://www.woolworths.com.au/shop/productdetails/755850/thursday-plantation-oil-tea-tree,https://cdn0.woolworths.media/content/wowproductimages/medium/755850.jpg,2020-09-20 19:49:44,Average product rating out of 5: 4.9. Product score is based on 13 ratings,13,,True
5ebdd3a0-dc29-4352-aa9b-731abf9e74e0,Woolworths Supermarket,Health & Beauty,Thursday Plantation Oil Lavender 50ml,755868,$15.50,$31.00 / 100ML,https://www.woolworths.com.au/shop/productdetails/755868/thursday-plantation-oil-lavender,https://cdn0.woolworths.media/content/wowproductimages/medium/755868.jpg,2020-09-20 19:49:44,Average product rating out of 5: 4.9. Product score is based on 10 ratings,10,,True
e6d283da-67f9-4e42-b963-e40d53dbf28a,Woolworths Supermarket,Health & Beauty,Thursday Plantation Oil Tea Tree 15ml,755986,$7.50,$50.00 / 100ML,https://www.woolworths.com.au/shop/productdetails/755986/thursday-plantation-oil-tea-tree,https://cdn0.woolworths.media/content/wowproductimages/medium/755986.jpg,2020-09-20 19:49:44,Average product rating out of 5: 5.0. Product score is based on 3 ratings,3,,True
3daf1be7-7eba-4c3d-ae8c-9d500bae7248,Woolworths Supermarket,Health & Beauty,Clif Bar Energy Bar Chocolate Chip 68g,756168,$3.00,$4.41 / 100G,https://www.woolworths.com.au/shop/productdetails/756168/clif-bar-energy-bar-chocolate-chip,https://cdn0.woolworths.media/content/wowproductimages/medium/756168.jpg,2020-09-20 19:49:44,Average product rating out of 5: 4.0. Product score is based on 4 ratings,4,,True
9257c2d2-ca07-4809-a45d-c749b7938fe0,Woolworths Supermarket,Health & Beauty,Clif Bar Energy Bar White Chocolate Macadamia 68g,756172,$3.00,$4.41 / 100G,https://www.woolworths.com.au/shop/productdetails/756172/clif-bar-energy-bar-white-chocolate-macadamia,https://cdn0.woolworths.media/content/wowproductimages/medium/756172.jpg,2020-09-20 19:49:44,Average product rating out of 5: 5.0. Product score is based on 3 ratings,3,,True
2cb0cbe5-769c-456c-8636-f6617da63bbb,Woolworths Supermarket,Health & Beauty,Strepsils Plus Anaesthetic Sore Throat Numbing Pain Relief Lozenges 16 pack,756217,$7.50,$46.88 / 100EA,https://www.woolworths.com.au/shop/productdetails/756217/strepsils-plus-anaesthetic-sore-throat-numbing-pain-relief-lozenges,https://cdn0.woolworths.media/content/wowproductimages/medium/756217.jpg,2020-09-20 19:49:44,Average product rating out of 5: 5.0. Product score is based on 2 ratings,2,Was $8.00 04/06/2018,True
6ab9a74d-1538-44da-b48e-1ee4ddc14b16,Woolworths Supermarket,Health & Beauty,Panadol With Optizorb Paracetamol Pain Relief 20 pack,348643,$4.00,$0.20 / 1EA,https://www.woolworths.com.au/shop/productdetails/348643/panadol-with-optizorb-paracetamol-pain-relief,https://cdn0.woolworths.media/content/wowproductimages/medium/348643.jpg,2020-09-20 19:49:44,Average product rating out of 5: 4.4. Product score is based on 19 ratings,19,Was $4.20 24/07/2017,True
85e6d3b9-fe1b-4d82-90a4-a69e53603dfa,Woolworths Supermarket,Health & Beauty,Brutal Truth Antiperspirant Roll On Rustic & Woody 75ml,078120,$10.00,$13.33 / 100ML,https://www.woolworths.com.au/shop/productdetails/78120/brutal-truth-antiperspirant-roll-on-rustic-woody,https://cdn0.woolworths.media/content/wowproductimages/medium/078120.jpg,2020-09-20 19:49:44,,0,,True
21523fc5-398a-4bb5-9e8e-bb3dcc14970b,Woolworths Supermarket,Health & Beauty,Colgate Peppa Pig Kids Toothpaste Sparkling Mint Gel 2-5 Years 80g,248897,$2.10,$2.63 / 100G,https://www.woolworths.com.au/shop/productdetails/248897/colgate-peppa-pig-kids-toothpaste-sparkling-mint-gel-2-5-years,https://cdn0.woolworths.media/content/wowproductimages/medium/248897.jpg,2020-09-20 19:49:44,Average product rating out of 5: 4.4. Product score is based on 51 ratings,51,,True
0b2216eb-1466-455a-bf85-f36ff1d3c323,Woolworths Supermarket,Health & Beauty,Palmolive Kids 3 In 1 Bodywash Shampoo & Conditioner Strawberry 700ml,046238,$6.50,$0.93 / 100ML,https://www.woolworths.com.au/shop/productdetails/46238/palmolive-kids-3-in-1-bodywash-shampoo-conditioner-strawberry,https://cdn0.woolworths.media/content/wowproductimages/medium/046238.jpg,2020-09-20 19:49:44,,0,Was $7.00 23/04/2018,True
2884850f-b2aa-42b4-83cb-c80e6ade0d18,Woolworths Supermarket,Health & Beauty,Impulse Maddie Ziegler Body Mist Tropical Beach & Espresso 100ml,080014,$9.00,$9.00 / 100ML,https://www.woolworths.com.au/shop/productdetails/80014/impulse-maddie-ziegler-body-mist-tropical-beach-espresso,https://cdn0.woolworths.media/content/wowproductimages/medium/080014.jpg,2020-09-20 19:49:44,,0,,True
de22b02d-e4cf-4d44-8528-ff84fdd9a666,Woolworths Supermarket,Health & Beauty,Kleenex Facial Tissues 200 pack,063899,$2.00,$1.00 / 100SS,https://www.woolworths.com.au/shop/productdetails/63899/kleenex-facial-tissues,https://cdn0.woolworths.media/content/wowproductimages/medium/063899.jpg,2020-09-20 19:49:44,,0,Was $2.20 26/02/2020,True
d8ed6967-5d1e-4676-8267-dd868653ef2e,Woolworths Supermarket,Health & Beauty,Colgate Total Advanced Fresh Antibacterial Gel Toothpaste 200g,819776,$8.00,$4.00 / 100G,https://www.woolworths.com.au/shop/productdetails/819776/colgate-total-advanced-fresh-antibacterial-gel-toothpaste,https://cdn0.woolworths.media/content/wowproductimages/medium/819776.jpg,2020-09-20 19:49:44,,0,,True
d812e61b-c66b-46a9-b3a4-8f132fa1a36d,Woolworths Supermarket,Health & Beauty,Kleenex Facial Tissue Soft & Thick 95 pack,064373,$2.00,$2.11 / 100SS,https://www.woolworths.com.au/shop/productdetails/64373/kleenex-facial-tissue-soft-thick,https://cdn0.woolworths.media/content/wowproductimages/medium/064373.jpg,2020-09-20 19:49:44,,0,,True
8ecfd27c-456b-4c01-a227-f76f8448a5d9,Woolworths Supermarket,Health & Beauty,Pantene Pro-v Daily Moisture Renewal Shampoo 900ml,842806,$11.90,$1.32 / 100ML,https://www.woolworths.com.au/shop/productdetails/842806/pantene-pro-v-daily-moisture-renewal-shampoo,https://cdn0.woolworths.media/content/wowproductimages/medium/842806.jpg,2020-09-20 19:49:44,Average product rating out of 5: 4.7. Product score is based on 13 ratings,13,,True
42779079-86e3-4d62-b39c-5486061d191d,Woolworths Supermarket,Health & Beauty,Sensodyne Toothbrush Sensitive Teeth Daily Care Soft 3 pack,680514,$10.50,$3.50 / 1EA,https://www.woolworths.com.au/shop/productdetails/680514/sensodyne-toothbrush-sensitive-teeth-daily-care-soft,https://cdn0.woolworths.media/content/wowproductimages/medium/680514.jpg,2020-09-20 19:49:44,Average product rating out of 5: 5.0. Product score is based on 8 ratings,8,,True
5a73d445-fb32-4b36-bb5e-d35c50f95b42,Woolworths Supermarket,Health & Beauty,Oral-b Essential Floss Dental Floss 50m 2 pack,580269,$5.85,$0.06 / 1M,https://www.woolworths.com.au/shop/productdetails/580269/oral-b-essential-floss-dental-floss-50m,https://cdn0.woolworths.media/content/wowproductimages/medium/580269.jpg,2020-09-20 19:49:44,Average product rating out of 5: 4.5. Product score is based on 19 ratings,19,,True
0dc0b4d3-d8cc-4f02-9a2f-9b9bf1b71611,Woolworths Supermarket,Health & Beauty,Panadol Extra With Optizorb Paracetamol Pain Relief 20 pack,770450,$7.20,$0.36 / 1EA,https://www.woolworths.com.au/shop/productdetails/770450/panadol-extra-with-optizorb-paracetamol-pain-relief,https://cdn0.woolworths.media/content/wowproductimages/medium/770450.jpg,2020-09-20 19:49:44,Average product rating out of 5: 4.4. Product score is based on 15 ratings,15,,True
1ce590fa-6c5e-41a5-a070-eccfcfc61b3f,Woolworths Supermarket,Health & Beauty,Health Basics Body Wash Dermatology Plus 1l,237850,$10.00,$1.00 / 100ML,https://www.woolworths.com.au/shop/productdetails/237850/health-basics-body-wash-dermatology-plus,https://cdn0.woolworths.media/content/wowproductimages/medium/237850.jpg,2020-09-20 19:49:44,Average product rating out of 5: 4.9. Product score is based on 35 ratings,35,,True
5e3ac9b8-8b75-4600-9ba2-52982b5e1d5e,Woolworths Supermarket,Health & Beauty,Colgate Advanced Whitening Tartar Control Toothpaste 190g,704088,$5.00,$2.63 / 100G,https://www.woolworths.com.au/shop/productdetails/704088/colgate-advanced-whitening-tartar-control-toothpaste,https://cdn0.woolworths.media/content/wowproductimages/medium/704088.jpg,2020-09-20 19:49:44,Average product rating out of 5: 4.4. Product score is based on 27 ratings,27,,True
44bfce93-c7a5-427d-b8a2-ec246966eac2,Woolworths Supermarket,Health & Beauty,Selsun Gold Anti-dandruff Medically Proven Treatment 200ml,205490,$11.00,$5.50 / 100ML,https://www.woolworths.com.au/shop/productdetails/205490/selsun-gold-anti-dandruff-medically-proven-treatment,https://cdn0.woolworths.media/content/wowproductimages/medium/205490.jpg,2020-09-20 19:49:44,Average product rating out of 5: 4.8. Product score is based on 17 ratings,17,,True
6c36d3c1-abc5-45fa-983e-16658d87a68a,Woolworths Supermarket,Health & Beauty,Bx Earth Antibacterial Handwash Desert Lime & Coconut 300ml,786895,$5.00,$1.67 / 100ML,https://www.woolworths.com.au/shop/productdetails/786895/bx-earth-antibacterial-handwash-desert-lime-coconut,https://cdn0.woolworths.media/content/wowproductimages/medium/786895.jpg,2020-09-20 19:49:44,Average product rating out of 5: 4.8. Product score is based on 16 ratings,16,,True
9e04c978-12c6-486a-b22a-293b03857402,Woolworths Supermarket,Health & Beauty,Essentials Paracetamol 500mg Tablets 20 pack,750755,$0.70,$0.04 / 1EA,https://www.woolworths.com.au/shop/productdetails/750755/essentials-paracetamol-500mg-tablets,https://cdn0.woolworths.media/content/wowproductimages/medium/750755.jpg,2020-09-20 19:49:44,Average product rating out of 5: 4.8. Product score is based on 89 ratings,89,,True
5096137c-f711-4b6e-9f16-39d540e85334,Woolworths Supermarket,Health & Beauty,Freshwater Farm Australia Hemp Seed Oil Hydrating Body Bar 200g,814413,$4.50,$2.25 / 100G,https://www.woolworths.com.au/shop/productdetails/814413/freshwater-farm-australia-hemp-seed-oil-hydrating-body-bar,https://cdn0.woolworths.media/content/wowproductimages/medium/814413.jpg,2020-09-20 19:49:44,Average product rating out of 5: 4.6. Product score is based on 10 ratings,10,,True
13e2f947-73f3-4b94-87c0-4a2daa4f32de,Woolworths Supermarket,Health & Beauty,Salvital Salts Saline 375g,030847,$5.50,$1.47 / 100G,https://www.woolworths.com.au/shop/productdetails/30847/salvital-salts-saline,https://cdn0.woolworths.media/content/wowproductimages/medium/030847.jpg,2020-09-20 19:49:44,Average product rating out of 5: 4.1. Product score is based on 12 ratings,12,,True
dcf9f4f9-8967-4aa0-b651-c4715fa17ceb,Woolworths Supermarket,Health & Beauty,Mylanta 2go Antacids Double Strength Tabs 48pk,232259,$8.20,$0.17 / 1EA,https://www.woolworths.com.au/shop/productdetails/232259/mylanta-2go-antacids-double-strength-tabs,https://cdn0.woolworths.media/content/wowproductimages/medium/232259.jpg,2020-09-20 19:49:44,Average product rating out of 5: 5.0. Product score is based on 11 ratings,11,,True
59db5ae1-634a-4435-af3e-1e8368739cb4,Woolworths Supermarket,Health & Beauty,Nurofen Cold And Flu Multi-symptom Relief Tablets 200mg Ibuprofen 12 pack,756240,$9.00,$0.75 / 1EA,https://www.woolworths.com.au/shop/productdetails/756240/nurofen-cold-and-flu-multi-symptom-relief-tablets-200mg-ibuprofen,https://cdn0.woolworths.media/content/wowproductimages/medium/756240.jpg,2020-09-20 19:49:44,,0,,True
29bb80ce-1972-4c41-b265-9342934c317c,Woolworths Supermarket,Health & Beauty,Nurofen Cold And Flu Multi-symptom Relief Tablets 200mg Ibuprofen 24 pack,756247,$13.80,$0.58 / 1EA,https://www.woolworths.com.au/shop/productdetails/756247/nurofen-cold-and-flu-multi-symptom-relief-tablets-200mg-ibuprofen,https://cdn0.woolworths.media/content/wowproductimages/medium/756247.jpg,2020-09-20 19:49:44,Average product rating out of 5: 5.0. Product score is based on 1 ratings,1,,True
4f0702d6-0f75-4e0c-acfc-0061bc439db7,Woolworths Supermarket,Health & Beauty,Strepsils Plus Anaesthetic Sore Throat Numbing Pain Relief Lozenges 36 pack,756253,$10.00,$27.78 / 100EA,https://www.woolworths.com.au/shop/productdetails/756253/strepsils-plus-anaesthetic-sore-throat-numbing-pain-relief-lozenges,https://cdn0.woolworths.media/content/wowproductimages/medium/756253.jpg,2020-09-20 19:49:44,Average product rating out of 5: 5.0. Product score is based on 2 ratings,2,,True
05f51c94-293d-45af-a3e3-d53f01cda684,Woolworths Supermarket,Health & Beauty,Schwarzkopf Silhoutte Hair Spray Lacquer 500g,756787,$9.99,$2.00 / 100G,https://www.woolworths.com.au/shop/productdetails/756787/schwarzkopf-silhoutte-hair-spray-lacquer,https://cdn0.woolworths.media/content/wowproductimages/medium/756787.jpg,2020-09-20 19:49:44,Average product rating out of 5: 4.7. Product score is based on 16 ratings,16,,True
28180204-1ace-48db-b33b-e61fa342181d,Woolworths Supermarket,Health & Beauty,Physio Logic Thermometer 5 Second each,756824,$13.99,$13.99 / 1EA,https://www.woolworths.com.au/shop/productdetails/756824/physio-logic-thermometer-5-second,https://cdn0.woolworths.media/content/wowproductimages/medium/756824.jpg,2020-09-20 19:49:44,Average product rating out of 5: 2.8. Product score is based on 4 ratings,4,,True
07f67995-69fc-41e4-b9bf-82dc57594c4f,Woolworths Supermarket,Health & Beauty,Mack's Ear Plugs Soft Foam Snore Blockers 12 pack,756905,$10.00,$0.83 / 1EA,https://www.woolworths.com.au/shop/productdetails/756905/mack-s-ear-plugs-soft-foam-snore-blockers,https://cdn0.woolworths.media/content/wowproductimages/medium/756905.jpg,2020-09-20 19:49:44,Average product rating out of 5: 5.0. Product score is based on 2 ratings,2,,True
5a698e22-93cb-491d-9645-bd077c8e7218,Woolworths Supermarket,Health & Beauty,U By Kotex Sanitary Pads Super With Wings 14pk,756990,$2.80,$0.20 / 1EA,https://www.woolworths.com.au/shop/productdetails/756990/u-by-kotex-sanitary-pads-super-with-wings,https://cdn0.woolworths.media/content/wowproductimages/medium/756990.jpg,2020-09-20 19:49:44,,0,,True
392feba4-912b-4fc7-9047-7c2f96fd98a5,Woolworths Supermarket,Health & Beauty,D3 Cohesive Bandage 9m each,757029,$10.00,$10.00 / 1EA,https://www.woolworths.com.au/shop/productdetails/757029/d3-cohesive-bandage,https://cdn0.woolworths.media/content/wowproductimages/medium/757029.jpg,2020-09-20 19:49:44,Average product rating out of 5: 5.0. Product score is based on 1 ratings,1,,True
89bf2431-0673-4bde-88b7-cf84b00bfea4,Woolworths Supermarket,Health & Beauty,Atkins Day Break Hazelnut Bar 5 pack,757183,$11.50,$6.22 / 100G,https://www.woolworths.com.au/shop/productdetails/757183/atkins-day-break-hazelnut-bar,https://cdn0.woolworths.media/content/wowproductimages/medium/757183.jpg,2020-09-20 19:49:44,Average product rating out of 5: 4.8. Product score is based on 12 ratings,12,,True
aed0c252-deab-46ea-89d6-5635e886860b,Woolworths Supermarket,Health & Beauty,Bed Head Gel After Party 100ml,757283,$22.00,$22.00 / 100ML,https://www.woolworths.com.au/shop/productdetails/757283/bed-head-gel-after-party,https://cdn0.woolworths.media/content/wowproductimages/medium/757283.jpg,2020-09-20 19:49:44,Average product rating out of 5: 4.8. Product score is based on 4 ratings,4,Was $28.50 15/05/2017,True
6b66633a-24ca-450b-a6bc-e682516ebdad,Woolworths Supermarket,Health & Beauty,Redken Conditioner Color Extend 250ml,757285,$25.00,$10.00 / 100ML,https://www.woolworths.com.au/shop/productdetails/757285/redken-conditioner-color-extend,https://cdn0.woolworths.media/content/wowproductimages/medium/757285.jpg,2020-09-20 19:49:44,Average product rating out of 5: 4.5. Product score is based on 4 ratings,4,,True
23a6a5e4-6541-4441-891f-68ec8c0ade35,Woolworths Supermarket,Health & Beauty,Bed Head Wax Leave In Ego Boost 200ml,757294,$21.00,$10.50 / 100ML,https://www.woolworths.com.au/shop/productdetails/757294/bed-head-wax-leave-in-ego-boost,https://cdn0.woolworths.media/content/wowproductimages/medium/757294.jpg,2020-09-20 19:49:44,,0,Was $24.99 15/05/2017,True
73011b62-88a8-429a-bd8d-b72421445008,Woolworths Supermarket,Health & Beauty,Bed Head Shampoo Resurrection 250ml,757326,$19.00,$7.60 / 100ML,https://www.woolworths.com.au/shop/productdetails/757326/bed-head-shampoo-resurrection,https://cdn0.woolworths.media/content/wowproductimages/medium/757326.jpg,2020-09-20 19:49:44,Average product rating out of 5: 4.7. Product score is based on 3 ratings,3,Was $25.00 15/05/2017,True
358660d2-53c6-4191-b64a-d2341f3d70a7,Woolworths Supermarket,Health & Beauty,Bed Head Conditioner Resurrection 200ml,757339,$19.00,$9.50 / 100ML,https://www.woolworths.com.au/shop/productdetails/757339/bed-head-conditioner-resurrection,https://cdn0.woolworths.media/content/wowproductimages/medium/757339.jpg,2020-09-20 19:49:44,Average product rating out of 5: 4.0. Product score is based on 1 ratings,1,Was $25.00 15/05/2017,True
93cb18da-78a6-4363-91fa-b13ee95b71ff,Woolworths Supermarket,Health & Beauty,Tigi Curlesque Spray Amplifier 150ml,757367,$24.00,$16.00 / 100ML,https://www.woolworths.com.au/shop/productdetails/757367/tigi-curlesque-spray-amplifier,https://cdn0.woolworths.media/content/wowproductimages/medium/757367.jpg,2020-09-20 19:49:44,Average product rating out of 5: 4.8. Product score is based on 5 ratings,5,Was $26.00 15/05/2017,True
5cae33ca-afbe-4b2a-a9db-57eadedaf9bc,Woolworths Supermarket,Health & Beauty,Palmolive Antibacterial Foaming Hand Wash Soap Lime Refill 500ml,757423,$5.50,$1.10 / 100ML,https://www.woolworths.com.au/shop/productdetails/757423/palmolive-antibacterial-foaming-hand-wash-soap-lime-refill,https://cdn0.woolworths.media/content/wowproductimages/medium/757423.jpg,2020-09-20 19:49:44,Average product rating out of 5: 4.6. Product score is based on 22 ratings,22,,True
be54c71c-2e27-4bc1-95dc-1e169f48960f,Woolworths Supermarket,Health & Beauty,St John First Aid Kit each,757709,$20.00,$20.00 / 1EA,https://www.woolworths.com.au/shop/productdetails/757709/st-john-first-aid-kit,https://cdn0.woolworths.media/content/wowproductimages/medium/757709.jpg,2020-09-20 19:49:44,Average product rating out of 5: 4.9. Product score is based on 8 ratings,8,,True
e97535ca-2441-453c-88e7-4d241b399a34,Woolworths Supermarket,Health & Beauty,Dove Go Fresh Body Wash Pomegranate And Lemon Verbena 1l,758150,$13.70,$1.37 / 100ML,https://www.woolworths.com.au/shop/productdetails/758150/dove-go-fresh-body-wash-pomegranate-and-lemon-verbena,https://cdn0.woolworths.media/content/wowproductimages/medium/758150.jpg,2020-09-20 19:49:44,Average product rating out of 5: 4.8. Product score is based on 9 ratings,9,,True
614e17c5-3ec2-4254-9456-abbc591cf807,Woolworths Supermarket,Health & Beauty,Radox Body Wash Energise 1l,758216,$7.00,$0.70 / 100ML,https://www.woolworths.com.au/shop/productdetails/758216/radox-body-wash-energise,https://cdn0.woolworths.media/content/wowproductimages/medium/758216.jpg,2020-09-20 19:49:44,Average product rating out of 5: 4.4. Product score is based on 10 ratings,10,Was $9.40 29/03/2016,True
353f743b-868f-45c7-999c-cfdf0120b112,Woolworths Supermarket,Health & Beauty,Dove Men Hair Shampoo Fresh Clean 2 In 1 300ml,758226,$6.50,$2.17 / 100ML,https://www.woolworths.com.au/shop/productdetails/758226/dove-men-hair-shampoo-fresh-clean-2-in-1,https://cdn0.woolworths.media/content/wowproductimages/medium/758226.jpg,2020-09-20 19:49:44,Average product rating out of 5: 4.8. Product score is based on 12 ratings,12,,True
f9caf45b-c084-4045-9769-493654c53fc4,Woolworths Supermarket,Health & Beauty,Dove Men Shampoo 2in1 Daily Deep Clean 300ml,758245,$6.50,$2.17 / 100ML,https://www.woolworths.com.au/shop/productdetails/758245/dove-men-shampoo-2in1-daily-deep-clean,https://cdn0.woolworths.media/content/wowproductimages/medium/758245.jpg,2020-09-20 19:49:44,Average product rating out of 5: 4.6. Product score is based on 5 ratings,5,,True
c5d711cc-f677-42c4-bb7e-0e9b18bcafe5,Woolworths Supermarket,Health & Beauty,Batiste Blush Dry Shampoo 400ml,759166,$16.00,$4.00 / 100ML,https://www.woolworths.com.au/shop/productdetails/759166/batiste-blush-dry-shampoo,https://cdn0.woolworths.media/content/wowproductimages/medium/759166.jpg,2020-09-20 19:49:44,Average product rating out of 5: 4.5. Product score is based on 2 ratings,2,,True
4f105561-5591-432e-885a-f77b36e66e4b,Woolworths Supermarket,Health & Beauty,Toni & Guy Shampoo For Normal Hair 250ml,759449,$16.00,$6.40 / 100ML,https://www.woolworths.com.au/shop/productdetails/759449/toni-guy-shampoo-for-normal-hair,https://cdn0.woolworths.media/content/wowproductimages/medium/759449.jpg,2020-09-20 19:49:44,Average product rating out of 5: 5.0. Product score is based on 3 ratings,3,2 for $25.00,True
32f04469-76e1-4610-bf3a-a2ed7ddd6c41,Woolworths Supermarket,Health & Beauty,Toni & Guy Conditioner For Normal Hair 250ml,759572,$16.00,$6.40 / 100ML,https://www.woolworths.com.au/shop/productdetails/759572/toni-guy-conditioner-for-normal-hair,https://cdn0.woolworths.media/content/wowproductimages/medium/759572.jpg,2020-09-20 19:49:44,Average product rating out of 5: 5.0. Product score is based on 2 ratings,2,2 for $25.00,True
c39746dc-8e05-480f-9553-d5c0ca44055b,Woolworths Supermarket,Health & Beauty,Panadol With Optizorb Paracetamol Pain Relief 20 pack,348643,$4.00,$0.20 / 1EA,https://www.woolworths.com.au/shop/productdetails/348643/panadol-with-optizorb-paracetamol-pain-relief,https://cdn0.woolworths.media/content/wowproductimages/medium/348643.jpg,2020-09-20 19:49:44,Average product rating out of 5: 4.4. Product score is based on 19 ratings,19,Was $4.20 24/07/2017,True
5a973b79-fa37-49a9-8ed9-c8c8fab6be58,Woolworths Supermarket,Health & Beauty,Colgate Advanced Whitening Tartar Control Toothpaste 190g,704088,$5.00,$2.63 / 100G,https://www.woolworths.com.au/shop/productdetails/704088/colgate-advanced-whitening-tartar-control-toothpaste,https://cdn0.woolworths.media/content/wowproductimages/medium/704088.jpg,2020-09-20 19:49:44,Average product rating out of 5: 4.4. Product score is based on 27 ratings,27,,True
52bd0f72-c832-4f3a-a669-345801459141,Woolworths Supermarket,Health & Beauty,Pantene Pro-v Daily Moisture Renewal Shampoo 900ml,842806,$11.90,$1.32 / 100ML,https://www.woolworths.com.au/shop/productdetails/842806/pantene-pro-v-daily-moisture-renewal-shampoo,https://cdn0.woolworths.media/content/wowproductimages/medium/842806.jpg,2020-09-20 19:49:44,Average product rating out of 5: 4.7. Product score is based on 13 ratings,13,,True
31fe9a87-f9d7-4282-9d86-b9a7285a48da,Woolworths Supermarket,Health & Beauty,Selsun Gold Anti-dandruff Medically Proven Treatment 200ml,205490,$11.00,$5.50 / 100ML,https://www.woolworths.com.au/shop/productdetails/205490/selsun-gold-anti-dandruff-medically-proven-treatment,https://cdn0.woolworths.media/content/wowproductimages/medium/205490.jpg,2020-09-20 19:49:44,Average product rating out of 5: 4.8. Product score is based on 17 ratings,17,,True
f3a7232c-423c-4a93-8e86-8b105e073af0,Woolworths Supermarket,Health & Beauty,Health Basics Body Wash Dermatology Plus 1l,237850,$10.00,$1.00 / 100ML,https://www.woolworths.com.au/shop/productdetails/237850/health-basics-body-wash-dermatology-plus,https://cdn0.woolworths.media/content/wowproductimages/medium/237850.jpg,2020-09-20 19:49:44,Average product rating out of 5: 4.9. Product score is based on 35 ratings,35,,True
247d2b66-7507-4152-9d26-dc1e8d14de18,Woolworths Supermarket,Health & Beauty,Sensodyne Toothbrush Sensitive Teeth Daily Care Soft 3 pack,680514,$10.50,$3.50 / 1EA,https://www.woolworths.com.au/shop/productdetails/680514/sensodyne-toothbrush-sensitive-teeth-daily-care-soft,https://cdn0.woolworths.media/content/wowproductimages/medium/680514.jpg,2020-09-20 19:49:44,Average product rating out of 5: 5.0. Product score is based on 8 ratings,8,,True
eced4826-1410-47e9-bca0-2757baccc322,Woolworths Supermarket,Health & Beauty,Brutal Truth Antiperspirant Roll On Rustic & Woody 75ml,078120,$10.00,$13.33 / 100ML,https://www.woolworths.com.au/shop/productdetails/78120/brutal-truth-antiperspirant-roll-on-rustic-woody,https://cdn0.woolworths.media/content/wowproductimages/medium/078120.jpg,2020-09-20 19:49:44,,0,,True
4c70d651-bb2d-4d4d-be24-3415007b3dc4,Woolworths Supermarket,Health & Beauty,Colgate Total Advanced Fresh Antibacterial Gel Toothpaste 200g,819776,$8.00,$4.00 / 100G,https://www.woolworths.com.au/shop/productdetails/819776/colgate-total-advanced-fresh-antibacterial-gel-toothpaste,https://cdn0.woolworths.media/content/wowproductimages/medium/819776.jpg,2020-09-20 19:49:44,,0,,True
be7ffdb8-ec16-4c37-a7a3-ffcd124fe84a,Woolworths Supermarket,Health & Beauty,Kleenex Facial Tissue Soft & Thick 95 pack,064373,$2.00,$2.11 / 100SS,https://www.woolworths.com.au/shop/productdetails/64373/kleenex-facial-tissue-soft-thick,https://cdn0.woolworths.media/content/wowproductimages/medium/064373.jpg,2020-09-20 19:49:44,,0,,True
749ff970-9da7-4d46-86dc-e2dcdde6c76c,Woolworths Supermarket,Health & Beauty,Panadol Extra With Optizorb Paracetamol Pain Relief 20 pack,770450,$7.20,$0.36 / 1EA,https://www.woolworths.com.au/shop/productdetails/770450/panadol-extra-with-optizorb-paracetamol-pain-relief,https://cdn0.woolworths.media/content/wowproductimages/medium/770450.jpg,2020-09-20 19:49:44,Average product rating out of 5: 4.4. Product score is based on 15 ratings,15,,True
ce4886ce-2ffa-4ad2-85b1-b035983ddd7d,Woolworths Supermarket,Health & Beauty,Palmolive Kids 3 In 1 Bodywash Shampoo & Conditioner Strawberry 700ml,046238,$6.50,$0.93 / 100ML,https://www.woolworths.com.au/shop/productdetails/46238/palmolive-kids-3-in-1-bodywash-shampoo-conditioner-strawberry,https://cdn0.woolworths.media/content/wowproductimages/medium/046238.jpg,2020-09-20 19:49:44,,0,Was $7.00 23/04/2018,True
a0803cae-f8ce-4565-88a7-74e1641a35ab,Woolworths Supermarket,Health & Beauty,Colgate Peppa Pig Kids Toothpaste Sparkling Mint Gel 2-5 Years 80g,248897,$2.10,$2.63 / 100G,https://www.woolworths.com.au/shop/productdetails/248897/colgate-peppa-pig-kids-toothpaste-sparkling-mint-gel-2-5-years,https://cdn0.woolworths.media/content/wowproductimages/medium/248897.jpg,2020-09-20 19:49:44,Average product rating out of 5: 4.4. Product score is based on 51 ratings,51,,True
24202c9a-62aa-4a60-bcb6-666a9147ee86,Woolworths Supermarket,Health & Beauty,Oral-b Essential Floss Dental Floss 50m 2 pack,580269,$5.85,$0.06 / 1M,https://www.woolworths.com.au/shop/productdetails/580269/oral-b-essential-floss-dental-floss-50m,https://cdn0.woolworths.media/content/wowproductimages/medium/580269.jpg,2020-09-20 19:49:44,Average product rating out of 5: 4.5. Product score is based on 19 ratings,19,,True
d6a197b3-f49e-400c-81f3-8a47b0bda8f6,Woolworths Supermarket,Health & Beauty,Essentials Paracetamol 500mg Tablets 20 pack,750755,$0.70,$0.04 / 1EA,https://www.woolworths.com.au/shop/productdetails/750755/essentials-paracetamol-500mg-tablets,https://cdn0.woolworths.media/content/wowproductimages/medium/750755.jpg,2020-09-20 19:49:44,Average product rating out of 5: 4.8. Product score is based on 89 ratings,89,,True
d4bdaa53-72e4-420d-8a01-7671e916be55,Woolworths Supermarket,Health & Beauty,Bx Earth Antibacterial Handwash Desert Lime & Coconut 300ml,786895,$5.00,$1.67 / 100ML,https://www.woolworths.com.au/shop/productdetails/786895/bx-earth-antibacterial-handwash-desert-lime-coconut,https://cdn0.woolworths.media/content/wowproductimages/medium/786895.jpg,2020-09-20 19:49:44,Average product rating out of 5: 4.8. Product score is based on 16 ratings,16,,True
dc6f0944-4b22-44f1-8abe-a6aa3b74b96e,Woolworths Supermarket,Health & Beauty,Freshwater Farm Australia Hemp Seed Oil Hydrating Body Bar 200g,814413,$4.50,$2.25 / 100G,https://www.woolworths.com.au/shop/productdetails/814413/freshwater-farm-australia-hemp-seed-oil-hydrating-body-bar,https://cdn0.woolworths.media/content/wowproductimages/medium/814413.jpg,2020-09-20 19:49:44,Average product rating out of 5: 4.6. Product score is based on 10 ratings,10,,True
a8bcea6f-bdf8-48d5-9c70-42d59dd9f387,Woolworths Supermarket,Health & Beauty,Kleenex Facial Tissues 200 pack,063899,$2.00,$1.00 / 100SS,https://www.woolworths.com.au/shop/productdetails/63899/kleenex-facial-tissues,https://cdn0.woolworths.media/content/wowproductimages/medium/063899.jpg,2020-09-20 19:49:44,,0,Was $2.20 26/02/2020,True
6bd20b5c-4187-468d-93f3-2306ca28b875,Woolworths Supermarket,Health & Beauty,Impulse Maddie Ziegler Body Mist Tropical Beach & Espresso 100ml,080014,$9.00,$9.00 / 100ML,https://www.woolworths.com.au/shop/productdetails/80014/impulse-maddie-ziegler-body-mist-tropical-beach-espresso,https://cdn0.woolworths.media/content/wowproductimages/medium/080014.jpg,2020-09-20 19:49:44,,0,,True
c5afe6f2-abc8-488f-ab1d-76e2556d1bf8,Woolworths Supermarket,Health & Beauty,Salvital Salts Saline 375g,030847,$5.50,$1.47 / 100G,https://www.woolworths.com.au/shop/productdetails/30847/salvital-salts-saline,https://cdn0.woolworths.media/content/wowproductimages/medium/030847.jpg,2020-09-20 19:49:44,Average product rating out of 5: 4.1. Product score is based on 12 ratings,12,,True
efacaffe-1e4a-44d0-95b8-e2f1344a47eb,Woolworths Supermarket,Health & Beauty,Mylanta 2go Antacids Double Strength Tabs 48pk,232259,$8.20,$0.17 / 1EA,https://www.woolworths.com.au/shop/productdetails/232259/mylanta-2go-antacids-double-strength-tabs,https://cdn0.woolworths.media/content/wowproductimages/medium/232259.jpg,2020-09-20 19:49:44,Average product rating out of 5: 5.0. Product score is based on 11 ratings,11,,True
663619dd-0ac2-4b47-a4db-77a65c1c3f14,Woolworths Supermarket,Health & Beauty,Organic Care Dry Conditioner 725ml,759605,$3.00,$0.41 / 100ML,https://www.woolworths.com.au/shop/productdetails/759605/organic-care-dry-conditioner,https://cdn0.woolworths.media/content/wowproductimages/medium/759605.jpg,2020-09-20 19:49:44,Average product rating out of 5: 5.0. Product score is based on 14 ratings,14,,True
64d0204f-8455-422a-8228-0849a8589180,Woolworths Supermarket,Health & Beauty,Organic Care Shampoo Normal 725ml,759611,$3.00,$0.41 / 100ML,https://www.woolworths.com.au/shop/productdetails/759611/organic-care-shampoo-normal,https://cdn0.woolworths.media/content/wowproductimages/medium/759611.jpg,2020-09-20 19:49:44,,0,,True
d0cdd549-f889-475e-97f2-e515acebf241,Woolworths Supermarket,Health & Beauty,Batiste Medium & Brunette Dry Shampoo 200ml,760873,$6.50,$3.25 / 100ML,https://www.woolworths.com.au/shop/productdetails/760873/batiste-medium-brunette-dry-shampoo,https://cdn0.woolworths.media/content/wowproductimages/medium/760873.jpg,2020-09-20 19:49:44,Average product rating out of 5: 4.5. Product score is based on 2 ratings,2,,True
775aaf42-9ebf-4c7a-88ff-bee49458fc57,Woolworths Supermarket,Health & Beauty,Original Source Body Wash Vanilla Milk Raspberry 250ml,760929,$2.00,$0.80 / 100ML,https://www.woolworths.com.au/shop/productdetails/760929/original-source-body-wash-vanilla-milk-raspberry,https://cdn0.woolworths.media/content/wowproductimages/medium/760929.jpg,2020-09-20 19:49:44,Average product rating out of 5: 4.8. Product score is based on 34 ratings,34,,True
e8aa7dfb-bdb6-40ac-bad9-784bf617f217,Woolworths Supermarket,Health & Beauty,Eylure Eyelashes Naturalites Lash 140 Intense each,761427,$12.99,$12.99 / 1EA,https://www.woolworths.com.au/shop/productdetails/761427/eylure-eyelashes-naturalites-lash-140-intense,https://cdn0.woolworths.media/content/wowproductimages/medium/761427.jpg,2020-09-20 19:49:44,,0,,True
9b019605-d088-4967-ba19-7d2c2068e66a,Woolworths Supermarket,Health & Beauty,Rimmel Mascara Lash Accelerator Endless Black each,762184,$18.00,$18.00 / 10ML,https://www.woolworths.com.au/shop/productdetails/762184/rimmel-mascara-lash-accelerator-endless-black,https://cdn0.woolworths.media/content/wowproductimages/medium/762184.jpg,2020-09-20 19:49:44,Average product rating out of 5: 4.0. Product score is based on 1 ratings,1,,True
5dd9f55f-2fe7-48b1-aa00-a980b9c99ee6,Woolworths Supermarket,Health & Beauty,Mcobeauty Fatlash Mascara Black 11ml,762192,$11.90,$10.82 / 10ML,https://www.woolworths.com.au/shop/productdetails/762192/mcobeauty-fatlash-mascara-black,https://cdn0.woolworths.media/content/wowproductimages/medium/762192.jpg,2020-09-20 19:49:44,Average product rating out of 5: 4.3. Product score is based on 4 ratings,4,,True
7b3cb4b4-52a2-407e-87a3-634a63c279f5,Woolworths Supermarket,Health & Beauty,Woolworths Select Razor Womens Fleur Razor Plus 2 Cart each,762980,$6.50,$6.50 / 1EA,https://www.woolworths.com.au/shop/productdetails/762980/woolworths-select-razor-womens-fleur-razor-plus-2-cart,https://cdn0.woolworths.media/content/wowproductimages/medium/762980.jpg,2020-09-20 19:49:44,Average product rating out of 5: 3.5. Product score is based on 4 ratings,4,,True
03c22709-4d1f-4ca7-8d5d-40012786900e,Woolworths Supermarket,Health & Beauty,Woolworths Select Razor Fleur Refill 4 pack,762991,$6.00,$1.50 / 1EA,https://www.woolworths.com.au/shop/productdetails/762991/woolworths-select-razor-fleur-refill,https://cdn0.woolworths.media/content/wowproductimages/medium/762991.jpg,2020-09-20 19:49:44,Average product rating out of 5: 4.6. Product score is based on 10 ratings,10,,True
2e76f1a9-79ef-47b9-8073-696230bd2f0c,Woolworths Supermarket,Health & Beauty,Rimmel Powder Match Perfection each,763009,$16.00,$16.00 / 10G,https://www.woolworths.com.au/shop/productdetails/763009/rimmel-powder-match-perfection,https://cdn0.woolworths.media/content/wowproductimages/medium/763009.jpg,2020-09-20 19:49:44,Average product rating out of 5: 5.0. Product score is based on 1 ratings,1,,True
6e021cf1-903c-4371-a17a-15434c4eaaed,Woolworths Supermarket,Health & Beauty,Urbane Mess Gritty Soap 200g,763032,$5.50,$2.75 / 100G,https://www.woolworths.com.au/shop/productdetails/763032/urbane-mess-gritty-soap,https://cdn0.woolworths.media/content/wowproductimages/medium/763032.jpg,2020-09-20 19:49:44,Average product rating out of 5: 4.0. Product score is based on 3 ratings,3,,True
b5207f0a-d6b1-483e-bdf9-205464cca632,Woolworths Supermarket,Health & Beauty,Urbane Mess 6 In 1 Trimmer each,763228,$25.00,$25.00 / 1EA,https://www.woolworths.com.au/shop/productdetails/763228/urbane-mess-6-in-1-trimmer,https://cdn0.woolworths.media/content/wowproductimages/medium/763228.jpg,2020-09-20 19:49:44,Average product rating out of 5: 3.3. Product score is based on 3 ratings,3,,True
518b05bc-3aa6-4dbf-b16a-4a5e89dd7f88,Woolworths Supermarket,Health & Beauty,Banana Boat Kids Sunscreen Spf 50+ 400g,763646,$21.00,$5.25 / 100G,https://www.woolworths.com.au/shop/productdetails/763646/banana-boat-kids-sunscreen-spf-50-,https://cdn0.woolworths.media/content/wowproductimages/medium/763646.jpg,2020-09-20 19:49:44,Average product rating out of 5: 5.0. Product score is based on 9 ratings,9,,True
64302590-2349-4128-bdb5-58f374a30c5c,Woolworths Supermarket,Health & Beauty,Le Tan Self Tan Application Mit each,763652,$7.00,,https://www.woolworths.com.au/shop/productdetails/763652/le-tan-self-tan-application-mit,https://cdn0.woolworths.media/content/wowproductimages/medium/763652.jpg,2020-09-20 19:49:44,Average product rating out of 5: 5.0. Product score is based on 1 ratings,1,,True
4b358ec7-b1f7-4272-af6c-f6fae3dd8e10,Woolworths Supermarket,Health & Beauty,Banana Boat Spf 50+ Sunscreen Sensitive 200g,763677,$16.50,$8.25 / 100G,https://www.woolworths.com.au/shop/productdetails/763677/banana-boat-spf-50-sunscreen-sensitive,https://cdn0.woolworths.media/content/wowproductimages/medium/763677.jpg,2020-09-20 19:49:44,Average product rating out of 5: 4.8. Product score is based on 5 ratings,5,,True
af28af56-9ad6-4df0-9c30-d4e2ecfdfd22,Woolworths Supermarket,Health & Beauty,Banana Boat Ultra Clear Spf 50+ Sunscreen Spray 175g,763695,$18.00,$10.29 / 100G,https://www.woolworths.com.au/shop/productdetails/763695/banana-boat-ultra-clear-spf-50-sunscreen-spray,https://cdn0.woolworths.media/content/wowproductimages/medium/763695.jpg,2020-09-20 19:49:44,Average product rating out of 5: 4.7. Product score is based on 7 ratings,7,,True
2d1c19bb-7b81-4b97-9173-ebb9ddee217e,Woolworths Supermarket,Health & Beauty,Banana Boat Baby Sunscreen Roll On Spf 50+ 75ml,763696,$11.00,$14.67 / 100ML,https://www.woolworths.com.au/shop/productdetails/763696/banana-boat-baby-sunscreen-roll-on-spf-50-,https://cdn0.woolworths.media/content/wowproductimages/medium/763696.jpg,2020-09-20 19:49:44,Average product rating out of 5: 4.7. Product score is based on 9 ratings,9,,True
02a277d7-68aa-40e3-a3c8-8c5fd54b41df,Woolworths Supermarket,Health & Beauty,Lynx Laidback Body Wash Australia 400ml,763699,$4.00,$1.00 / 100ML,https://www.woolworths.com.au/shop/productdetails/763699/lynx-laidback-body-wash-australia,https://cdn0.woolworths.media/content/wowproductimages/medium/763699.jpg,2020-09-20 19:49:44,Average product rating out of 5: 4.2. Product score is based on 11 ratings,11,,True
96c43887-ebf1-4061-8c28-01a0b4938f4a,Woolworths Supermarket,Health & Beauty,Panadol Mini Caps For Pain Relief Paracetamol 500mg 20 pack,764028,$4.20,$0.21 / 1EA,https://www.woolworths.com.au/shop/productdetails/764028/panadol-mini-caps-for-pain-relief-paracetamol-500mg,https://cdn0.woolworths.media/content/wowproductimages/medium/764028.jpg,2020-09-20 19:49:44,Average product rating out of 5: 4.4. Product score is based on 37 ratings,37,,True
387e3ea9-937e-48fe-8bd0-09fb96eb7f43,Woolworths Supermarket,Health & Beauty,Nicaway Mint Gum 2mg 96 pack,764208,$20.00,$0.21 / 1EA,https://www.woolworths.com.au/shop/productdetails/764208/nicaway-mint-gum-2mg,https://cdn0.woolworths.media/content/wowproductimages/medium/764208.jpg,2020-09-20 19:49:44,,0,,True
6484bb28-fcc9-4eed-802e-a5b0024a2199,Woolworths Supermarket,Health & Beauty,Nicaway Mint Gum 4mg 96 pack,764209,$20.00,$0.21 / 1EA,https://www.woolworths.com.au/shop/productdetails/764209/nicaway-mint-gum-4mg,https://cdn0.woolworths.media/content/wowproductimages/medium/764209.jpg,2020-09-20 19:49:44,Average product rating out of 5: 5.0. Product score is based on 1 ratings,1,,True
22ae27e5-6974-488a-b89c-25063c9fc978,Woolworths Supermarket,Health & Beauty,Nivea In-shower Rich Body Lotion Moisturiser + Almond Oil 400ml,764318,$8.00,$2.00 / 100ML,https://www.woolworths.com.au/shop/productdetails/764318/nivea-in-shower-rich-body-lotion-moisturiser-almond-oil,https://cdn0.woolworths.media/content/wowproductimages/medium/764318.jpg,2020-09-20 19:49:44,Average product rating out of 5: 4.5. Product score is based on 15 ratings,15,,True
d0b73cd3-1829-4174-83ee-ff4474ce11e8,Woolworths Supermarket,Health & Beauty,Nivea Sun Kids Spf 50+ Sunscreen Roll On 65ml,764346,$11.50,$17.69 / 100ML,https://www.woolworths.com.au/shop/productdetails/764346/nivea-sun-kids-spf-50-sunscreen-roll-on,https://cdn0.woolworths.media/content/wowproductimages/medium/764346.jpg,2020-09-20 19:49:44,Average product rating out of 5: 4.8. Product score is based on 15 ratings,15,,True
8478adcc-4444-4d78-a098-98acf49e8a0e,Woolworths Supermarket,Health & Beauty,L'oreal Paris Face Cream Cell Renewal Night Cream 30ml,764348,$22.50,$45.00 / 100ML,https://www.woolworths.com.au/shop/productdetails/764348/l-oreal-paris-face-cream-cell-renewal-night-cream,https://cdn0.woolworths.media/content/wowproductimages/medium/764348.jpg,2020-09-20 19:49:44,Average product rating out of 5: 4.7. Product score is based on 3 ratings,3,,True
88843909-63f0-411e-b203-7966cc6ef44d,Woolworths Supermarket,Health & Beauty,L'oreal Paris Face Cream Cell Renewal Day Cream 50ml,764395,$22.50,$45.00 / 100ML,https://www.woolworths.com.au/shop/productdetails/764395/l-oreal-paris-face-cream-cell-renewal-day-cream,https://cdn0.woolworths.media/content/wowproductimages/medium/764395.jpg,2020-09-20 19:49:44,Average product rating out of 5: 3.7. Product score is based on 3 ratings,3,,True
e3b1f226-5cb8-4a95-b6d2-64197963ba40,Woolworths Supermarket,Health & Beauty,Gillette Venus Comfortglide With Olay Sugarberry Blades 3 pack,764645,$20.00,$6.67 / 1EA,https://www.woolworths.com.au/shop/productdetails/764645/gillette-venus-comfortglide-with-olay-sugarberry-blades,https://cdn0.woolworths.media/content/wowproductimages/medium/764645.jpg,2020-09-20 19:49:44,Average product rating out of 5: 4.7. Product score is based on 3 ratings,3,,True
65ba5799-1828-489d-b14d-69b2f9c7f0fe,Woolworths Supermarket,Health & Beauty,Old Spice Deodorant Roll On Swagger 73g,764695,$5.50,$7.53 / 100G,https://www.woolworths.com.au/shop/productdetails/764695/old-spice-deodorant-roll-on-swagger,https://cdn0.woolworths.media/content/wowproductimages/medium/764695.jpg,2020-09-20 19:49:44,Average product rating out of 5: 5.0. Product score is based on 1 ratings,1,,True
7faf79f6-9489-426f-b2a6-fc38a3f47706,Woolworths Supermarket,Health & Beauty,Old Spice Body Wash Swagger 473ml,764774,$7.49,$1.58 / 100ML,https://www.woolworths.com.au/shop/productdetails/764774/old-spice-body-wash-swagger,https://cdn0.woolworths.media/content/wowproductimages/medium/764774.jpg,2020-09-20 19:49:44,Average product rating out of 5: 4.5. Product score is based on 2 ratings,2,,True
a4713d4c-cf83-4100-a286-358e9973a5b2,Woolworths Supermarket,Health & Beauty,Neutrogena Beach Defence Sunscreen Water + Sun Barrier Lotion Spf 50 198ml,765187,$10.60,$5.35 / 100ML,https://www.woolworths.com.au/shop/productdetails/765187/neutrogena-beach-defence-sunscreen-water-sun-barrier-lotion-spf-50,https://cdn0.woolworths.media/content/wowproductimages/medium/765187.jpg,2020-09-20 19:49:44,Average product rating out of 5: 4.6. Product score is based on 7 ratings,7,,True
8ed3bf31-f050-4d1c-b7d5-eb2af41a4425,Woolworths Supermarket,Health & Beauty,Neutrogena Beach Defence Sunscreen Spray Spf 50 184g,765233,$10.60,$5.76 / 100G,https://www.woolworths.com.au/shop/productdetails/765233/neutrogena-beach-defence-sunscreen-spray-spf-50,https://cdn0.woolworths.media/content/wowproductimages/medium/765233.jpg,2020-09-20 19:49:44,Average product rating out of 5: 4.8. Product score is based on 9 ratings,9,,True
ac0f1624-2611-4d89-9ef7-eb9d2caf6f5e,Woolworths Supermarket,Health & Beauty,Cancer Council Spf 50+ Sunscreen Ultra 75ml,765320,$8.30,$11.07 / 100ML,https://www.woolworths.com.au/shop/productdetails/765320/cancer-council-spf-50-sunscreen-ultra,https://cdn0.woolworths.media/content/wowproductimages/medium/765320.jpg,2020-09-20 19:49:44,Average product rating out of 5: 5.0. Product score is based on 3 ratings,3,,True
cd52c2bc-4c78-4f7a-a14d-880b9073aae8,Woolworths Supermarket,Health & Beauty,Cancer Council Spf 50+ Sunscreen Sport 500ml,765364,$21.60,$4.32 / 100ML,https://www.woolworths.com.au/shop/productdetails/765364/cancer-council-spf-50-sunscreen-sport,https://cdn0.woolworths.media/content/wowproductimages/medium/765364.jpg,2020-09-20 19:49:44,Average product rating out of 5: 5.0. Product score is based on 2 ratings,2,,True
5f6e7f04-22e6-470f-9f34-61a120a60a75,Woolworths Supermarket,Health & Beauty,Veet Easy Gel Legs Wax Strips Sensitive Skin 40 pack,765545,$15.00,$0.38 / 1EA,https://www.woolworths.com.au/shop/productdetails/765545/veet-easy-gel-legs-wax-strips-sensitive-skin,https://cdn0.woolworths.media/content/wowproductimages/medium/765545.jpg,2020-09-20 19:49:44,,0,,True
d95bda2b-8c23-4b54-a587-ef29c02fbcd3,Woolworths Supermarket,Health & Beauty,Schick Razor Intuition Pure Nourish Kit each,765572,$12.80,$12.80 / 1EA,https://www.woolworths.com.au/shop/productdetails/765572/schick-razor-intuition-pure-nourish-kit,https://cdn0.woolworths.media/content/wowproductimages/medium/765572.jpg,2020-09-20 19:49:44,Average product rating out of 5: 4.1. Product score is based on 7 ratings,7,,True
cee613c6-89b7-4a69-ab7c-119d5a530c65,Woolworths Supermarket,Health & Beauty,Neutrogena Spf 50+ Sunscreen Ultra Sheer Lotion 85ml,765738,$9.00,$10.59 / 100ML,https://www.woolworths.com.au/shop/productdetails/765738/neutrogena-spf-50-sunscreen-ultra-sheer-lotion,https://cdn0.woolworths.media/content/wowproductimages/medium/765738.jpg,2020-09-20 19:49:44,Average product rating out of 5: 5.0. Product score is based on 4 ratings,4,,True
12d87265-d8e7-40ba-8ea5-f4852c4ce898,Woolworths Supermarket,Health & Beauty,Bulldog Face Care Sensitive Moisturiser 100ml,765739,$12.50,$12.50 / 100ML,https://www.woolworths.com.au/shop/productdetails/765739/bulldog-face-care-sensitive-moisturiser,https://cdn0.woolworths.media/content/wowproductimages/medium/765739.jpg,2020-09-20 19:49:44,Average product rating out of 5: 5.0. Product score is based on 4 ratings,4,,True
622ab05c-98a3-40ac-98f9-32ba3cd9ae9c,Woolworths Supermarket,Health & Beauty,Urbane Mess Grooming Wax 85g,765905,$8.00,$9.41 / 100G,https://www.woolworths.com.au/shop/productdetails/765905/urbane-mess-grooming-wax,https://cdn0.woolworths.media/content/wowproductimages/medium/765905.jpg,2020-09-20 19:49:44,Average product rating out of 5: 3.0. Product score is based on 2 ratings,2,,True
ffd2e8f4-1128-4ee3-bb64-2c35f7b91273,Woolworths Supermarket,Health & Beauty,Urbane Mess Hair Pliable Putty 85g,765953,$8.00,$9.41 / 100G,https://www.woolworths.com.au/shop/productdetails/765953/urbane-mess-hair-pliable-putty,https://cdn0.woolworths.media/content/wowproductimages/medium/765953.jpg,2020-09-20 19:49:44,Average product rating out of 5: 5.0. Product score is based on 1 ratings,1,,True
93a934c9-4381-46d7-b71a-8223fa2f8ac1,Woolworths Supermarket,Health & Beauty,Urbane Mess Wax Pomade 85g,765954,$8.00,$9.41 / 100G,https://www.woolworths.com.au/shop/productdetails/765954/urbane-mess-wax-pomade,https://cdn0.woolworths.media/content/wowproductimages/medium/765954.jpg,2020-09-20 19:49:44,Average product rating out of 5: 5.0. Product score is based on 3 ratings,3,,True
0c7a255c-2fa5-4af5-a052-b6ca00a2fcc5,Woolworths Supermarket,Health & Beauty,Urbane Mess Defining Paste 85g,765997,$8.00,$9.41 / 100G,https://www.woolworths.com.au/shop/productdetails/765997/urbane-mess-defining-paste,https://cdn0.woolworths.media/content/wowproductimages/medium/765997.jpg,2020-09-20 19:49:44,,0,,True
3c876f3c-5431-4cf0-857f-cbec4ae26f41,Woolworths Supermarket,Health & Beauty,Urbane Mess Hair Styling Fibre 85g,766002,$8.00,$9.41 / 100G,https://www.woolworths.com.au/shop/productdetails/766002/urbane-mess-hair-styling-fibre,https://cdn0.woolworths.media/content/wowproductimages/medium/766002.jpg,2020-09-20 19:49:44,Average product rating out of 5: 5.0. Product score is based on 1 ratings,1,,True
353bcbe7-da1d-4bdb-8feb-d61f47ea5cc4,Woolworths Supermarket,Health & Beauty,Lucas' Papaw Lip Balm Applicator 15g,766143,$5.25,$3.50 / 10G,https://www.woolworths.com.au/shop/productdetails/766143/lucas-papaw-lip-balm-applicator,https://cdn0.woolworths.media/content/wowproductimages/medium/766143.jpg,2020-09-20 19:49:44,Average product rating out of 5: 5.0. Product score is based on 6 ratings,6,,True
96d02eb0-b66c-4149-8b71-dd5e77d2f932,Woolworths Supermarket,Health & Beauty,Earthwise Baby Shampoo With Goats Milk 275ml,766316,$8.00,$2.91 / 100ML,https://www.woolworths.com.au/shop/productdetails/766316/earthwise-baby-shampoo-with-goats-milk,https://cdn0.woolworths.media/content/wowproductimages/medium/766316.jpg,2020-09-20 19:49:44,,0,,True
26de5501-90eb-40d8-8c35-1021d99bd95d,Woolworths Supermarket,Health & Beauty,Lifestyles Luxe Lubricants 100ml,769158,$10.00,$10.00 / 100ML,https://www.woolworths.com.au/shop/productdetails/769158/lifestyles-luxe-lubricants,https://cdn0.woolworths.media/content/wowproductimages/medium/769158.jpg,2020-09-20 19:49:44,Average product rating out of 5: 4.0. Product score is based on 2 ratings,2,,True
51756c0a-8959-4371-adcd-8a0937d675b6,Woolworths Supermarket,Health & Beauty,Schwarzkopf Live Colour Ultra Brights Shocking Pink each,769181,$5.50,,https://www.woolworths.com.au/shop/productdetails/769181/schwarzkopf-live-colour-ultra-brights-shocking-pink,https://cdn0.woolworths.media/content/wowproductimages/medium/769181.jpg,2020-09-20 19:49:44,Average product rating out of 5: 5.0. Product score is based on 3 ratings,3,,True
07e33049-6793-45ed-85a8-beb53e8f3dc1,Woolworths Supermarket,Health & Beauty,L'oreal Paris Preference Deep Purple Pearl P38 each,769354,$9.50,,https://www.woolworths.com.au/shop/productdetails/769354/l-oreal-paris-preference-deep-purple-pearl-p38,https://cdn0.woolworths.media/content/wowproductimages/medium/769354.jpg,2020-09-20 19:49:44,Average product rating out of 5: 4.3. Product score is based on 3 ratings,3,,True
02288a86-aae5-46b9-aa04-860dde9c2396,Woolworths Supermarket,Health & Beauty,Sensodyne Toothpaste Sensitive Teeth Pain Complete Care 100g,769484,$11.00,$11.00 / 100G,https://www.woolworths.com.au/shop/productdetails/769484/sensodyne-toothpaste-sensitive-teeth-pain-complete-care,https://cdn0.woolworths.media/content/wowproductimages/medium/769484.jpg,2020-09-20 19:49:44,Average product rating out of 5: 3.9. Product score is based on 11 ratings,11,,True
200d6fe1-c153-4498-8d1f-249ef7e7227a,Woolworths Supermarket,Health & Beauty,Colgate Zigzag Deep Interdental Clean Toothbrush Soft 6 pack,769604,$10.00,$1.67 / 1EA,https://www.woolworths.com.au/shop/productdetails/769604/colgate-zigzag-deep-interdental-clean-toothbrush-soft,https://cdn0.woolworths.media/content/wowproductimages/medium/769604.jpg,2020-09-20 19:49:44,Average product rating out of 5: 3.8. Product score is based on 6 ratings,6,Was $10.99 27/04/2016,True
b1543788-09be-4ecc-9cfb-136d013d31a0,Woolworths Supermarket,Health & Beauty,Rescue Remedy Liquid Drops 10ml,769653,$20.00,$200.00 / 100ML,https://www.woolworths.com.au/shop/productdetails/769653/rescue-remedy-liquid-drops,https://cdn0.woolworths.media/content/wowproductimages/medium/769653.jpg,2020-09-20 19:49:44,Average product rating out of 5: 4.5. Product score is based on 2 ratings,2,,True
94d0d363-8a3f-40ed-91c1-d26866e6874a,Woolworths Supermarket,Health & Beauty,Rescue Remedy Natural Stress Relief Sugar & Alcohol Free Pastilles 50g,769654,$13.00,$26.00 / 100G,https://www.woolworths.com.au/shop/productdetails/769654/rescue-remedy-natural-stress-relief-sugar-alcohol-free-pastilles,https://cdn0.woolworths.media/content/wowproductimages/medium/769654.jpg,2020-09-20 19:49:44,Average product rating out of 5: 5.0. Product score is based on 1 ratings,1,,True
50804dbd-6b68-49ed-95b0-f974b6e7121c,Woolworths Supermarket,Health & Beauty,Bach Remedy Liquid Spray 20ml,769724,$28.50,$142.50 / 100ML,https://www.woolworths.com.au/shop/productdetails/769724/bach-remedy-liquid-spray,https://cdn0.woolworths.media/content/wowproductimages/medium/769724.jpg,2020-09-20 19:49:44,Average product rating out of 5: 4.5. Product score is based on 2 ratings,2,,True
2ffc3dbc-1f4a-43d0-a4cf-be942b8222df,Woolworths Supermarket,Health & Beauty,Rescue Remedy Sleep Liquid Spray 20ml,769741,$28.50,$142.50 / 100ML,https://www.woolworths.com.au/shop/productdetails/769741/rescue-remedy-sleep-liquid-spray,https://cdn0.woolworths.media/content/wowproductimages/medium/769741.jpg,2020-09-20 19:49:44,Average product rating out of 5: 5.0. Product score is based on 2 ratings,2,,True
ae044750-5b3a-4b8c-944a-5d71e78db536,Woolworths Supermarket,Health & Beauty,Bach Remedy Stress Relief Pastill Blackcurrant 50g,769751,$13.00,$26.00 / 100G,https://www.woolworths.com.au/shop/productdetails/769751/bach-remedy-stress-relief-pastill-blackcurrant,https://cdn0.woolworths.media/content/wowproductimages/medium/769751.jpg,2020-09-20 19:49:44,Average product rating out of 5: 5.0. Product score is based on 4 ratings,4,,True
107a5194-c69c-48c6-b1d4-cb285cf328f3,Woolworths Supermarket,Health & Beauty,Cetaphil Body Moisturiser Lotion 500ml,770207,$16.50,$3.30 / 100ML,https://www.woolworths.com.au/shop/productdetails/770207/cetaphil-body-moisturiser-lotion,https://cdn0.woolworths.media/content/wowproductimages/medium/770207.jpg,2020-09-20 19:49:44,Average product rating out of 5: 4.5. Product score is based on 11 ratings,11,,True
1d20f76c-f40e-4b50-938b-a17a5347ce9d,Woolworths Supermarket,Health & Beauty,Panadol Extra With Optizorb Paracetamol Pain Relief 20 pack,770450,$7.20,$0.36 / 1EA,https://www.woolworths.com.au/shop/productdetails/770450/panadol-extra-with-optizorb-paracetamol-pain-relief,https://cdn0.woolworths.media/content/wowproductimages/medium/770450.jpg,2020-09-20 19:49:44,Average product rating out of 5: 4.4. Product score is based on 15 ratings,15,,True
2f8a31f0-bbb3-4ab0-837f-25beece04b9f,Woolworths Supermarket,Health & Beauty,Dermaveen Body Wash Soap Free 500ml,771315,$14.00,$2.80 / 100ML,https://www.woolworths.com.au/shop/productdetails/771315/dermaveen-body-wash-soap-free,https://cdn0.woolworths.media/content/wowproductimages/medium/771315.jpg,2020-09-20 19:49:44,Average product rating out of 5: 4.9. Product score is based on 25 ratings,25,Was $16.99 24/04/2017,True
1f8a5d60-79c5-4e91-89b5-d07abcf92a82,Woolworths Supermarket,Health & Beauty,Dermaveen Body Moisturiser Lotion 500ml,771317,$14.00,$2.80 / 100ML,https://www.woolworths.com.au/shop/productdetails/771317/dermaveen-body-moisturiser-lotion,https://cdn0.woolworths.media/content/wowproductimages/medium/771317.jpg,2020-09-20 19:49:44,Average product rating out of 5: 4.9. Product score is based on 8 ratings,8,Was $16.99 24/04/2017,True
04994d00-84d3-472c-b624-3d42d4efa881,Woolworths Supermarket,Health & Beauty,Swisse Children's Ultivite Multivitamin Tablets 120pk,771350,$25.00,$20.83 / 100EA,https://www.woolworths.com.au/shop/productdetails/771350/swisse-children-s-ultivite-multivitamin-tablets,https://cdn0.woolworths.media/content/wowproductimages/medium/771350.jpg,2020-09-20 19:49:44,Average product rating out of 5: 4.0. Product score is based on 4 ratings,4,,True
d026d979-8897-4edb-8d00-9d203ce12696,Woolworths Supermarket,Health & Beauty,Dermaveen Body Wash Shower And Bath Oil 500ml,771393,$14.00,$2.80 / 100ML,https://www.woolworths.com.au/shop/productdetails/771393/dermaveen-body-wash-shower-and-bath-oil,https://cdn0.woolworths.media/content/wowproductimages/medium/771393.jpg,2020-09-20 19:49:44,Average product rating out of 5: 4.8. Product score is based on 12 ratings,12,Was $16.99 24/04/2017,True
7e35853b-bf4a-44b9-96f5-bc42711464d8,Woolworths Supermarket,Health & Beauty,Thursday Plantation Tea Tree Antiseptic Spray 100ml,771667,$9.20,$9.20 / 100ML,https://www.woolworths.com.au/shop/productdetails/771667/thursday-plantation-tea-tree-antiseptic-spray,https://cdn0.woolworths.media/content/wowproductimages/medium/771667.jpg,2020-09-20 19:49:44,Average product rating out of 5: 4.6. Product score is based on 7 ratings,7,,True
b429570b-2c95-477d-9781-7b299f937b97,Woolworths Supermarket,Health & Beauty,Blackmores Vit B12 Tablets 75pk,771709,$10.00,"$1,000.00 / 100EA",https://www.woolworths.com.au/shop/productdetails/771709/blackmores-vit-b12-tablets,https://cdn0.woolworths.media/content/wowproductimages/medium/771709.jpg,2020-09-20 19:49:44,Average product rating out of 5: 5.0. Product score is based on 2 ratings,2,,True
7f82710b-d42d-4bb2-91cd-e50349a247b1,Woolworths Supermarket,Health & Beauty,Thursday Plantation Antiseptic Cream Antiseptic Cream 100g,771724,$9.00,$9.00 / 100G,https://www.woolworths.com.au/shop/productdetails/771724/thursday-plantation-antiseptic-cream-antiseptic-cream,https://cdn0.woolworths.media/content/wowproductimages/medium/771724.jpg,2020-09-20 19:49:44,Average product rating out of 5: 5.0. Product score is based on 1 ratings,1,,True
4b79b8e4-3882-4cb4-b8a3-1419023d0554,Woolworths Supermarket,Health & Beauty,"Bounce Natural Energy Ball Cacao, Mint & Protein Ball 42g",771791,$3.00,$7.14 / 100G,https://www.woolworths.com.au/shop/productdetails/771791/bounce-natural-energy-ball-cacao-mint-protein-ball,https://cdn0.woolworths.media/content/wowproductimages/medium/771791.jpg,2020-09-20 19:49:44,Average product rating out of 5: 5.0. Product score is based on 5 ratings,5,,True
467db746-69ed-48b6-8248-b2e7fd35f5d3,Woolworths Supermarket,Health & Beauty,Vital All-in-one 300g,771831,$60.00,$20.00 / 100G,https://www.woolworths.com.au/shop/productdetails/771831/vital-all-in-one,https://cdn0.woolworths.media/content/wowproductimages/medium/771831.jpg,2020-09-20 19:49:44,Average product rating out of 5: 4.8. Product score is based on 6 ratings,6,,True
f13e36d9-17a1-47a6-bc1f-a46e5ed8380c,Woolworths Supermarket,Health & Beauty,Blackmores Vitamin D3 200 capsules,771858,$27.00,$13.50 / 100EA,https://www.woolworths.com.au/shop/productdetails/771858/blackmores-vitamin-d3,https://cdn0.woolworths.media/content/wowproductimages/medium/771858.jpg,2020-09-20 19:49:44,Average product rating out of 5: 3.0. Product score is based on 1 ratings,1,,True
ff5afd23-8005-4e87-94f0-793c9907f6b8,Woolworths Supermarket,Health & Beauty,Thankyou. Hand Wash - Botanical Patchouli & Vanilla 500ml,771880,$7.50,$1.50 / 100ML,https://www.woolworths.com.au/shop/productdetails/771880/thankyou-hand-wash-botanical-patchouli-vanilla,https://cdn0.woolworths.media/content/wowproductimages/medium/771880.jpg,2020-09-20 19:49:44,Average product rating out of 5: 4.4. Product score is based on 12 ratings,12,,True
9cab4381-9b50-437d-8767-1f8d7d12baff,Woolworths Supermarket,Health & Beauty,Thankyou. Hand Wash - Botanical Sweet Orange & Almond 500ml,771897,$7.50,$1.50 / 100ML,https://www.woolworths.com.au/shop/productdetails/771897/thankyou-hand-wash-botanical-sweet-orange-almond,https://cdn0.woolworths.media/content/wowproductimages/medium/771897.jpg,2020-09-20 19:49:44,Average product rating out of 5: 4.6. Product score is based on 24 ratings,24,,True
5932d135-0dd4-4230-a120-2f198af78643,Woolworths Supermarket,Health & Beauty,Banana Boat Spf 50+ Sunscreen Sport Spray 175g,771907,$17.30,$9.89 / 100G,https://www.woolworths.com.au/shop/productdetails/771907/banana-boat-spf-50-sunscreen-sport-spray,https://cdn0.woolworths.media/content/wowproductimages/medium/771907.jpg,2020-09-20 19:49:44,,0,,True
4199342f-eb02-4ea7-b7bd-f7215c7063eb,Woolworths Supermarket,Health & Beauty,Garnier Bb Cream Anti-ageing Light Anti Age Light 50ml,772004,$11.02,$22.04 / 100ML,https://www.woolworths.com.au/shop/productdetails/772004/garnier-bb-cream-anti-ageing-light-anti-age-light,https://cdn0.woolworths.media/content/wowproductimages/medium/772004.jpg,2020-09-20 19:49:44,Average product rating out of 5: 4.5. Product score is based on 6 ratings,6,,True
fbf11aa2-0030-42cb-b32c-fa8f1895383d,Woolworths Supermarket,Health & Beauty,Garnier Bb Cream Anti-ageing Medium Anti Age Medium 50ml,772014,$11.02,$22.04 / 100ML,https://www.woolworths.com.au/shop/productdetails/772014/garnier-bb-cream-anti-ageing-medium-anti-age-medium,https://cdn0.woolworths.media/content/wowproductimages/medium/772014.jpg,2020-09-20 19:49:44,Average product rating out of 5: 3.8. Product score is based on 6 ratings,6,,True
348eb49a-792a-4377-9f05-dfdc861ab6a5,Woolworths Supermarket,Health & Beauty,Essano Rosehip Gentle Facial Cleanser 140ml,772365,$14.00,$10.00 / 100ML,https://www.woolworths.com.au/shop/productdetails/772365/essano-rosehip-gentle-facial-cleanser,https://cdn0.woolworths.media/content/wowproductimages/medium/772365.jpg,2020-09-20 19:49:44,Average product rating out of 5: 4.3. Product score is based on 7 ratings,7,,True
461ca425-154c-4a40-828b-d1304590ba79,Woolworths Supermarket,Health & Beauty,Essano Rosehip Oil Certified Organic 20ml,772384,$20.00,$100.00 / 100ML,https://www.woolworths.com.au/shop/productdetails/772384/essano-rosehip-oil-certified-organic,https://cdn0.woolworths.media/content/wowproductimages/medium/772384.jpg,2020-09-20 19:49:44,Average product rating out of 5: 4.7. Product score is based on 7 ratings,7,,True
8b0e7042-3ebb-437c-9c29-afbdb6f29b67,Woolworths Supermarket,Health & Beauty,Essano Rosehip Moisture Restorative Night Creme 50g,772397,$20.00,$40.00 / 100G,https://www.woolworths.com.au/shop/productdetails/772397/essano-rosehip-moisture-restorative-night-creme,https://cdn0.woolworths.media/content/wowproductimages/medium/772397.jpg,2020-09-20 19:49:44,Average product rating out of 5: 4.5. Product score is based on 12 ratings,12,,True
6428e927-5a33-4849-9394-1e9acc986a8a,Woolworths Supermarket,Health & Beauty,Essano Rosehip Facial Moisturiser 140ml,772431,$20.00,$14.29 / 100ML,https://www.woolworths.com.au/shop/productdetails/772431/essano-rosehip-facial-moisturiser,https://cdn0.woolworths.media/content/wowproductimages/medium/772431.jpg,2020-09-20 19:49:44,Average product rating out of 5: 4.5. Product score is based on 4 ratings,4,,True
3a4b1440-93f8-4542-abd4-182145457fe7,Woolworths Supermarket,Health & Beauty,Astroglide Naturally Derived Personal Lubricant 74ml,773400,$12.60,$17.03 / 100ML,https://www.woolworths.com.au/shop/productdetails/773400/astroglide-naturally-derived-personal-lubricant,https://cdn0.woolworths.media/content/wowproductimages/medium/773400.jpg,2020-09-20 19:49:44,Average product rating out of 5: 4.0. Product score is based on 1 ratings,1,,True
d930b7c4-c8d2-4219-b5b7-17dbd4ffa829,Woolworths Supermarket,Health & Beauty,Nature's Way Kids Omega-3 Fish Oil Smart Trio 60 capsules,775078,$20.00,$33.33 / 100EA,https://www.woolworths.com.au/shop/productdetails/775078/nature-s-way-kids-omega-3-fish-oil-smart-trio,https://cdn0.woolworths.media/content/wowproductimages/medium/775078.jpg,2020-09-20 19:49:44,Average product rating out of 5: 3.9. Product score is based on 7 ratings,7,,True
cfd38f31-33db-4561-a79c-edd95d17a9a4,Woolworths Supermarket,Health & Beauty,Nature's Way Hemp Oil 100% Pure 1000mg 60 capsules,775441,$20.00,$33.33 / 100EA,https://www.woolworths.com.au/shop/productdetails/775441/nature-s-way-hemp-oil-100-pure-1000mg,https://cdn0.woolworths.media/content/wowproductimages/medium/775441.jpg,2020-09-20 19:49:44,Average product rating out of 5: 5.0. Product score is based on 6 ratings,6,,True
c2f0b506-b331-4cd0-ab3c-3bbf96895a67,Woolworths Supermarket,Health & Beauty,Hollywood Satin Nipple Covers Satin Nipple Cover 5 pack,777599,$13.00,$13.00 / 1EA,https://www.woolworths.com.au/shop/productdetails/777599/hollywood-satin-nipple-covers-satin-nipple-cover,https://cdn0.woolworths.media/content/wowproductimages/medium/777599.jpg,2020-09-20 19:49:44,,0,,True
c579894e-6e28-44f4-a678-1351d3009386,Woolworths Supermarket,Health & Beauty,Hollywood Fashion Tape each,777603,$20.00,$20.00 / 1EA,https://www.woolworths.com.au/shop/productdetails/777603/hollywood-fashion-tape,https://cdn0.woolworths.media/content/wowproductimages/medium/777603.jpg,2020-09-20 19:49:44,,0,,True
73d5c7b1-bc1d-46d6-b0f7-c7b85affa734,Woolworths Supermarket,Health & Beauty,Sally Hansen Cuticle Rehab Treatment 8.8ml,778185,$14.00,$15.91 / 10ML,https://www.woolworths.com.au/shop/productdetails/778185/sally-hansen-cuticle-rehab-treatment,https://cdn0.woolworths.media/content/wowproductimages/medium/778185.jpg,2020-09-20 19:49:44,Average product rating out of 5: 3.0. Product score is based on 1 ratings,1,,True
fb83d891-c9dd-4072-b87b-1b091d0a3fe3,Woolworths Supermarket,Health & Beauty,Sally Hansen Nail Rehab Treatment 10ml,778194,$17.00,$17.00 / 10ML,https://www.woolworths.com.au/shop/productdetails/778194/sally-hansen-nail-rehab-treatment,https://cdn0.woolworths.media/content/wowproductimages/medium/778194.jpg,2020-09-20 19:49:44,Average product rating out of 5: 3.0. Product score is based on 1 ratings,1,,True
336a5fe1-3ae1-46a5-8847-51927e7c1287,Woolworths Supermarket,Health & Beauty,Maybelline Colossal Smoky Volumizing Mascara - Black 11ml,778224,$10.00,$9.35 / 10ML,https://www.woolworths.com.au/shop/productdetails/778224/maybelline-colossal-smoky-volumizing-mascara-black,https://cdn0.woolworths.media/content/wowproductimages/medium/778224.jpg,2020-09-20 19:49:44,Average product rating out of 5: 5.0. Product score is based on 1 ratings,1,,True
917191bc-9fb5-4681-bb16-d00cbf276583,Woolworths Supermarket,Health & Beauty,Thursday Plantation Deodorant Roll On Teatree 60ml,778522,$5.50,$9.17 / 100ML,https://www.woolworths.com.au/shop/productdetails/778522/thursday-plantation-deodorant-roll-on-teatree,https://cdn0.woolworths.media/content/wowproductimages/medium/778522.jpg,2020-09-20 19:49:44,Average product rating out of 5: 4.7. Product score is based on 19 ratings,19,,True
4ec5831b-33fd-46e3-8814-5fafed8d7370,Woolworths Supermarket,Health & Beauty,Rimmel Match Perfection Foundation 102 Light Nude 30ml,778723,$19.00,$6.33 / 10ML,https://www.woolworths.com.au/shop/productdetails/778723/rimmel-match-perfection-foundation-102-light-nude,https://cdn0.woolworths.media/content/wowproductimages/medium/778723.jpg,2020-09-20 19:49:44,Average product rating out of 5: 5.0. Product score is based on 2 ratings,2,,True
dd464f73-25c8-459d-a60b-836342f402d7,Woolworths Supermarket,Health & Beauty,Simple Cleanser Vital Vitamin Foaming 150ml,779218,$12.50,$8.33 / 100ML,https://www.woolworths.com.au/shop/productdetails/779218/simple-cleanser-vital-vitamin-foaming,https://cdn0.woolworths.media/content/wowproductimages/medium/779218.jpg,2020-09-20 19:49:44,Average product rating out of 5: 4.7. Product score is based on 7 ratings,7,,True
8acc6811-3cb3-468a-bb16-ecfb93aab093,Woolworths Supermarket,Health & Beauty,Mitchum Clinical 8 Hour Sport For Men Antiperspirant & Deodorant 45g,779231,$10.00,$22.22 / 100G,https://www.woolworths.com.au/shop/productdetails/779231/mitchum-clinical-8-hour-sport-for-men-antiperspirant-deodorant,https://cdn0.woolworths.media/content/wowproductimages/medium/779231.jpg,2020-09-20 19:49:44,Average product rating out of 5: 5.0. Product score is based on 2 ratings,2,Was $13.00 04/09/2017,True
31968c2d-0683-468a-a759-1a4098776690,Woolworths Supermarket,Health & Beauty,Mitchum 48 Hour Powder Fresh For Women Antiperspirant & Deodorant 45g,779236,$10.00,$22.22 / 100G,https://www.woolworths.com.au/shop/productdetails/779236/mitchum-48-hour-powder-fresh-for-women-antiperspirant-deodorant,https://cdn0.woolworths.media/content/wowproductimages/medium/779236.jpg,2020-09-20 19:49:44,Average product rating out of 5: 5.0. Product score is based on 12 ratings,12,Was $13.00 04/09/2017,True
f01b704a-74b7-4a71-bed7-7db58e2747ca,Woolworths Supermarket,Health & Beauty,Comvita Natural Olive Leaf Extract 500ml,779370,$31.00,$6.20 / 100ML,https://www.woolworths.com.au/shop/productdetails/779370/comvita-natural-olive-leaf-extract,https://cdn0.woolworths.media/content/wowproductimages/medium/779370.jpg,2020-09-20 19:49:44,Average product rating out of 5: 4.7. Product score is based on 3 ratings,3,,True
fad976ba-aa9f-4542-b183-e8b56df75161,Woolworths Supermarket,Health & Beauty,Australian Pure Beauty Moisturiser Sensitive Sorbolene 1l,779405,$6.00,$0.60 / 100ML,https://www.woolworths.com.au/shop/productdetails/779405/australian-pure-beauty-moisturiser-sensitive-sorbolene,https://cdn0.woolworths.media/content/wowproductimages/medium/779405.jpg,2020-09-20 19:49:44,Average product rating out of 5: 4.9. Product score is based on 8 ratings,8,,True
bd77e5d8-7705-44bf-954c-8d8aeb6670c8,Woolworths Supermarket,Health & Beauty,Garnier Micellar Cleansing Water All Skin Types 400ml,779445,$9.45,$2.36 / 100ML,https://www.woolworths.com.au/shop/productdetails/779445/garnier-micellar-cleansing-water-all-skin-types,https://cdn0.woolworths.media/content/wowproductimages/medium/779445.jpg,2020-09-20 19:49:44,Average product rating out of 5: 4.4. Product score is based on 18 ratings,18,,True
3555242f-5c85-4cdb-9a47-7679725d51d2,Woolworths Supermarket,Health & Beauty,L'oreal Revitalift Face Cream X3 Night 50ml,779446,$22.50,$45.00 / 100ML,https://www.woolworths.com.au/shop/productdetails/779446/l-oreal-revitalift-face-cream-x3-night,https://cdn0.woolworths.media/content/wowproductimages/medium/779446.jpg,2020-09-20 19:49:44,,0,,True
08b63b71-cbda-4e72-a97c-bb088e7f01f5,Woolworths Supermarket,Health & Beauty,Garnier Moisture Match Goodbye Dry Makeup Remover Wipes 25 pack,779452,$4.90,$0.20 / 1EA,https://www.woolworths.com.au/shop/productdetails/779452/garnier-moisture-match-goodbye-dry-makeup-remover-wipes,https://cdn0.woolworths.media/content/wowproductimages/medium/779452.jpg,2020-09-20 19:49:44,Average product rating out of 5: 3.5. Product score is based on 4 ratings,4,,True
55d30813-6e1b-49ab-9cde-0fc93e33165d,Woolworths Supermarket,Health & Beauty,Nivea Men Power Fresh Shower Gel & Body Wash 500ml,779510,$6.00,$1.20 / 100ML,https://www.woolworths.com.au/shop/productdetails/779510/nivea-men-power-fresh-shower-gel-body-wash,https://cdn0.woolworths.media/content/wowproductimages/medium/779510.jpg,2020-09-20 19:49:44,Average product rating out of 5: 5.0. Product score is based on 3 ratings,3,Was $7.50 20/02/2017,True
0e6458bd-fc5c-4310-abce-cc6e469ee218,Woolworths Supermarket,Health & Beauty,Skyn Intense Feel Dotted Non- Latex Condoms 10 pack,779561,$9.00,$0.90 / 1EA,https://www.woolworths.com.au/shop/productdetails/779561/skyn-intense-feel-dotted-non-latex-condoms,https://cdn0.woolworths.media/content/wowproductimages/medium/779561.jpg,2020-09-20 19:49:44,Average product rating out of 5: 2.5. Product score is based on 2 ratings,2,,True
fcf317d8-aa9a-4801-85c4-1f504f4721e6,Woolworths Supermarket,Health & Beauty,Olay Micro-sculpting Night Face Cream Moisturiser 50g,779653,$34.30,$68.60 / 100G,https://www.woolworths.com.au/shop/productdetails/779653/olay-micro-sculpting-night-face-cream-moisturiser,https://cdn0.woolworths.media/content/wowproductimages/medium/779653.jpg,2020-09-20 19:49:44,Average product rating out of 5: 4.3. Product score is based on 9 ratings,9,,True
cbe73610-31aa-423f-a963-817737e9e15f,Woolworths Supermarket,Health & Beauty,Centrum For Men 50+ 60pk,780010,$10.00,$16.67 / 100EA,https://www.woolworths.com.au/shop/productdetails/780010/centrum-for-men-50-,https://cdn0.woolworths.media/content/wowproductimages/medium/780010.jpg,2020-09-20 19:49:44,Average product rating out of 5: 4.6. Product score is based on 5 ratings,5,,True
ce6d302b-de55-4d50-81a0-8fb336a7ea6a,Woolworths Supermarket,Health & Beauty,Cenovis Cold Sore Complex Tablets 30 pack,780016,$14.00,$46.67 / 100EA,https://www.woolworths.com.au/shop/productdetails/780016/cenovis-cold-sore-complex-tablets,https://cdn0.woolworths.media/content/wowproductimages/medium/780016.jpg,2020-09-20 19:49:44,Average product rating out of 5: 5.0. Product score is based on 2 ratings,2,,True
afbd6f82-0ddd-426e-a215-b6b0b6327ee9,Woolworths Supermarket,Health & Beauty,Nature's Own Double Strength Cold Sore Relief Tablets 50 pack,780031,$12.00,$24.00 / 100EA,https://www.woolworths.com.au/shop/productdetails/780031/nature-s-own-double-strength-cold-sore-relief-tablets,https://cdn0.woolworths.media/content/wowproductimages/medium/780031.jpg,2020-09-20 19:49:44,Average product rating out of 5: 4.5. Product score is based on 2 ratings,2,,True
466a4551-9959-49c5-9c42-c2ce3b55da7f,Woolworths Supermarket,Health & Beauty,Nature's Way Restore Probiotic Daily Health & Prebiotic 90 pack,780054,$47.50,$52.78 / 100EA,https://www.woolworths.com.au/shop/productdetails/780054/nature-s-way-restore-probiotic-daily-health-prebiotic,https://cdn0.woolworths.media/content/wowproductimages/medium/780054.jpg,2020-09-20 19:49:44,Average product rating out of 5: 5.0. Product score is based on 5 ratings,5,,True
5988648d-5b60-4dfd-9e1c-e74b5335a133,Woolworths Supermarket,Health & Beauty,Nature's Way Restore Probiotic 30 Billion 30 pack,780065,$28.00,$93.33 / 100EA,https://www.woolworths.com.au/shop/productdetails/780065/nature-s-way-restore-probiotic-30-billion,https://cdn0.woolworths.media/content/wowproductimages/medium/780065.jpg,2020-09-20 19:49:44,Average product rating out of 5: 4.7. Product score is based on 3 ratings,3,,True
686941a8-4990-46c3-aee0-1cf48400fc63,Woolworths Supermarket,Health & Beauty,Colgate Optic White Enamel White Teeth Whitening Toothpaste 140g,780252,$10.00,$7.14 / 100G,https://www.woolworths.com.au/shop/productdetails/780252/colgate-optic-white-enamel-white-teeth-whitening-toothpaste,https://cdn0.woolworths.media/content/wowproductimages/medium/780252.jpg,2020-09-20 19:49:44,Average product rating out of 5: 5.0. Product score is based on 8 ratings,8,,True
613da9ae-8878-4e11-8bd4-9ea31189b5bf,Woolworths Supermarket,Health & Beauty,Colgate Slim Soft Charcoal Infused Bristles Toothbrush Soft each,780273,$3.00,$3.00 / 1EA,https://www.woolworths.com.au/shop/productdetails/780273/colgate-slim-soft-charcoal-infused-bristles-toothbrush-soft,https://cdn0.woolworths.media/content/wowproductimages/medium/780273.jpg,2020-09-20 19:49:44,Average product rating out of 5: 4.7. Product score is based on 13 ratings,13,Was $4.00 04/09/2017,True
7365ea3d-b852-43ac-81a8-4d894243fd82,Woolworths Supermarket,Health & Beauty,Nurofen Pain And Inflammation Relief Gel 5% Ibuprofen 100g,780605,$20.00,$20.00 / 100G,https://www.woolworths.com.au/shop/productdetails/780605/nurofen-pain-and-inflammation-relief-gel-5-ibuprofen,https://cdn0.woolworths.media/content/wowproductimages/medium/780605.jpg,2020-09-20 19:49:44,Average product rating out of 5: 4.5. Product score is based on 2 ratings,2,,True
bdd8e874-933d-498b-a02f-25fa8e0ebc15,Woolworths Supermarket,Health & Beauty,Nicorette Quit Smoking Regular Strength Icy Mint Lozenges 2mg 80 pack,780622,$40.00,$0.50 / 1EA,https://www.woolworths.com.au/shop/productdetails/780622/nicorette-quit-smoking-regular-strength-icy-mint-lozenges-2mg,https://cdn0.woolworths.media/content/wowproductimages/medium/780622.jpg,2020-09-20 19:49:44,Average product rating out of 5: 4.0. Product score is based on 4 ratings,4,,True
74654556-b7c1-4638-b341-fab3fd527895,Woolworths Supermarket,Health & Beauty,Nicorette Quit Smoking Extra Strength Icy Mint Lozenges 4mg 80 pack,780628,$40.00,$0.50 / 1EA,https://www.woolworths.com.au/shop/productdetails/780628/nicorette-quit-smoking-extra-strength-icy-mint-lozenges-4mg,https://cdn0.woolworths.media/content/wowproductimages/medium/780628.jpg,2020-09-20 19:49:44,Average product rating out of 5: 5.0. Product score is based on 1 ratings,1,,True
3e36c464-a2cc-43b6-8bfd-1bd2a96cb936,Woolworths Supermarket,Health & Beauty,Band-aid First Aid Non-irritating Paper Tape 2.5cm X 9.1m each,780639,$7.00,$0.77 / 1M,https://www.woolworths.com.au/shop/productdetails/780639/band-aid-first-aid-non-irritating-paper-tape-2-5cm-x-9-1m,https://cdn0.woolworths.media/content/wowproductimages/medium/780639.jpg,2020-09-20 19:49:44,Average product rating out of 5: 5.0. Product score is based on 2 ratings,2,,True
007d8419-d0cc-4cfb-b6d0-f7e166157a07,Woolworths Supermarket,Health & Beauty,Australian Botanical Soap Goats Milk 200g,781811,$4.00,$2.00 / 100G,https://www.woolworths.com.au/shop/productdetails/781811/australian-botanical-soap-goats-milk,https://cdn0.woolworths.media/content/wowproductimages/medium/781811.jpg,2020-09-20 19:49:44,Average product rating out of 5: 4.6. Product score is based on 26 ratings,26,,True
cdb8d36e-8066-431c-9342-11e642b74180,Woolworths Supermarket,Health & Beauty,Agadir Argan Oil Shampoo Moisturising 366ml,782276,$23.95,$6.54 / 100ML,https://www.woolworths.com.au/shop/productdetails/782276/agadir-argan-oil-shampoo-moisturising,https://cdn0.woolworths.media/content/wowproductimages/medium/782276.jpg,2020-09-20 19:49:44,,0,,True
30597399-7d50-4302-b11e-16ff9bc6f376,Woolworths Supermarket,Health & Beauty,Agadir Argan Oil Conditioner Moisturising 366ml,782277,$23.95,$6.54 / 100ML,https://www.woolworths.com.au/shop/productdetails/782277/agadir-argan-oil-conditioner-moisturising,https://cdn0.woolworths.media/content/wowproductimages/medium/782277.jpg,2020-09-20 19:49:44,,0,,True
943dafc7-487a-4033-b037-e0a9e4415dee,Woolworths Supermarket,Health & Beauty,Agadir Argan Oil Treatment 150ml,782278,$27.95,$18.63 / 100ML,https://www.woolworths.com.au/shop/productdetails/782278/agadir-argan-oil-treatment,https://cdn0.woolworths.media/content/wowproductimages/medium/782278.jpg,2020-09-20 19:49:44,,0,,True
7544404c-315b-4e78-baf9-663b1796a455,Woolworths Supermarket,Health & Beauty,Cetaphil Oily Skin Cleanser 500ml,782593,$16.50,$3.30 / 100ML,https://www.woolworths.com.au/shop/productdetails/782593/cetaphil-oily-skin-cleanser,https://cdn0.woolworths.media/content/wowproductimages/medium/782593.jpg,2020-09-20 19:49:44,Average product rating out of 5: 4.7. Product score is based on 6 ratings,6,,True
04ec3b85-80ce-42a2-9682-d202a06b406d,Woolworths Supermarket,Health & Beauty,Dove Men Antiperspirant Aerosol Deodorant Invisible Dry 50ml,783512,$3.90,$7.80 / 100ML,https://www.woolworths.com.au/shop/productdetails/783512/dove-men-antiperspirant-aerosol-deodorant-invisible-dry,https://cdn0.woolworths.media/content/wowproductimages/medium/783512.jpg,2020-09-20 19:49:44,Average product rating out of 5: 4.8. Product score is based on 9 ratings,9,,True
e3713d1b-c013-4892-be1f-d5c20952bc9b,Woolworths Supermarket,Health & Beauty,Tena Pads Extra Plus 8 pack,783872,$4.50,$0.56 / 1EA,https://www.woolworths.com.au/shop/productdetails/783872/tena-pads-extra-plus,https://cdn0.woolworths.media/content/wowproductimages/medium/783872.jpg,2020-09-20 19:49:44,,0,,True
f9c92e22-26ab-4bf7-98be-1f0c0a78f766,Woolworths Supermarket,Health & Beauty,Tena Pads Maxi 6 pack,783873,$4.50,$0.75 / 1EA,https://www.woolworths.com.au/shop/productdetails/783873/tena-pads-maxi,https://cdn0.woolworths.media/content/wowproductimages/medium/783873.jpg,2020-09-20 19:49:44,,0,,True
bf46d301-c26d-4039-9f70-3945861fc71c,Woolworths Supermarket,Health & Beauty,John Frieda Treatment Frizz Ease Xtra Strength Serum 50ml,784922,$17.00,$34.00 / 100ML,https://www.woolworths.com.au/shop/productdetails/784922/john-frieda-treatment-frizz-ease-xtra-strength-serum,https://cdn0.woolworths.media/content/wowproductimages/medium/784922.jpg,2020-09-20 19:49:44,Average product rating out of 5: 4.6. Product score is based on 7 ratings,7,,True
08c307fe-c015-44fb-85b1-5117fd5d38aa,Woolworths Supermarket,Health & Beauty,Schwarzkopf Extra Care Treatment 6 Miracles Oil 75ml,784925,$11.00,$14.67 / 100ML,https://www.woolworths.com.au/shop/productdetails/784925/schwarzkopf-extra-care-treatment-6-miracles-oil,https://cdn0.woolworths.media/content/wowproductimages/medium/784925.jpg,2020-09-20 19:49:44,Average product rating out of 5: 5.0. Product score is based on 5 ratings,5,,True
75cdb820-716d-45f4-be0b-cbcec939c8f9,Woolworths Supermarket,Health & Beauty,Tresemme Professional Shampoo Volume 900ml,784945,$7.00,$0.78 / 100ML,https://www.woolworths.com.au/shop/productdetails/784945/tresemme-professional-shampoo-volume,https://cdn0.woolworths.media/content/wowproductimages/medium/784945.jpg,2020-09-20 19:49:44,Average product rating out of 5: 4.8. Product score is based on 6 ratings,6,Was $10.50 13/02/2017,True
e3e92cb1-7e8d-458e-be52-fbba30c4e899,Woolworths Supermarket,Health & Beauty,Tresemme Conditioner Volume 900ml,784955,$7.00,$0.78 / 100ML,https://www.woolworths.com.au/shop/productdetails/784955/tresemme-conditioner-volume,https://cdn0.woolworths.media/content/wowproductimages/medium/784955.jpg,2020-09-20 19:49:44,Average product rating out of 5: 4.5. Product score is based on 6 ratings,6,Was $10.50 13/02/2017,True
53cd6024-6b31-4ed1-857c-73e86f886b4f,Woolworths Supermarket,Health & Beauty,Quitnits Head Lice Treatment Detangling Spray 150ml,785120,$10.00,$6.67 / 100ML,https://www.woolworths.com.au/shop/productdetails/785120/quitnits-head-lice-treatment-detangling-spray,https://cdn0.woolworths.media/content/wowproductimages/medium/785120.jpg,2020-09-20 19:49:44,Average product rating out of 5: 4.2. Product score is based on 5 ratings,5,,True
e3300270-e5bf-4f5e-bb65-55f56ed186e5,Woolworths Supermarket,Health & Beauty,Organic Care Body Wash Moisturising 725ml,785441,$7.00,$0.97 / 100ML,https://www.woolworths.com.au/shop/productdetails/785441/organic-care-body-wash-moisturising,https://cdn0.woolworths.media/content/wowproductimages/medium/785441.jpg,2020-09-20 19:49:44,Average product rating out of 5: 4.7. Product score is based on 23 ratings,23,,True
0611263e-8aff-426f-a27c-4d0d49118ca2,Woolworths Supermarket,Health & Beauty,Velvet Bar Soap Pure 4pk 400g,785876,$4.00,$1.00 / 100G,https://www.woolworths.com.au/shop/productdetails/785876/velvet-bar-soap-pure,https://cdn0.woolworths.media/content/wowproductimages/medium/785876.jpg,2020-09-20 19:49:44,Average product rating out of 5: 4.8. Product score is based on 18 ratings,18,,True
764450d5-fbe1-465e-bfa3-d8423ed123a0,Woolworths Supermarket,Health & Beauty,Thankyou. Body Wash - Botanical Mint & Spring Flowers 500ml,785940,$8.00,$1.60 / 100ML,https://www.woolworths.com.au/shop/productdetails/785940/thankyou-body-wash-botanical-mint-spring-flowers,https://cdn0.woolworths.media/content/wowproductimages/medium/785940.jpg,2020-09-20 19:49:44,Average product rating out of 5: 4.7. Product score is based on 3 ratings,3,,True
fbcef5ff-8818-4f34-8104-ae6494f3ac39,Woolworths Supermarket,Health & Beauty,Lux Exfoliating Body Wash Magical Spell 400ml,786160,$4.50,$1.13 / 100ML,https://www.woolworths.com.au/shop/productdetails/786160/lux-exfoliating-body-wash-magical-spell,https://cdn0.woolworths.media/content/wowproductimages/medium/786160.jpg,2020-09-20 19:49:44,Average product rating out of 5: 4.6. Product score is based on 12 ratings,12,Was,True
2185729b-3d29-4696-ad1f-ef17a7fc5445,Woolworths Supermarket,Health & Beauty,Lux Body Wash Evenly Gorgeous 400ml,786192,$4.50,$1.13 / 100ML,https://www.woolworths.com.au/shop/productdetails/786192/lux-body-wash-evenly-gorgeous,https://cdn0.woolworths.media/content/wowproductimages/medium/786192.jpg,2020-09-20 19:49:44,Average product rating out of 5: 5.0. Product score is based on 4 ratings,4,Was,True
ffabbd02-b180-449a-9aa1-cb618900b0b9,Woolworths Supermarket,Health & Beauty,Lux Moisturising Body Wash Pink Petal Touch 400ml,786193,$4.50,$1.13 / 100ML,https://www.woolworths.com.au/shop/productdetails/786193/lux-moisturising-body-wash-pink-petal-touch,https://cdn0.woolworths.media/content/wowproductimages/medium/786193.jpg,2020-09-20 19:49:44,Average product rating out of 5: 4.8. Product score is based on 14 ratings,14,Was,True
6190f070-1c99-42ab-a3d3-859b40b67bfd,Woolworths Supermarket,Health & Beauty,Palmolive Naturals Body Wash Orchid Shower Gel 1l,786292,$7.00,$0.70 / 100ML,https://www.woolworths.com.au/shop/productdetails/786292/palmolive-naturals-body-wash-orchid-shower-gel,https://cdn0.woolworths.media/content/wowproductimages/medium/786292.jpg,2020-09-20 19:49:44,Average product rating out of 5: 4.4. Product score is based on 18 ratings,18,,True
20625ce7-32c2-41e2-bebc-9a177e33a6f9,Woolworths Supermarket,Health & Beauty,Bx Earth Antibacterial Handwash Desert Lime & Coconut 300ml,786895,$5.00,$1.67 / 100ML,https://www.woolworths.com.au/shop/productdetails/786895/bx-earth-antibacterial-handwash-desert-lime-coconut,https://cdn0.woolworths.media/content/wowproductimages/medium/786895.jpg,2020-09-20 19:49:44,Average product rating out of 5: 4.8. Product score is based on 16 ratings,16,,True
4c4108ec-f9db-4b40-975c-ba44a578d64d,Woolworths Supermarket,Health & Beauty,Caltrate 1000iu Bone And Muscle Health Tablets 60pk,787245,$9.00,$15.00 / 100EA,https://www.woolworths.com.au/shop/productdetails/787245/caltrate-1000iu-bone-and-muscle-health-tablets,https://cdn0.woolworths.media/content/wowproductimages/medium/787245.jpg,2020-09-20 19:49:44,Average product rating out of 5: 4.8. Product score is based on 5 ratings,5,,True
8324015f-df25-4d2d-b0d2-91da2d6bd032,Woolworths Supermarket,Health & Beauty,Nivea Soft Travel Mini Moisturiser Lotion Vitamin E & Jojoba 50ml,787572,$3.00,$6.00 / 100ML,https://www.woolworths.com.au/shop/productdetails/787572/nivea-soft-travel-mini-moisturiser-lotion-vitamin-e-jojoba,https://cdn0.woolworths.media/content/wowproductimages/medium/787572.jpg,2020-09-20 19:49:44,Average product rating out of 5: 5.0. Product score is based on 6 ratings,6,,True
c9acfe1c-dbce-4147-b655-295297274ee6,Woolworths Supermarket,Health & Beauty,Nivea B&w Travel Mini Anti- Perspirant Aerosol Deodorant 35ml,787616,$3.00,$8.57 / 100ML,https://www.woolworths.com.au/shop/productdetails/787616/nivea-b-w-travel-mini-anti-perspirant-aerosol-deodorant,https://cdn0.woolworths.media/content/wowproductimages/medium/787616.jpg,2020-09-20 19:49:44,Average product rating out of 5: 4.4. Product score is based on 5 ratings,5,,True
1d1b2e5c-40eb-49d2-855a-197d1bef6c94,Woolworths Supermarket,Health & Beauty,Rimmel Wonder'full Mascara 11ml,788636,$19.00,$17.27 / 10ML,https://www.woolworths.com.au/shop/productdetails/788636/rimmel-wonder-full-mascara,https://cdn0.woolworths.media/content/wowproductimages/medium/788636.jpg,2020-09-20 19:49:44,Average product rating out of 5: 2.0. Product score is based on 1 ratings,1,,True
f51090d9-0e58-437c-8ade-22fd12af0aad,Woolworths Supermarket,Health & Beauty,Rimmel Lip Liner Snob each,788640,$13.00,$520.00 / 10G,https://www.woolworths.com.au/shop/productdetails/788640/rimmel-lip-liner-snob,https://cdn0.woolworths.media/content/wowproductimages/medium/788640.jpg,2020-09-20 19:49:44,Average product rating out of 5: 4.7. Product score is based on 3 ratings,3,,True
f3b52f44-8e9d-4a77-8e94-c019f7329c74,Woolworths Supermarket,Health & Beauty,Mcobeauty More Brows - Medium To Dark Medium To Dark each,789174,$9.80,$28.00 / 10ML,https://www.woolworths.com.au/shop/productdetails/789174/mcobeauty-more-brows-medium-to-dark-medium-to-dark,https://cdn0.woolworths.media/content/wowproductimages/medium/789174.jpg,2020-09-20 19:49:44,Average product rating out of 5: 4.0. Product score is based on 4 ratings,4,,True
ad207917-9a7c-4bea-974d-7d2a3d1ca949,Woolworths Supermarket,Health & Beauty,Thankyou. Hand Wash Refill Botanical Lemon Myrtle & Goat's Milk 1l,789392,$12.50,$1.25 / 100ML,https://www.woolworths.com.au/shop/productdetails/789392/thankyou-hand-wash-refill-botanical-lemon-myrtle-goat-s-milk,https://cdn0.woolworths.media/content/wowproductimages/medium/789392.jpg,2020-09-20 19:49:44,,0,,True
b35317c8-70b2-4022-840b-81154b701b90,Woolworths Supermarket,Health & Beauty,Batiste Dry Shampoo Eden 400ml,789400,$16.00,$4.00 / 100ML,https://www.woolworths.com.au/shop/productdetails/789400/batiste-dry-shampoo-eden,https://cdn0.woolworths.media/content/wowproductimages/medium/789400.jpg,2020-09-20 19:49:44,Average product rating out of 5: 4.7. Product score is based on 9 ratings,9,,True
7c5db99c-cfc9-4fdd-8b49-696521cd4949,Woolworths Supermarket,Health & Beauty,Impulse Women Aerosol Body Spray Deodorant Romantic Spark 75ml,789414,$4.00,$5.33 / 100ML,https://www.woolworths.com.au/shop/productdetails/789414/impulse-women-aerosol-body-spray-deodorant-romantic-spark,https://cdn0.woolworths.media/content/wowproductimages/medium/789414.jpg,2020-09-20 19:49:44,Average product rating out of 5: 4.4. Product score is based on 16 ratings,16,Was $5 23/06/16,True
f5db8470-d94a-460d-b8db-70f0305a95fa,Woolworths Supermarket,Health & Beauty,Impulse Body Spray Love Story 75ml,789416,$4.00,$5.33 / 100ML,https://www.woolworths.com.au/shop/productdetails/789416/impulse-body-spray-love-story,https://cdn0.woolworths.media/content/wowproductimages/medium/789416.jpg,2020-09-20 19:49:44,Average product rating out of 5: 4.7. Product score is based on 6 ratings,6,Was $5 23/06/16,True
f23c2a2a-3926-44c8-8ede-8863233fa7e4,Woolworths Supermarket,Health & Beauty,Impulse Women Body Spray Aerosol Deodorant Merely Musk 75ml,789418,$4.00,$5.33 / 100ML,https://www.woolworths.com.au/shop/productdetails/789418/impulse-women-body-spray-aerosol-deodorant-merely-musk,https://cdn0.woolworths.media/content/wowproductimages/medium/789418.jpg,2020-09-20 19:49:44,Average product rating out of 5: 4.4. Product score is based on 14 ratings,14,Was $5 23/06/16,True
2fd1d293-6c8f-40a8-bdb6-4a73c4a8e1e6,Woolworths Supermarket,Health & Beauty,Impulse Body Spray Aerosol Deodorant Illusions 75ml,789424,$4.00,$5.33 / 100ML,https://www.woolworths.com.au/shop/productdetails/789424/impulse-body-spray-aerosol-deodorant-illusions,https://cdn0.woolworths.media/content/wowproductimages/medium/789424.jpg,2020-09-20 19:49:44,Average product rating out of 5: 4.9. Product score is based on 20 ratings,20,Was $5 23/06/16,True
17cabe33-7b8f-4319-8263-88a89175d804,Woolworths Supermarket,Health & Beauty,Rexona Women Antiperspirant Deodorant Clinical Gentle Dry 45ml,789425,$9.10,$20.22 / 100ML,https://www.woolworths.com.au/shop/productdetails/789425/rexona-women-antiperspirant-deodorant-clinical-gentle-dry,https://cdn0.woolworths.media/content/wowproductimages/medium/789425.jpg,2020-09-20 19:49:44,Average product rating out of 5: 4.6. Product score is based on 23 ratings,23,,True
2407af9c-1e25-4159-ab88-3b5654c224de,Woolworths Supermarket,Health & Beauty,Rexona Women Antiperspirant Deodorant Clinical Shower Clean 45ml,789433,$9.10,$20.22 / 100ML,https://www.woolworths.com.au/shop/productdetails/789433/rexona-women-antiperspirant-deodorant-clinical-shower-clean,https://cdn0.woolworths.media/content/wowproductimages/medium/789433.jpg,2020-09-20 19:49:44,Average product rating out of 5: 4.6. Product score is based on 14 ratings,14,,True
87949d34-9435-49d1-9b48-870fab2702d7,Woolworths Supermarket,Health & Beauty,Rexona Clinical Protection Summer Strength 45ml,789434,$9.10,$20.22 / 100ML,https://www.woolworths.com.au/shop/productdetails/789434/rexona-clinical-protection-summer-strength,https://cdn0.woolworths.media/content/wowproductimages/medium/789434.jpg,2020-09-20 19:49:44,Average product rating out of 5: 4.8. Product score is based on 38 ratings,38,,True
80fff9e5-175c-469a-8648-b9d63b3b38a8,Woolworths Supermarket,Health & Beauty,Head & Shoulders Old Spice 2in1 180ml,790237,$6.40,$3.56 / 100ML,https://www.woolworths.com.au/shop/productdetails/790237/head-shoulders-old-spice-2in1,https://cdn0.woolworths.media/content/wowproductimages/medium/790237.jpg,2020-09-20 19:49:44,Average product rating out of 5: 4.0. Product score is based on 2 ratings,2,,True
18dbae33-eb8a-4019-ba9f-53acbaad97e6,Woolworths Supermarket,Health & Beauty,Nivea Stress Protect Aerosol Antiperspirant Deodorant 250ml,790555,$6.50,$2.60 / 100ML,https://www.woolworths.com.au/shop/productdetails/790555/nivea-stress-protect-aerosol-antiperspirant-deodorant,https://cdn0.woolworths.media/content/wowproductimages/medium/790555.jpg,2020-09-20 19:49:44,Average product rating out of 5: 3.8. Product score is based on 15 ratings,15,,True
34e1d485-ba10-4801-b29e-d30a3342fe8d,Woolworths Supermarket,Health & Beauty,Nivea Black & White Clear Aerosol Antiperspirant Deodorant 250ml,790566,$5.20,$2.08 / 100ML,https://www.woolworths.com.au/shop/productdetails/790566/nivea-black-white-clear-aerosol-antiperspirant-deodorant,https://cdn0.woolworths.media/content/wowproductimages/medium/790566.jpg,2020-09-20 19:49:44,Average product rating out of 5: 4.6. Product score is based on 30 ratings,30,,True
92d6198d-8845-421d-a6c9-82ee4d1307b3,Woolworths Supermarket,Health & Beauty,Nivea Double Effect Aerosol Antiperspirant Deodorant 250ml,790569,$6.50,$2.60 / 100ML,https://www.woolworths.com.au/shop/productdetails/790569/nivea-double-effect-aerosol-antiperspirant-deodorant,https://cdn0.woolworths.media/content/wowproductimages/medium/790569.jpg,2020-09-20 19:49:44,Average product rating out of 5: 4.5. Product score is based on 18 ratings,18,,True
12018648-e489-49ba-9748-de9a8c55bdb5,Woolworths Supermarket,Health & Beauty,Maybelline Eye & Lip Makeup Remover 70ml,790805,$3.60,$5.14 / 100ML,https://www.woolworths.com.au/shop/productdetails/790805/maybelline-eye-lip-makeup-remover,https://cdn0.woolworths.media/content/wowproductimages/medium/790805.jpg,2020-09-20 19:49:44,Average product rating out of 5: 4.3. Product score is based on 3 ratings,3,,True
efc41841-c248-4827-8323-cd7af609a591,Woolworths Supermarket,Health & Beauty,Maybelline Matte Maker Pressed Powder - 10 Classic Ivory 16g,790808,$7.20,,https://www.woolworths.com.au/shop/productdetails/790808/maybelline-matte-maker-pressed-powder-10-classic-ivory,https://cdn0.woolworths.media/content/wowproductimages/medium/790808.jpg,2020-09-20 19:49:44,Average product rating out of 5: 3.0. Product score is based on 1 ratings,1,,True
c1c95037-c60a-45f6-b45d-24ee7180d35f,Woolworths Supermarket,Health & Beauty,Maybelline Matte Maker Pressed Powder - 30 Natural Beige 16g,790809,$7.20,,https://www.woolworths.com.au/shop/productdetails/790809/maybelline-matte-maker-pressed-powder-30-natural-beige,https://cdn0.woolworths.media/content/wowproductimages/medium/790809.jpg,2020-09-20 19:49:44,Average product rating out of 5: 5.0. Product score is based on 1 ratings,1,,True
adb97494-1774-4316-85bc-e3769e7c926c,Woolworths Supermarket,Health & Beauty,Help@hand Cotton Tips 200 pack,791100,$0.90,$0.45 / 100EA,https://www.woolworths.com.au/shop/productdetails/791100/help-hand-cotton-tips,https://cdn0.woolworths.media/content/wowproductimages/medium/791100.jpg,2020-09-20 19:49:44,Average product rating out of 5: 4.5. Product score is based on 1086 ratings,1086,,True
48bc3955-ad49-46ea-a28a-a91111d5856e,Woolworths Supermarket,Health & Beauty,Help@hand Cotton Ripple 100g,791121,$1.95,$1.95 / 100G,https://www.woolworths.com.au/shop/productdetails/791121/help-hand-cotton-ripple,https://cdn0.woolworths.media/content/wowproductimages/medium/791121.jpg,2020-09-20 19:49:44,Average product rating out of 5: 3.3. Product score is based on 264 ratings,264,,True
84aed2b6-418b-4f5a-924f-884cc5e7ef4d,Woolworths Supermarket,Health & Beauty,Help@hand Make Up Pads 80 pack,791122,$1.50,$1.88 / 100EA,https://www.woolworths.com.au/shop/productdetails/791122/help-hand-make-up-pads,https://cdn0.woolworths.media/content/wowproductimages/medium/791122.jpg,2020-09-20 19:49:44,Average product rating out of 5: 4.6. Product score is based on 396 ratings,396,,True
98008801-3392-46b9-ab4a-081fc65f8f7e,Woolworths Supermarket,Health & Beauty,Help@hand Cotton Balls 200 pack,791123,$1.60,$0.80 / 100EA,https://www.woolworths.com.au/shop/productdetails/791123/help-hand-cotton-balls,https://cdn0.woolworths.media/content/wowproductimages/medium/791123.jpg,2020-09-20 19:49:44,Average product rating out of 5: 4.6. Product score is based on 324 ratings,324,,True
d2e1cea9-d56c-4cb6-a4e4-7566d414bce2,Woolworths Supermarket,Health & Beauty,Palmolive Luminous Oils Moroccan Argan Oil & Camellia Protect Shampoo 350ml,791621,$4.00,$1.14 / 100ML,https://www.woolworths.com.au/shop/productdetails/791621/palmolive-luminous-oils-moroccan-argan-oil-camellia-protect-shampoo,https://cdn0.woolworths.media/content/wowproductimages/medium/791621.jpg,2020-09-20 19:49:44,Average product rating out of 5: 4.5. Product score is based on 12 ratings,12,,True
2e4080f3-ceee-4000-8d6f-fe88b7f6e3bf,Woolworths Supermarket,Health & Beauty,Palmolive Luminous Oils Moroccan Argan Oil Camellia Hair Conditioner 350ml,792531,$4.00,$1.14 / 100ML,https://www.woolworths.com.au/shop/productdetails/792531/palmolive-luminous-oils-moroccan-argan-oil-camellia-hair-conditioner,https://cdn0.woolworths.media/content/wowproductimages/medium/792531.jpg,2020-09-20 19:49:44,Average product rating out of 5: 4.8. Product score is based on 11 ratings,11,,True
9fb58963-ed0e-4ba9-a26f-9b94a3a088e9,Woolworths Supermarket,Health & Beauty,Palmolive Luminous Oils Rose Petal Oil & Bamboo Restore & Renew Shampoo 350ml,792532,$4.00,$1.14 / 100ML,https://www.woolworths.com.au/shop/productdetails/792532/palmolive-luminous-oils-rose-petal-oil-bamboo-restore-renew-shampoo,https://cdn0.woolworths.media/content/wowproductimages/medium/792532.jpg,2020-09-20 19:49:44,Average product rating out of 5: 4.7. Product score is based on 14 ratings,14,,True
bb4aad92-8104-42eb-a71c-2f12f8d9841a,Woolworths Supermarket,Health & Beauty,Palmolive Luminous Oils Rose Petal Oil & Bamboo Renew Hair Conditioner 350ml,792534,$4.00,$1.14 / 100ML,https://www.woolworths.com.au/shop/productdetails/792534/palmolive-luminous-oils-rose-petal-oil-bamboo-renew-hair-conditioner,https://cdn0.woolworths.media/content/wowproductimages/medium/792534.jpg,2020-09-20 19:49:44,Average product rating out of 5: 4.8. Product score is based on 12 ratings,12,,True
febddd48-3d89-4397-a8f1-a3161a2f01d7,Woolworths Supermarket,Health & Beauty,Banana Boat Spf 50+ Sunscreen Sport Tube 100g,793126,$11.00,$11.00 / 100G,https://www.woolworths.com.au/shop/productdetails/793126/banana-boat-spf-50-sunscreen-sport-tube,https://cdn0.woolworths.media/content/wowproductimages/medium/793126.jpg,2020-09-20 19:49:44,Average product rating out of 5: 5.0. Product score is based on 1 ratings,1,,True
bb05c6a1-7e83-46f1-a318-8c710555e061,Woolworths Supermarket,Health & Beauty,Banana Boat Spf 50+ Sunscreen Sport 400g,793141,$21.00,$5.25 / 100G,https://www.woolworths.com.au/shop/productdetails/793141/banana-boat-spf-50-sunscreen-sport,https://cdn0.woolworths.media/content/wowproductimages/medium/793141.jpg,2020-09-20 19:49:44,Average product rating out of 5: 5.0. Product score is based on 5 ratings,5,,True
104bdd40-fa0a-46f2-87b2-89c67e2047b4,Woolworths Supermarket,Health & Beauty,Banana Boat Spf 50+ Sunscreen Everyday Pump 400g,793143,$21.00,$5.25 / 100G,https://www.woolworths.com.au/shop/productdetails/793143/banana-boat-spf-50-sunscreen-everyday-pump,https://cdn0.woolworths.media/content/wowproductimages/medium/793143.jpg,2020-09-20 19:49:44,Average product rating out of 5: 5.0. Product score is based on 3 ratings,3,,True
0df2b2c3-84b4-4e3a-bb3b-82e13d2adc36,Woolworths Supermarket,Health & Beauty,Biore Cleanser Deep Pore Charcoal 200ml,793174,$11.00,$5.50 / 100ML,https://www.woolworths.com.au/shop/productdetails/793174/biore-cleanser-deep-pore-charcoal,https://cdn0.woolworths.media/content/wowproductimages/medium/793174.jpg,2020-09-20 19:49:44,Average product rating out of 5: 4.2. Product score is based on 5 ratings,5,,True
4faa7a8b-9e28-4ce3-a90a-b897003f03d2,Woolworths Supermarket,Health & Beauty,Lynx Hair Styling Wax Clean Cut Look 75ml,793238,$7.00,$9.33 / 100ML,https://www.woolworths.com.au/shop/productdetails/793238/lynx-hair-styling-wax-clean-cut-look,https://cdn0.woolworths.media/content/wowproductimages/medium/793238.jpg,2020-09-20 19:49:44,Average product rating out of 5: 5.0. Product score is based on 1 ratings,1,,True
58890b66-58ba-4027-a58c-0d696ecfee55,Woolworths Supermarket,Health & Beauty,Lynx Hair Styling Paste Messy Look 75ml,793264,$7.00,$9.33 / 100ML,https://www.woolworths.com.au/shop/productdetails/793264/lynx-hair-styling-paste-messy-look,https://cdn0.woolworths.media/content/wowproductimages/medium/793264.jpg,2020-09-20 19:49:44,Average product rating out of 5: 4.5. Product score is based on 2 ratings,2,,True
e3c8c03b-b3b9-4c7e-b4a8-7ab71dc1ab9f,Woolworths Supermarket,Health & Beauty,Neutrogena Ultra Sheer Body Mist Spf 50 140g,793452,$9.30,$6.64 / 100G,https://www.woolworths.com.au/shop/productdetails/793452/neutrogena-ultra-sheer-body-mist-spf-50,https://cdn0.woolworths.media/content/wowproductimages/medium/793452.jpg,2020-09-20 19:49:44,Average product rating out of 5: 4.9. Product score is based on 10 ratings,10,,True
18ea56c4-bec4-4cab-a026-229014210fee,Woolworths Supermarket,Health & Beauty,Rosken Intensive Moisture Body Lotion 400ml,793548,$4.49,$1.12 / 100ML,https://www.woolworths.com.au/shop/productdetails/793548/rosken-intensive-moisture-body-lotion,https://cdn0.woolworths.media/content/wowproductimages/medium/793548.jpg,2020-09-20 19:49:44,Average product rating out of 5: 5.0. Product score is based on 2 ratings,2,,True
0494c096-e258-48ae-bb83-09e93ffcf206,Woolworths Supermarket,Health & Beauty,Schick Intuition Razor Pure Nourish Cartridges 3 pack,793575,$13.00,$4.33 / 1EA,https://www.woolworths.com.au/shop/productdetails/793575/schick-intuition-razor-pure-nourish-cartridges,https://cdn0.woolworths.media/content/wowproductimages/medium/793575.jpg,2020-09-20 19:49:44,Average product rating out of 5: 4.7. Product score is based on 27 ratings,27,,True
50278c79-1071-42c5-92a2-50a8bac4e96d,Woolworths Supermarket,Health & Beauty,Nivea Sun Spf 50+ Sunscreen Ultra Sport Spray 200ml,793748,$18.00,$9.00 / 100ML,https://www.woolworths.com.au/shop/productdetails/793748/nivea-sun-spf-50-sunscreen-ultra-sport-spray,https://cdn0.woolworths.media/content/wowproductimages/medium/793748.jpg,2020-09-20 19:49:44,Average product rating out of 5: 4.7. Product score is based on 6 ratings,6,,True
99872d1f-e728-4098-acef-c2e117a722a2,Woolworths Supermarket,Health & Beauty,Mcobeauty More Brows Brush On Fibre Gel Light/medium each,793981,$9.80,$28.00 / 10ML,https://www.woolworths.com.au/shop/productdetails/793981/mcobeauty-more-brows-brush-on-fibre-gel-light-medium,https://cdn0.woolworths.media/content/wowproductimages/medium/793981.jpg,2020-09-20 19:49:44,Average product rating out of 5: 4.0. Product score is based on 3 ratings,3,,True
83b129d0-f9dc-4ef6-b1ff-5b1129d51b7e,Woolworths Supermarket,Health & Beauty,Gillette Venus Extra Smooth Sensitive Razor Blades 4 pack,794496,$22.00,$5.50 / 1EA,https://www.woolworths.com.au/shop/productdetails/794496/gillette-venus-extra-smooth-sensitive-razor-blades,https://cdn0.woolworths.media/content/wowproductimages/medium/794496.jpg,2020-09-20 19:49:44,Average product rating out of 5: 5.0. Product score is based on 3 ratings,3,,True
51e83867-480a-48af-adeb-6362ad3233eb,Woolworths Supermarket,Health & Beauty,Gillette Venus Extra Smooth Sensitive Women's Razor + 2 Blades each,794508,$10.80,$10.80 / 1EA,https://www.woolworths.com.au/shop/productdetails/794508/gillette-venus-extra-smooth-sensitive-women-s-razor-2-blades,https://cdn0.woolworths.media/content/wowproductimages/medium/794508.jpg,2020-09-20 19:49:44,Average product rating out of 5: 5.0. Product score is based on 3 ratings,3,,True
0063a98e-7133-48f0-9002-f7b509704588,Woolworths Supermarket,Health & Beauty,Berocca Boost Energy Vitamin With Guarana Effervescent Tablets 20 pack,794632,$13.00,$65.00 / 100EA,https://www.woolworths.com.au/shop/productdetails/794632/berocca-boost-energy-vitamin-with-guarana-effervescent-tablets,https://cdn0.woolworths.media/content/wowproductimages/medium/794632.jpg,2020-09-20 19:49:44,Average product rating out of 5: 5.0. Product score is based on 2 ratings,2,,True
4ea82c49-c94e-4353-9d73-2e26fd813d7b,Woolworths Supermarket,Health & Beauty,Help@hand Menthol Inhaler each,795110,$5.00,$5.00 / 1EA,https://www.woolworths.com.au/shop/productdetails/795110/help-hand-menthol-inhaler,https://cdn0.woolworths.media/content/wowproductimages/medium/795110.jpg,2020-09-20 19:49:44,Average product rating out of 5: 5.0. Product score is based on 1 ratings,1,,True
b44976bd-fe13-4d93-aac9-9540ba4a2982,Woolworths Supermarket,Health & Beauty,Help@hand Chesty Cough Syrup Cherry Flavoured 200ml,795125,$6.50,$3.25 / 100ML,https://www.woolworths.com.au/shop/productdetails/795125/help-hand-chesty-cough-syrup-cherry-flavoured,https://cdn0.woolworths.media/content/wowproductimages/medium/795125.jpg,2020-09-20 19:49:44,,0,,True
b619d3e5-21c6-47d2-8a82-7ac9ddc0e38d,Woolworths Supermarket,Health & Beauty,Help@hand Dry Cough Syrup Honey And Lemon 200ml,795126,$6.50,$3.25 / 100ML,https://www.woolworths.com.au/shop/productdetails/795126/help-hand-dry-cough-syrup-honey-and-lemon,https://cdn0.woolworths.media/content/wowproductimages/medium/795126.jpg,2020-09-20 19:49:44,,0,,True
494fee03-4770-4e1c-9147-3e5b29efad88,Woolworths Supermarket,Health & Beauty,Select Vitamin B+c Effervescent Orange 15 tablets,795162,$4.50,$30.00 / 100EA,https://www.woolworths.com.au/shop/productdetails/795162/select-vitamin-b-c-effervescent-orange,https://cdn0.woolworths.media/content/wowproductimages/medium/795162.jpg,2020-09-20 19:49:44,Average product rating out of 5: 5.0. Product score is based on 5 ratings,5,,True
9f7d1144-d8ca-4ad6-acd1-f5f349cdd2ce,Woolworths Supermarket,Health & Beauty,Mitchum Women's Roll On Shower Fresh Antiperspirant & Deodorant 50ml,795293,$3.80,$7.60 / 100ML,https://www.woolworths.com.au/shop/productdetails/795293/mitchum-women-s-roll-on-shower-fresh-antiperspirant-deodorant,https://cdn0.woolworths.media/content/wowproductimages/medium/795293.jpg,2020-09-20 19:49:44,Average product rating out of 5: 4.9. Product score is based on 23 ratings,23,,True
3df153f4-945f-45e2-8940-f04bc649db2a,Woolworths Supermarket,Health & Beauty,Neutrogena Ultra Sheer Clear Face Sunscreen Liquid-lotion Spf 30 88ml,795370,$10.20,$11.59 / 100ML,https://www.woolworths.com.au/shop/productdetails/795370/neutrogena-ultra-sheer-clear-face-sunscreen-liquid-lotion-spf-30,https://cdn0.woolworths.media/content/wowproductimages/medium/795370.jpg,2020-09-20 19:49:44,Average product rating out of 5: 4.0. Product score is based on 2 ratings,2,,True
3a4e80f0-6666-4db8-9d8a-65b019f8021b,Woolworths Supermarket,Health & Beauty,Neutrogena Neutrogena Ultra Sheer Face Lotion Spf 50+ Sunscreen 88ml,795386,$10.20,$11.59 / 100ML,https://www.woolworths.com.au/shop/productdetails/795386/neutrogena-neutrogena-ultra-sheer-face-lotion-spf-50-sunscreen,https://cdn0.woolworths.media/content/wowproductimages/medium/795386.jpg,2020-09-20 19:49:44,Average product rating out of 5: 4.6. Product score is based on 11 ratings,11,,True
dedc01c2-6237-466a-8df6-baaa94064af6,Woolworths Supermarket,Health & Beauty,Bondi Sands Self Tan Foam Dark 200ml,795910,$20.00,$10.00 / 100ML,https://www.woolworths.com.au/shop/productdetails/795910/bondi-sands-self-tan-foam-dark,https://cdn0.woolworths.media/content/wowproductimages/medium/795910.jpg,2020-09-20 19:49:44,Average product rating out of 5: 4.7. Product score is based on 7 ratings,7,,True
71bd626b-2976-4f65-8f22-5454e63acb73,Woolworths Supermarket,Health & Beauty,Bondi Sands Tanning Mitt Tanning Mitt each,795919,$10.00,,https://www.woolworths.com.au/shop/productdetails/795919/bondi-sands-tanning-mitt-tanning-mitt,https://cdn0.woolworths.media/content/wowproductimages/medium/795919.jpg,2020-09-20 19:49:44,Average product rating out of 5: 4.5. Product score is based on 2 ratings,2,,True
53eab7c2-a8ad-41c9-b24d-a86e06270dea,Woolworths Supermarket,Health & Beauty,Bondi Sands Self Tan Foam Light Medium 200ml,795981,$20.00,$10.00 / 100ML,https://www.woolworths.com.au/shop/productdetails/795981/bondi-sands-self-tan-foam-light-medium,https://cdn0.woolworths.media/content/wowproductimages/medium/795981.jpg,2020-09-20 19:49:44,Average product rating out of 5: 5.0. Product score is based on 1 ratings,1,,True
7b460bd4-a3d9-4532-a83a-8c950540aac1,Woolworths Supermarket,Health & Beauty,Bondi Sands Tanning Gradual Tan 375ml,795983,$18.00,$4.80 / 100ML,https://www.woolworths.com.au/shop/productdetails/795983/bondi-sands-tanning-gradual-tan,https://cdn0.woolworths.media/content/wowproductimages/medium/795983.jpg,2020-09-20 19:49:44,Average product rating out of 5: 4.7. Product score is based on 3 ratings,3,,True
4989f8c2-2ea7-48ef-898e-9faf59adb591,Woolworths Supermarket,Health & Beauty,Tigi Bed Head Conditioner Dumb Blonde 200ml,796356,$19.00,$9.50 / 100ML,https://www.woolworths.com.au/shop/productdetails/796356/tigi-bed-head-conditioner-dumb-blonde,https://cdn0.woolworths.media/content/wowproductimages/medium/796356.jpg,2020-09-20 19:49:44,Average product rating out of 5: 5.0. Product score is based on 1 ratings,1,Was $25.00 15/05/2017,True
912d0aa2-bc7f-48bc-a51d-25ab5b03b63e,Woolworths Supermarket,Health & Beauty,Glow Printed Hair Turban each,796425,$9.00,,https://www.woolworths.com.au/shop/productdetails/796425/glow-printed-hair-turban,https://cdn0.woolworths.media/content/wowproductimages/medium/796425.jpg,2020-09-20 19:49:44,Average product rating out of 5: 5.0. Product score is based on 1 ratings,1,,True
fb47e330-4153-4d1b-b495-e5d438380e64,Woolworths Supermarket,Health & Beauty,Argan Oil Ceramic Thermal Round Brush 35mm each,797402,$16.00,,https://www.woolworths.com.au/shop/productdetails/797402/argan-oil-ceramic-thermal-round-brush-35mm,https://cdn0.woolworths.media/content/wowproductimages/medium/797402.jpg,2020-09-20 19:49:44,,0,,True
930ea597-1de3-4072-bd49-ba57b0bcc37f,Woolworths Supermarket,Health & Beauty,Argan Oil Large Cushion Paddle Brush each,797404,$16.00,,https://www.woolworths.com.au/shop/productdetails/797404/argan-oil-large-cushion-paddle-brush,https://cdn0.woolworths.media/content/wowproductimages/medium/797404.jpg,2020-09-20 19:49:44,,0,,True
307d565d-edb0-427a-bbf5-30bfe27985cc,Woolworths Supermarket,Health & Beauty,St Ives Even & Bright Scrub Pink Lemon & Mandarin 150ml,797873,$10.00,$6.67 / 100ML,https://www.woolworths.com.au/shop/productdetails/797873/st-ives-even-bright-scrub-pink-lemon-mandarin,https://cdn0.woolworths.media/content/wowproductimages/medium/797873.jpg,2020-09-20 19:49:44,Average product rating out of 5: 5.0. Product score is based on 5 ratings,5,,True
5ed171b1-97c1-419a-84d5-c571d86cef89,Woolworths Supermarket,Health & Beauty,Neutrogena Hydro Boost Water Gel 50g,798179,$27.00,$5.40 / 10G,https://www.woolworths.com.au/shop/productdetails/798179/neutrogena-hydro-boost-water-gel,https://cdn0.woolworths.media/content/wowproductimages/medium/798179.jpg,2020-09-20 19:49:44,Average product rating out of 5: 5.0. Product score is based on 8 ratings,8,,True
f0cfd063-9af2-4c3c-85ca-83d2320ad870,Woolworths Supermarket,Health & Beauty,Neutrogena Hydro Boost Night Concentrate 50g,798188,$27.00,$5.40 / 10G,https://www.woolworths.com.au/shop/productdetails/798188/neutrogena-hydro-boost-night-concentrate,https://cdn0.woolworths.media/content/wowproductimages/medium/798188.jpg,2020-09-20 19:49:44,Average product rating out of 5: 4.2. Product score is based on 5 ratings,5,,True
9016d974-c23e-4708-9f65-91774857ccc5,Woolworths Supermarket,Health & Beauty,Musashi High Protein Bar Cookies & Cream 90g,798290,$5.00,$5.56 / 100G,https://www.woolworths.com.au/shop/productdetails/798290/musashi-high-protein-bar-cookies-cream,https://cdn0.woolworths.media/content/wowproductimages/medium/798290.jpg,2020-09-20 19:49:44,Average product rating out of 5: 4.3. Product score is based on 4 ratings,4,,True
c38081fe-b45a-460b-b4a5-44f25a2a111b,Woolworths Supermarket,Health & Beauty,Atkins Endulge 3 Bar Chocolate Break 64.5g,798333,$7.00,$10.85 / 100G,https://www.woolworths.com.au/shop/productdetails/798333/atkins-endulge-3-bar-chocolate-break,https://cdn0.woolworths.media/content/wowproductimages/medium/798333.jpg,2020-09-20 19:49:44,Average product rating out of 5: 4.9. Product score is based on 15 ratings,15,,True
203c519b-baeb-4bec-8b65-775834e0bc11,Woolworths Supermarket,Health & Beauty,Aussie Bodies Hplc Cookies & Cream 100g,798377,$5.00,$5.00 / 100G,https://www.woolworths.com.au/shop/productdetails/798377/aussie-bodies-hplc-cookies-cream,https://cdn0.woolworths.media/content/wowproductimages/medium/798377.jpg,2020-09-20 19:49:44,Average product rating out of 5: 4.3. Product score is based on 3 ratings,3,,True
b39a9907-230c-480e-9109-cea9bd3de815,Woolworths Supermarket,Health & Beauty,Dove Nutritive Solutions Shampoo Intensive Repair 640ml,799229,$11.90,$1.86 / 100ML,https://www.woolworths.com.au/shop/productdetails/799229/dove-nutritive-solutions-shampoo-intensive-repair,https://cdn0.woolworths.media/content/wowproductimages/medium/799229.jpg,2020-09-20 19:49:44,Average product rating out of 5: 5.0. Product score is based on 12 ratings,12,,True
24756535-aed9-499b-8128-a4dcbb4f1b95,Woolworths Supermarket,Health & Beauty,Dove Nutritive Solutions Conditioner Intensive Repair 640ml,799238,$11.90,$1.86 / 100ML,https://www.woolworths.com.au/shop/productdetails/799238/dove-nutritive-solutions-conditioner-intensive-repair,https://cdn0.woolworths.media/content/wowproductimages/medium/799238.jpg,2020-09-20 19:49:44,Average product rating out of 5: 4.9. Product score is based on 9 ratings,9,,True
a2a2d7be-d8ba-4447-8b2b-8375a816d8c8,Woolworths Supermarket,Health & Beauty,Dove Nutritive Solutions Hair Shampoo Daily Moisture 320ml,799239,$6.90,$2.16 / 100ML,https://www.woolworths.com.au/shop/productdetails/799239/dove-nutritive-solutions-hair-shampoo-daily-moisture,https://cdn0.woolworths.media/content/wowproductimages/medium/799239.jpg,2020-09-20 19:49:44,Average product rating out of 5: 4.3. Product score is based on 4 ratings,4,,True
c93e4159-b59d-4e38-b0fc-76844547302e,Woolworths Supermarket,Health & Beauty,Dove Nutritive Solutions Shampoo Intensive Repair 320ml,799295,$6.90,$2.16 / 100ML,https://www.woolworths.com.au/shop/productdetails/799295/dove-nutritive-solutions-shampoo-intensive-repair,https://cdn0.woolworths.media/content/wowproductimages/medium/799295.jpg,2020-09-20 19:49:44,Average product rating out of 5: 4.5. Product score is based on 4 ratings,4,,True
ea593ac6-e0b6-414a-91c7-5df0386a0ec5,Woolworths Supermarket,Health & Beauty,Dove Nutritive Solutions Conditioner Daily Moisture 640ml,799296,$11.90,$1.86 / 100ML,https://www.woolworths.com.au/shop/productdetails/799296/dove-nutritive-solutions-conditioner-daily-moisture,https://cdn0.woolworths.media/content/wowproductimages/medium/799296.jpg,2020-09-20 19:49:44,Average product rating out of 5: 4.6. Product score is based on 9 ratings,9,,True
8ac4f6cb-4de3-46c0-8ac5-1518fbb10d13,Woolworths Supermarket,Health & Beauty,Dove Nutritive Solutions Hair Conditioner Daily Moisture 320ml,799297,$6.90,$2.16 / 100ML,https://www.woolworths.com.au/shop/productdetails/799297/dove-nutritive-solutions-hair-conditioner-daily-moisture,https://cdn0.woolworths.media/content/wowproductimages/medium/799297.jpg,2020-09-20 19:49:44,Average product rating out of 5: 5.0. Product score is based on 4 ratings,4,,True
215cd42e-971b-4b8a-a436-648e56117112,Woolworths Supermarket,Health & Beauty,Dove Nutritive Solutions Conditioner Intensive Repair 320ml,799320,$6.90,$2.16 / 100ML,https://www.woolworths.com.au/shop/productdetails/799320/dove-nutritive-solutions-conditioner-intensive-repair,https://cdn0.woolworths.media/content/wowproductimages/medium/799320.jpg,2020-09-20 19:49:44,Average product rating out of 5: 5.0. Product score is based on 2 ratings,2,,True
2344fea3-f044-4c21-8c0b-4011bdfed6e3,Woolworths Supermarket,Health & Beauty,Dove Nutritive Solutions Daily Moisture Shampoo 640ml,799332,$11.90,$1.86 / 100ML,https://www.woolworths.com.au/shop/productdetails/799332/dove-nutritive-solutions-daily-moisture-shampoo,https://cdn0.woolworths.media/content/wowproductimages/medium/799332.jpg,2020-09-20 19:49:44,Average product rating out of 5: 4.4. Product score is based on 10 ratings,10,,True
99fd2c3a-03a2-4575-be5d-92a47026fa95,Woolworths Supermarket,Health & Beauty,Aussie Bodies Protein Fx Lo Carb Peanut Butter Caramel 4x30g,799371,$9.00,$7.50 / 100G,https://www.woolworths.com.au/shop/productdetails/799371/aussie-bodies-protein-fx-lo-carb-peanut-butter-caramel,https://cdn0.woolworths.media/content/wowproductimages/medium/799371.jpg,2020-09-20 19:49:44,Average product rating out of 5: 4.2. Product score is based on 6 ratings,6,,True
43ac0879-c981-4779-b7ac-27fba7829f93,Woolworths Supermarket,Health & Beauty,Aussie Bodies Protein Fx Crunchy Fibre Honey Almond 40g,799373,$2.80,$7.00 / 100G,https://www.woolworths.com.au/shop/productdetails/799373/aussie-bodies-protein-fx-crunchy-fibre-honey-almond,https://cdn0.woolworths.media/content/wowproductimages/medium/799373.jpg,2020-09-20 19:49:44,Average product rating out of 5: 4.5. Product score is based on 4 ratings,4,,True
740fb406-c5db-41a1-b7a4-7897228f6bfa,Woolworths Supermarket,Health & Beauty,Crampeze Night Cramps Capsules 60 pack,799742,$20.00,$33.33 / 100EA,https://www.woolworths.com.au/shop/productdetails/799742/crampeze-night-cramps-capsules,https://cdn0.woolworths.media/content/wowproductimages/medium/799742.jpg,2020-09-20 19:49:44,Average product rating out of 5: 5.0. Product score is based on 3 ratings,3,,True
df6e66e9-4c63-41a5-be5f-f2c1658a495e,Woolworths Supermarket,Health & Beauty,Nicorette Quit Smoking Regular Strength Fresh Fruit Gum 2mg 75 pack,800065,$29.00,$0.39 / 1EA,https://www.woolworths.com.au/shop/productdetails/800065/nicorette-quit-smoking-regular-strength-fresh-fruit-gum-2mg,https://cdn0.woolworths.media/content/wowproductimages/medium/800065.jpg,2020-09-20 19:49:44,Average product rating out of 5: 5.0. Product score is based on 1 ratings,1,,True
1c6b8e2a-009e-40b0-9526-2e4eeeaec6ed,Woolworths Supermarket,Health & Beauty,Nicorette Quit Smoking Extra Strength Fresh Fruit Chewing Gum 4mg 75 pack,800066,$29.00,$0.39 / 1EA,https://www.woolworths.com.au/shop/productdetails/800066/nicorette-quit-smoking-extra-strength-fresh-fruit-chewing-gum-4mg,https://cdn0.woolworths.media/content/wowproductimages/medium/800066.jpg,2020-09-20 19:49:44,,0,,True
01a9f407-53dd-4198-b444-8ecff4da32d2,Woolworths Supermarket,Health & Beauty,Band-aid Avengers Waterproof Strips Jumbo 15 pack,800067,$2.50,$16.67 / 100EA,https://www.woolworths.com.au/shop/productdetails/800067/band-aid-avengers-waterproof-strips-jumbo,https://cdn0.woolworths.media/content/wowproductimages/medium/800067.jpg,2020-09-20 19:49:44,Average product rating out of 5: 4.5. Product score is based on 4 ratings,4,,True
93abef35-6e5b-466f-aa44-cfa3d7d163ad,Woolworths Supermarket,Health & Beauty,Tigi Bed Head Recovery Conditioner 200ml,800767,$19.00,$9.50 / 100ML,https://www.woolworths.com.au/shop/productdetails/800767/tigi-bed-head-recovery-conditioner,https://cdn0.woolworths.media/content/wowproductimages/medium/800767.jpg,2020-09-20 19:49:44,Average product rating out of 5: 5.0. Product score is based on 1 ratings,1,Was $25.00 15/05/2017,True
adb8c38f-ec57-4bc6-9926-4c1b2488ee07,Woolworths Supermarket,Health & Beauty,Tigi Bed Head Recovery Shampoo 250ml,800768,$19.00,$7.60 / 100ML,https://www.woolworths.com.au/shop/productdetails/800768/tigi-bed-head-recovery-shampoo,https://cdn0.woolworths.media/content/wowproductimages/medium/800768.jpg,2020-09-20 19:49:44,Average product rating out of 5: 5.0. Product score is based on 2 ratings,2,Was $25.00 15/05/2017,True
494b1c60-751e-4643-b6d8-101b99db0ac5,Woolworths Supermarket,Health & Beauty,Depend Real Fit For Women Underwear Large 8pk,800809,$12.00,$1.50 / 1EA,https://www.woolworths.com.au/shop/productdetails/800809/depend-real-fit-for-women-underwear-large,https://cdn0.woolworths.media/content/wowproductimages/medium/800809.jpg,2020-09-20 19:49:44,,0,Was $12.99 18/04/2017,True
89c844da-f899-44c5-9b6b-444995b9f2ef,Woolworths Supermarket,Health & Beauty,Depend Real Fit For Women Underwear Medium 8pk,800830,$12.00,$1.50 / 1EA,https://www.woolworths.com.au/shop/productdetails/800830/depend-real-fit-for-women-underwear-medium,https://cdn0.woolworths.media/content/wowproductimages/medium/800830.jpg,2020-09-20 19:49:44,,0,Was $12.99 18/04/2017,True
a940c452-67de-4341-a9b0-d1218c08f329,Woolworths Supermarket,Health & Beauty,Hydralyte Electrolyte Solution Orange 1l,801226,$14.00,$1.40 / 100ML,https://www.woolworths.com.au/shop/productdetails/801226/hydralyte-electrolyte-solution-orange,https://cdn0.woolworths.media/content/wowproductimages/medium/801226.jpg,2020-09-20 19:49:44,Average product rating out of 5: 4.5. Product score is based on 2 ratings,2,,True
df06cd0d-b07d-4067-bc52-029f18b0c756,Woolworths Supermarket,Health & Beauty,Hydralyte Electrolyte Ice Block Orange 16 sachets,801236,$14.00,$0.88 / 1EA,https://www.woolworths.com.au/shop/productdetails/801236/hydralyte-electrolyte-ice-block-orange,https://cdn0.woolworths.media/content/wowproductimages/medium/801236.jpg,2020-09-20 19:49:44,Average product rating out of 5: 4.8. Product score is based on 4 ratings,4,,True
8354e81d-4915-48f0-9f50-42dee9e8ec6e,Woolworths Supermarket,Health & Beauty,Hydralyte Powder Sachets Orange 10 sachets,801237,$14.00,$1.40 / 1EA,https://www.woolworths.com.au/shop/productdetails/801237/hydralyte-powder-sachets-orange,https://cdn0.woolworths.media/content/wowproductimages/medium/801237.jpg,2020-09-20 19:49:44,Average product rating out of 5: 5.0. Product score is based on 2 ratings,2,,True
4f5728b0-23bd-4375-b6f0-2de106779b22,Woolworths Supermarket,Health & Beauty,Hydralyte Electrolyte Powder Sachets Apple Blackcurrant 10 pack,801256,$14.00,$1.40 / 1EA,https://www.woolworths.com.au/shop/productdetails/801256/hydralyte-electrolyte-powder-sachets-apple-blackcurrant,https://cdn0.woolworths.media/content/wowproductimages/medium/801256.jpg,2020-09-20 19:49:44,Average product rating out of 5: 5.0. Product score is based on 5 ratings,5,,True
ae49cb9f-f287-45df-b519-15917bb60a34,Woolworths Supermarket,Health & Beauty,Berocca Energy Vitamin Mango & Orange Effervescent Tablets 30 pack,801915,$12.90,$43.00 / 100EA,https://www.woolworths.com.au/shop/productdetails/801915/berocca-energy-vitamin-mango-orange-effervescent-tablets,https://cdn0.woolworths.media/content/wowproductimages/medium/801915.jpg,2020-09-20 19:49:44,Average product rating out of 5: 5.0. Product score is based on 1 ratings,1,,True
093efe33-1240-415e-a5f5-0eff88a67811,Woolworths Supermarket,Health & Beauty,Essano Rosehip Moisturiser Pure Defence Spf15 75ml,802156,$20.00,$26.67 / 100ML,https://www.woolworths.com.au/shop/productdetails/802156/essano-rosehip-moisturiser-pure-defence-spf15,https://cdn0.woolworths.media/content/wowproductimages/medium/802156.jpg,2020-09-20 19:49:44,Average product rating out of 5: 3.0. Product score is based on 1 ratings,1,,True
3eb1cf20-6f3a-47be-8c14-f75e5ca15795,Woolworths Supermarket,Health & Beauty,Essano Rosehip Facial Exfoliator Gentle 100ml,802157,$15.00,$15.00 / 100ML,https://www.woolworths.com.au/shop/productdetails/802157/essano-rosehip-facial-exfoliator-gentle,https://cdn0.woolworths.media/content/wowproductimages/medium/802157.jpg,2020-09-20 19:49:44,Average product rating out of 5: 5.0. Product score is based on 3 ratings,3,,True
88d1020a-4542-4abb-8b3c-8e63d70051e9,Woolworths Supermarket,Health & Beauty,Garnier Fructis Normal Strength & Shine Conditioner 315ml,802535,$4.90,$1.56 / 100ML,https://www.woolworths.com.au/shop/productdetails/802535/garnier-fructis-normal-strength-shine-conditioner,https://cdn0.woolworths.media/content/wowproductimages/medium/802535.jpg,2020-09-20 19:49:44,Average product rating out of 5: 5.0. Product score is based on 1 ratings,1,,True
51ee161a-f35a-4d98-a516-4b651615d445,Woolworths Supermarket,Health & Beauty,Garnier Fructis Normal Strength & Shine Shampoo 315ml,802536,$4.90,$1.56 / 100ML,https://www.woolworths.com.au/shop/productdetails/802536/garnier-fructis-normal-strength-shine-shampoo,https://cdn0.woolworths.media/content/wowproductimages/medium/802536.jpg,2020-09-20 19:49:44,,0,,True
fb8bc558-0777-4944-ad01-f57b9b3c84a0,Woolworths Supermarket,Health & Beauty,Garnier Fructis Colour Last Shampoo Shampoo 315ml,802537,$4.90,$1.56 / 100ML,https://www.woolworths.com.au/shop/productdetails/802537/garnier-fructis-colour-last-shampoo-shampoo,https://cdn0.woolworths.media/content/wowproductimages/medium/802537.jpg,2020-09-20 19:49:44,Average product rating out of 5: 5.0. Product score is based on 1 ratings,1,,True
b751954d-bbfd-4f8e-9fb9-95dadb20e806,Woolworths Supermarket,Health & Beauty,Garnier Fructis Colour Last Conditioner 315ml,802538,$4.90,$1.56 / 100ML,https://www.woolworths.com.au/shop/productdetails/802538/garnier-fructis-colour-last-conditioner,https://cdn0.woolworths.media/content/wowproductimages/medium/802538.jpg,2020-09-20 19:49:44,Average product rating out of 5: 5.0. Product score is based on 2 ratings,2,,True
a0c1586e-c6fd-455d-bafe-3de4dbb1aa6b,Woolworths Supermarket,Health & Beauty,Garnier Fructis Coconut Water Shampoo Shampoo 315ml,802539,$4.90,$1.56 / 100ML,https://www.woolworths.com.au/shop/productdetails/802539/garnier-fructis-coconut-water-shampoo-shampoo,https://cdn0.woolworths.media/content/wowproductimages/medium/802539.jpg,2020-09-20 19:49:44,Average product rating out of 5: 5.0. Product score is based on 2 ratings,2,,True
c160c099-0e23-4ac6-b1d7-ba068ad88b28,Woolworths Supermarket,Health & Beauty,Garnier Fructis Coconut Water Conditioner 315ml,802560,$4.90,$1.56 / 100ML,https://www.woolworths.com.au/shop/productdetails/802560/garnier-fructis-coconut-water-conditioner,https://cdn0.woolworths.media/content/wowproductimages/medium/802560.jpg,2020-09-20 19:49:44,Average product rating out of 5: 5.0. Product score is based on 1 ratings,1,,True
9c3b42d2-5f89-46bd-a501-099ed3ab0a1a,Woolworths Supermarket,Health & Beauty,Garnier Fructis Full & Luscious Shampoo 315ml,802561,$4.90,$1.56 / 100ML,https://www.woolworths.com.au/shop/productdetails/802561/garnier-fructis-full-luscious-shampoo,https://cdn0.woolworths.media/content/wowproductimages/medium/802561.jpg,2020-09-20 19:49:44,,0,,True
3cd01624-d8c3-4185-bdeb-bfd4fd12bffe,Woolworths Supermarket,Health & Beauty,Garnier Fructis Full & Luscious Conditioner 315ml,802562,$4.90,$1.56 / 100ML,https://www.woolworths.com.au/shop/productdetails/802562/garnier-fructis-full-luscious-conditioner,https://cdn0.woolworths.media/content/wowproductimages/medium/802562.jpg,2020-09-20 19:49:44,Average product rating out of 5: 5.0. Product score is based on 1 ratings,1,,True
1e868159-4b6b-4a3a-8d67-2933df250deb,Woolworths Supermarket,Health & Beauty,Garnier Fructis Nutri-repair 3 Shampoo 315ml,802563,$4.90,$1.56 / 100ML,https://www.woolworths.com.au/shop/productdetails/802563/garnier-fructis-nutri-repair-3-shampoo,https://cdn0.woolworths.media/content/wowproductimages/medium/802563.jpg,2020-09-20 19:49:44,,0,,True
05a3451f-256e-4bb5-9a28-a923a06d797f,Woolworths Supermarket,Health & Beauty,Garnier Fructis Nutri-repair 3 Conditioner 315ml,802564,$4.90,$1.56 / 100ML,https://www.woolworths.com.au/shop/productdetails/802564/garnier-fructis-nutri-repair-3-conditioner,https://cdn0.woolworths.media/content/wowproductimages/medium/802564.jpg,2020-09-20 19:49:44,,0,,True
865ea408-25c6-4fdd-bd3a-1f647c81e991,Woolworths Supermarket,Health & Beauty,Garnier Fructis Coconut No-frizz Shampoo 315ml,802567,$4.90,$1.56 / 100ML,https://www.woolworths.com.au/shop/productdetails/802567/garnier-fructis-coconut-no-frizz-shampoo,https://cdn0.woolworths.media/content/wowproductimages/medium/802567.jpg,2020-09-20 19:49:44,,0,,True
d463caca-74d8-4f71-b2b4-c206cf41d8b9,Woolworths Supermarket,Health & Beauty,Garnier Fructis Coconut No-frizz Conditioner 315ml,802568,$4.90,$1.56 / 100ML,https://www.woolworths.com.au/shop/productdetails/802568/garnier-fructis-coconut-no-frizz-conditioner,https://cdn0.woolworths.media/content/wowproductimages/medium/802568.jpg,2020-09-20 19:49:44,,0,,True
97012cfe-3394-44bb-82d9-ca08bcefb2cc,Woolworths Supermarket,Health & Beauty,Garnier Fructis Normal Strength & Shine Shampoo 850ml,802569,$10.50,$1.24 / 100ML,https://www.woolworths.com.au/shop/productdetails/802569/garnier-fructis-normal-strength-shine-shampoo,https://cdn0.woolworths.media/content/wowproductimages/medium/802569.jpg,2020-09-20 19:49:44,,0,,True
f3ad49b4-de4c-4c56-8a80-42344ea276ea,Woolworths Supermarket,Health & Beauty,Garnier Fructis Normal Strength & Shine Conditioner 850ml,802570,$10.50,$1.24 / 100ML,https://www.woolworths.com.au/shop/productdetails/802570/garnier-fructis-normal-strength-shine-conditioner,https://cdn0.woolworths.media/content/wowproductimages/medium/802570.jpg,2020-09-20 19:49:44,,0,,True
97b5b56a-9bb2-447d-a8a7-01f408f79cb2,Woolworths Supermarket,Health & Beauty,Garnier Fructis Nutri-repair 3 Shampoo 850ml,802571,$10.50,$1.24 / 100ML,https://www.woolworths.com.au/shop/productdetails/802571/garnier-fructis-nutri-repair-3-shampoo,https://cdn0.woolworths.media/content/wowproductimages/medium/802571.jpg,2020-09-20 19:49:44,,0,,True
0259e36d-7bf2-481d-aabc-17dd4e2f503b,Woolworths Supermarket,Health & Beauty,Garnier Fructis Nutri-repair 3 Conditioner 850ml,802572,$10.50,$1.24 / 100ML,https://www.woolworths.com.au/shop/productdetails/802572/garnier-fructis-nutri-repair-3-conditioner,https://cdn0.woolworths.media/content/wowproductimages/medium/802572.jpg,2020-09-20 19:49:44,,0,,True
a0b37d07-60bc-466e-a6b9-e33f4b6366e7,Woolworths Supermarket,Health & Beauty,Garnier Fructis Coconut Water Conditioner 850ml,802575,$10.50,$1.24 / 100ML,https://www.woolworths.com.au/shop/productdetails/802575/garnier-fructis-coconut-water-conditioner,https://cdn0.woolworths.media/content/wowproductimages/medium/802575.jpg,2020-09-20 19:49:44,,0,,True
64f9aeeb-e4ee-4562-b39a-39f8061c550e,Woolworths Supermarket,Health & Beauty,Garnier Fructis Coconut Water Shampoo Shampoo 850ml,802576,$10.50,$1.24 / 100ML,https://www.woolworths.com.au/shop/productdetails/802576/garnier-fructis-coconut-water-shampoo-shampoo,https://cdn0.woolworths.media/content/wowproductimages/medium/802576.jpg,2020-09-20 19:49:44,,0,,True
03fff982-46d0-42b4-a6dc-fb28b202bf79,Woolworths Supermarket,Health & Beauty,Skin Republic Gold Peel-off each,802587,,,https://www.woolworths.com.au/shop/productdetails/802587/skin-republic-gold-peel-off,https://cdn0.woolworths.media/content/wowproductimages/medium/802587.jpg,2020-09-20 19:49:44,,0,,False
c60eee54-f01b-4e02-9f76-d436c1378bb9,Woolworths Supermarket,Health & Beauty,Bounce Plant Protein Almond Butter 42g,802720,$3.00,$7.14 / 100G,https://www.woolworths.com.au/shop/productdetails/802720/bounce-plant-protein-almond-butter,https://cdn0.woolworths.media/content/wowproductimages/medium/802720.jpg,2020-09-20 19:49:44,,0,,True
c006736e-fde5-47a4-b57b-3806f056bae6,Woolworths Supermarket,Health & Beauty,Le Tan Uber Glow Gradual Tan Lotion 250ml,802953,$10.50,$10.50 / 1EA,https://www.woolworths.com.au/shop/productdetails/802953/le-tan-uber-glow-gradual-tan-lotion,https://cdn0.woolworths.media/content/wowproductimages/medium/802953.jpg,2020-09-20 19:49:44,,0,,True
fb9f7763-3246-490d-aee7-ef7f61c56c03,Woolworths Supermarket,Health & Beauty,Nivea Men Deep Face & Beard Wash 100ml,803240,$6.30,$6.30 / 100ML,https://www.woolworths.com.au/shop/productdetails/803240/nivea-men-deep-face-beard-wash,https://cdn0.woolworths.media/content/wowproductimages/medium/803240.jpg,2020-09-20 19:49:44,,0,,True
2be3eebb-3076-4c50-8ca6-a93fbeeeff67,Woolworths Supermarket,Health & Beauty,Nivea Men Deep Shave Gel 200ml,803241,$6.00,$3.00 / 100ML,https://www.woolworths.com.au/shop/productdetails/803241/nivea-men-deep-shave-gel,https://cdn0.woolworths.media/content/wowproductimages/medium/803241.jpg,2020-09-20 19:49:44,,0,,True
875e86d2-bbfd-4341-b316-04ee48ab9ab4,Woolworths Supermarket,Health & Beauty,Clearblue Pregnancy Visual Test Early Detection 3 pack,803377,$18.00,$6.00 / 1EA,https://www.woolworths.com.au/shop/productdetails/803377/clearblue-pregnancy-visual-test-early-detection,https://cdn0.woolworths.media/content/wowproductimages/medium/803377.jpg,2020-09-20 19:49:44,,0,,True
8c513bac-dbe2-4818-bc07-0c1a93e9b40d,Woolworths Supermarket,Health & Beauty,Tampax Compak Pearl Regular 18 pack,803718,$6.35,$0.35 / 1EA,https://www.woolworths.com.au/shop/productdetails/803718/tampax-compak-pearl-regular,https://cdn0.woolworths.media/content/wowproductimages/medium/803718.jpg,2020-09-20 19:49:44,,0,,True
816ff540-f52d-4372-94fb-3b1322526e66,Woolworths Supermarket,Health & Beauty,Tampax Compak Pearl Super 18 pack,803719,$6.35,$0.35 / 1EA,https://www.woolworths.com.au/shop/productdetails/803719/tampax-compak-pearl-super,https://cdn0.woolworths.media/content/wowproductimages/medium/803719.jpg,2020-09-20 19:49:44,,0,,True
c13a4000-1ea8-4b9f-95e7-4f3196541c48,Woolworths Supermarket,Health & Beauty,Bondi Sands 1 Hour Express Tan 225ml,803748,$25.00,$11.11 / 100ML,https://www.woolworths.com.au/shop/productdetails/803748/bondi-sands-1-hour-express-tan,https://cdn0.woolworths.media/content/wowproductimages/medium/803748.jpg,2020-09-20 19:49:44,Average product rating out of 5: 4.8. Product score is based on 5 ratings,5,,True
7550d041-2031-4227-b717-d0a26a00be16,Woolworths Supermarket,Health & Beauty,Extra Care Ultimate Repair Shampoo 900ml,803889,$9.80,$1.09 / 100ML,https://www.woolworths.com.au/shop/productdetails/803889/extra-care-ultimate-repair-shampoo,https://cdn0.woolworths.media/content/wowproductimages/medium/803889.jpg,2020-09-20 19:49:44,Average product rating out of 5: 5.0. Product score is based on 2 ratings,2,,True
9723e60e-26fb-4f34-a439-30ef5de7fa87,Woolworths Supermarket,Health & Beauty,Extra Care Ultimate Repair Conditioner 900ml,803890,$9.80,$1.09 / 100ML,https://www.woolworths.com.au/shop/productdetails/803890/extra-care-ultimate-repair-conditioner,https://cdn0.woolworths.media/content/wowproductimages/medium/803890.jpg,2020-09-20 19:49:44,Average product rating out of 5: 5.0. Product score is based on 2 ratings,2,,True
4df490f3-67cb-46da-a95a-53d7ef7a3435,Woolworths Supermarket,Health & Beauty,Extra Care Colour Protect & Shine Shampoo 900ml,803891,$9.80,$1.09 / 100ML,https://www.woolworths.com.au/shop/productdetails/803891/extra-care-colour-protect-shine-shampoo,https://cdn0.woolworths.media/content/wowproductimages/medium/803891.jpg,2020-09-20 19:49:44,Average product rating out of 5: 3.0. Product score is based on 2 ratings,2,,True
d5e9806c-da3d-4004-b9cf-80402d1561f2,Woolworths Supermarket,Health & Beauty,Extra Care Colour Protect & Shine Conditioner 900ml,803892,$9.80,$1.09 / 100ML,https://www.woolworths.com.au/shop/productdetails/803892/extra-care-colour-protect-shine-conditioner,https://cdn0.woolworths.media/content/wowproductimages/medium/803892.jpg,2020-09-20 19:49:44,Average product rating out of 5: 5.0. Product score is based on 3 ratings,3,,True
aef1994a-67cd-4095-bc61-c5ef19e22bff,Woolworths Supermarket,Health & Beauty,Extra Care Fibre Therapy Shampoo 900ml,803893,$9.80,$1.09 / 100ML,https://www.woolworths.com.au/shop/productdetails/803893/extra-care-fibre-therapy-shampoo,https://cdn0.woolworths.media/content/wowproductimages/medium/803893.jpg,2020-09-20 19:49:44,,0,,True
5e796085-13db-4796-b969-0fc331f81fd5,Woolworths Supermarket,Health & Beauty,Extra Care Fibre Therapy Conditioner 900ml,803894,$9.80,$1.09 / 100ML,https://www.woolworths.com.au/shop/productdetails/803894/extra-care-fibre-therapy-conditioner,https://cdn0.woolworths.media/content/wowproductimages/medium/803894.jpg,2020-09-20 19:49:44,,0,,True
9f2cf319-0cf8-4487-a87a-436bd50ef6ae,Woolworths Supermarket,Health & Beauty,Schwarzkopf Got2b Glued Hairspray 300ml,803895,$13.00,$4.33 / 100ML,https://www.woolworths.com.au/shop/productdetails/803895/schwarzkopf-got2b-glued-hairspray,https://cdn0.woolworths.media/content/wowproductimages/medium/803895.jpg,2020-09-20 19:49:44,,0,,True
1e41cdd9-9acd-4206-b276-379f56f7189f,Woolworths Supermarket,Health & Beauty,Sunsilk Conditioner Summer Care 700ml,804087,$7.00,$1.00 / 100ML,https://www.woolworths.com.au/shop/productdetails/804087/sunsilk-conditioner-summer-care,https://cdn0.woolworths.media/content/wowproductimages/medium/804087.jpg,2020-09-20 19:49:44,Average product rating out of 5: 4.8. Product score is based on 8 ratings,8,,True
79c6c37c-d22f-439d-bdd0-b5c6dd467760,Woolworths Supermarket,Health & Beauty,Sunsilk Summer Care Shampoo 350ml,804088,$5.50,$1.57 / 100ML,https://www.woolworths.com.au/shop/productdetails/804088/sunsilk-summer-care-shampoo,https://cdn0.woolworths.media/content/wowproductimages/medium/804088.jpg,2020-09-20 19:49:44,Average product rating out of 5: 4.4. Product score is based on 5 ratings,5,,True
c41a5dea-7f43-405f-b2b9-73a034c25609,Woolworths Supermarket,Health & Beauty,Garnier Fructis Full & Luscious Conditioner 850ml,804089,$10.50,$1.24 / 100ML,https://www.woolworths.com.au/shop/productdetails/804089/garnier-fructis-full-luscious-conditioner,https://cdn0.woolworths.media/content/wowproductimages/medium/804089.jpg,2020-09-20 19:49:44,Average product rating out of 5: 4.8. Product score is based on 4 ratings,4,,True
f928ba28-a9f6-4013-bc66-103f63054198,Woolworths Supermarket,Health & Beauty,Garnier Fructis Colour Last Conditioner 850ml,804092,$10.50,$1.24 / 100ML,https://www.woolworths.com.au/shop/productdetails/804092/garnier-fructis-colour-last-conditioner,https://cdn0.woolworths.media/content/wowproductimages/medium/804092.jpg,2020-09-20 19:49:44,,0,,True
1f1550c1-de01-4566-a7d0-805196c2305e,Woolworths Supermarket,Health & Beauty,Sunsilk Summer Care Shampoo Coconut Oil & Hibiscus 700ml,804093,$7.00,$1.00 / 100ML,https://www.woolworths.com.au/shop/productdetails/804093/sunsilk-summer-care-shampoo-coconut-oil-hibiscus,https://cdn0.woolworths.media/content/wowproductimages/medium/804093.jpg,2020-09-20 19:49:44,Average product rating out of 5: 4.9. Product score is based on 12 ratings,12,,True
1f501ee2-ebca-4a1e-8117-a58e31521366,Woolworths Supermarket,Health & Beauty,Sunsilk Summer Care Conditioner 350ml,804094,$5.50,$1.57 / 100ML,https://www.woolworths.com.au/shop/productdetails/804094/sunsilk-summer-care-conditioner,https://cdn0.woolworths.media/content/wowproductimages/medium/804094.jpg,2020-09-20 19:49:44,Average product rating out of 5: 3.8. Product score is based on 4 ratings,4,,True
7476d583-8fd5-4972-a0cb-58fee69da005,Woolworths Supermarket,Health & Beauty,Garnier Fructis Colour Last Shampoo Shampoo 850ml,804095,$10.50,$1.24 / 100ML,https://www.woolworths.com.au/shop/productdetails/804095/garnier-fructis-colour-last-shampoo-shampoo,https://cdn0.woolworths.media/content/wowproductimages/medium/804095.jpg,2020-09-20 19:49:44,Average product rating out of 5: 5.0. Product score is based on 1 ratings,1,,True
7ca408ad-c096-4c6e-bc88-bdceec95459a,Woolworths Supermarket,Health & Beauty,Garnier Fructis Full & Luscious Shampoo 850ml,804101,$10.50,$1.24 / 100ML,https://www.woolworths.com.au/shop/productdetails/804101/garnier-fructis-full-luscious-shampoo,https://cdn0.woolworths.media/content/wowproductimages/medium/804101.jpg,2020-09-20 19:49:44,Average product rating out of 5: 5.0. Product score is based on 4 ratings,4,,True
106d9552-34ff-465c-b64d-b782bee970b6,Woolworths Supermarket,Health & Beauty,Bosisto's Eucalyptus Oil 175ml,804262,$17.00,$9.71 / 100ML,https://www.woolworths.com.au/shop/productdetails/804262/bosisto-s-eucalyptus-oil,https://cdn0.woolworths.media/content/wowproductimages/medium/804262.jpg,2020-09-20 19:49:44,Average product rating out of 5: 4.7. Product score is based on 11 ratings,11,,True
6632cf11-7130-4648-a6bb-12114cdd28e4,Woolworths Supermarket,Health & Beauty,Blackmores Probiotics Womens Flora Balance 30 capsules,804279,$32.00,$106.67 / 100EA,https://www.woolworths.com.au/shop/productdetails/804279/blackmores-probiotics-womens-flora-balance,https://cdn0.woolworths.media/content/wowproductimages/medium/804279.jpg,2020-09-20 19:49:44,Average product rating out of 5: 5.0. Product score is based on 4 ratings,4,,True
35b501ce-a99b-4de2-9f07-1e8827a5dea2,Woolworths Supermarket,Health & Beauty,Scholl Eulactol Gold Heel Balm 80ml,804948,$15.00,$18.75 / 100ML,https://www.woolworths.com.au/shop/productdetails/804948/scholl-eulactol-gold-heel-balm,https://cdn0.woolworths.media/content/wowproductimages/medium/804948.jpg,2020-09-20 19:49:44,,0,,True
f5022fe9-4b98-41f5-9e66-c4bbda59a687,Woolworths Supermarket,Health & Beauty,Swisspers Cotton Tips With Paper Stems 120 pack,805123,$2.70,$2.25 / 100EA,https://www.woolworths.com.au/shop/productdetails/805123/swisspers-cotton-tips-with-paper-stems,https://cdn0.woolworths.media/content/wowproductimages/medium/805123.jpg,2020-09-20 19:49:44,Average product rating out of 5: 4.7. Product score is based on 29 ratings,29,,True
614cf704-da67-46cb-ac38-3ca51ce76289,Woolworths Supermarket,Health & Beauty,Blackmores Curcumin One A Day 30pk,805197,$26.00,$86.67 / 100EA,https://www.woolworths.com.au/shop/productdetails/805197/blackmores-curcumin-one-a-day,https://cdn0.woolworths.media/content/wowproductimages/medium/805197.jpg,2020-09-20 19:49:44,Average product rating out of 5: 4.0. Product score is based on 3 ratings,3,,True
50af4bc7-e841-4bcf-9811-1548b819d275,Woolworths Supermarket,Health & Beauty,E45 Moisturising Cream For Dry Skin And Eczema 125g,805230,$11.00,$8.80 / 100G,https://www.woolworths.com.au/shop/productdetails/805230/e45-moisturising-cream-for-dry-skin-and-eczema,https://cdn0.woolworths.media/content/wowproductimages/medium/805230.jpg,2020-09-20 19:49:44,Average product rating out of 5: 3.6. Product score is based on 5 ratings,5,,True
82c62003-773e-43a2-ad3d-408a297deffd,Woolworths Supermarket,Health & Beauty,E45 Moisturising Lotion For Dry Skin 200ml,805240,$12.50,$6.25 / 100ML,https://www.woolworths.com.au/shop/productdetails/805240/e45-moisturising-lotion-for-dry-skin,https://cdn0.woolworths.media/content/wowproductimages/medium/805240.jpg,2020-09-20 19:49:44,Average product rating out of 5: 4.3. Product score is based on 3 ratings,3,,True
51555d33-caeb-415f-8534-a4932d0a2497,Woolworths Supermarket,Health & Beauty,Swisse Men's Ultivite 30 tablets,805287,$10.00,$33.33 / 100EA,https://www.woolworths.com.au/shop/productdetails/805287/swisse-men-s-ultivite,https://cdn0.woolworths.media/content/wowproductimages/medium/805287.jpg,2020-09-20 19:49:44,Average product rating out of 5: 4.5. Product score is based on 2 ratings,2,,True
cc7e41d1-e268-4e2c-a95c-fce7036740b5,Woolworths Supermarket,Health & Beauty,Swisse Women's Ultivite 30 tablets,805290,$10.00,$33.33 / 100EA,https://www.woolworths.com.au/shop/productdetails/805290/swisse-women-s-ultivite,https://cdn0.woolworths.media/content/wowproductimages/medium/805290.jpg,2020-09-20 19:49:44,Average product rating out of 5: 4.7. Product score is based on 3 ratings,3,,True
19f7666a-5213-40d7-b90e-0619e705d5b1,Woolworths Supermarket,Health & Beauty,Caltrate Bone & Muscle 50 Plus 100 pack,805415,$8.50,$8.50 / 100EA,https://www.woolworths.com.au/shop/productdetails/805415/caltrate-bone-muscle-50-plus,https://cdn0.woolworths.media/content/wowproductimages/medium/805415.jpg,2020-09-20 19:49:44,Average product rating out of 5: 5.0. Product score is based on 2 ratings,2,,True
9b6c38e3-916a-44c7-ba75-189202ec03a8,Woolworths Supermarket,Health & Beauty,E45 Moisturising Cream For Dry Skin And Eczema 50g,805876,$6.50,$13.00 / 100G,https://www.woolworths.com.au/shop/productdetails/805876/e45-moisturising-cream-for-dry-skin-and-eczema,https://cdn0.woolworths.media/content/wowproductimages/medium/805876.jpg,2020-09-20 19:49:44,Average product rating out of 5: 4.8. Product score is based on 4 ratings,4,,True
850d3e82-ee78-445d-9ed9-c7965248c9af,Woolworths Supermarket,Health & Beauty,Swisse Ultiboost Daily Digestive Probiotic 30 tablets,805945,$32.00,$106.67 / 100EA,https://www.woolworths.com.au/shop/productdetails/805945/swisse-ultiboost-daily-digestive-probiotic,https://cdn0.woolworths.media/content/wowproductimages/medium/805945.jpg,2020-09-20 19:49:44,Average product rating out of 5: 4.8. Product score is based on 4 ratings,4,,True
9c24d025-39da-4afd-acdd-2b137fc5bc56,Woolworths Supermarket,Health & Beauty,Swisse Ultiboost Magnesium 200pk,805948,$19.50,$9.75 / 100EA,https://www.woolworths.com.au/shop/productdetails/805948/swisse-ultiboost-magnesium,https://cdn0.woolworths.media/content/wowproductimages/medium/805948.jpg,2020-09-20 19:49:44,Average product rating out of 5: 4.8. Product score is based on 9 ratings,9,,True
c1af2fcb-7b26-416e-9f06-caaa9b5b984d,Woolworths Supermarket,Health & Beauty,Swisse Ultiboost High Strength Co-enzyme Q10 90 tablets,806468,$45.00,$50.00 / 100EA,https://www.woolworths.com.au/shop/productdetails/806468/swisse-ultiboost-high-strength-co-enzyme-q10,https://cdn0.woolworths.media/content/wowproductimages/medium/806468.jpg,2020-09-20 19:49:44,Average product rating out of 5: 4.7. Product score is based on 3 ratings,3,,True
c209af5b-5403-4743-9af3-18245c520755,Woolworths Supermarket,Health & Beauty,Dulcolax Constipation Relief 5mg Tablets 80 pack,806596,$11.95,$14.94 / 100EA,https://www.woolworths.com.au/shop/productdetails/806596/dulcolax-constipation-relief-5mg-tablets,https://cdn0.woolworths.media/content/wowproductimages/medium/806596.jpg,2020-09-20 19:49:44,,0,,True
faaf9a94-1126-4cbd-b4f1-177cf279db1e,Woolworths Supermarket,Health & Beauty,Elastoplast Sport Kinesiology Tape each,806933,$7.50,$7.50 / 1EA,https://www.woolworths.com.au/shop/productdetails/806933/elastoplast-sport-kinesiology-tape,https://cdn0.woolworths.media/content/wowproductimages/medium/806933.jpg,2020-09-20 19:49:44,,0,,True
6f4930cb-1958-46fe-ae44-9d4e8e09e033,Woolworths Supermarket,Health & Beauty,Rimmel Scandaleyes Wow Wings Black Mascara 12ml,808733,$18.00,$15.00 / 10ML,https://www.woolworths.com.au/shop/productdetails/808733/rimmel-scandaleyes-wow-wings-black-mascara,https://cdn0.woolworths.media/content/wowproductimages/medium/808733.jpg,2020-09-20 19:49:44,Average product rating out of 5: 4.0. Product score is based on 1 ratings,1,,True
31a313d5-40b2-4943-8e80-5b089a729e86,Woolworths Supermarket,Health & Beauty,Confidere Incontinence Pads Regular 14 pack,809426,$3.25,$0.23 / 1EA,https://www.woolworths.com.au/shop/productdetails/809426/confidere-incontinence-pads-regular,https://cdn0.woolworths.media/content/wowproductimages/medium/809426.jpg,2020-09-20 19:49:44,,0,,True
49b26cf3-c23e-4ca5-b6eb-88e2dba61fe6,Woolworths Supermarket,Health & Beauty,Nivea Men Deep Shower Gel & Body Wash 500ml,809461,$6.00,$1.20 / 100ML,https://www.woolworths.com.au/shop/productdetails/809461/nivea-men-deep-shower-gel-body-wash,https://cdn0.woolworths.media/content/wowproductimages/medium/809461.jpg,2020-09-20 19:49:44,Average product rating out of 5: 4.9. Product score is based on 7 ratings,7,Was $7.50 20/02/2017,True
23460621-672c-49da-89b6-433590766d71,Woolworths Supermarket,Health & Beauty,Confidere Incontinence Pads Extra 12pk,809471,$3.25,$0.27 / 1EA,https://www.woolworths.com.au/shop/productdetails/809471/confidere-incontinence-pads-extra,https://cdn0.woolworths.media/content/wowproductimages/medium/809471.jpg,2020-09-20 19:49:44,,0,,True
54d0ddbe-c51c-47ba-820b-9dc94e2e84f2,Woolworths Supermarket,Health & Beauty,Confidere Incontinence Extra Plus Pads 10 pack,809472,$3.50,$0.35 / 1EA,https://www.woolworths.com.au/shop/productdetails/809472/confidere-incontinence-extra-plus-pads,https://cdn0.woolworths.media/content/wowproductimages/medium/809472.jpg,2020-09-20 19:49:44,,0,,True
8432a365-4570-4b5f-b020-f0fe65cbb5d6,Woolworths Supermarket,Health & Beauty,Confidere Incontinence Pants Mens Large 8 pack,809473,$9.00,$1.13 / 1EA,https://www.woolworths.com.au/shop/productdetails/809473/confidere-incontinence-pants-mens-large,https://cdn0.woolworths.media/content/wowproductimages/medium/809473.jpg,2020-09-20 19:49:44,,0,,True
77cb8322-b974-4122-a1b8-ef86038a10d4,Woolworths Supermarket,Health & Beauty,Confidere Incontinence Pants Womens Large 8 pack,809474,$9.00,$1.13 / 1EA,https://www.woolworths.com.au/shop/productdetails/809474/confidere-incontinence-pants-womens-large,https://cdn0.woolworths.media/content/wowproductimages/medium/809474.jpg,2020-09-20 19:49:44,,0,,True
dfc88493-4ad8-4de5-b1f4-944af0adcb72,Woolworths Supermarket,Health & Beauty,Confidere Incontinence Pants Womens Medium 8 pack,809475,$9.00,$1.13 / 1EA,https://www.woolworths.com.au/shop/productdetails/809475/confidere-incontinence-pants-womens-medium,https://cdn0.woolworths.media/content/wowproductimages/medium/809475.jpg,2020-09-20 19:49:44,,0,,True
3bffb6dd-a3c3-4bc6-b0d5-a7fd9a902f8b,Woolworths Supermarket,Health & Beauty,Confidere Incontinence Mens Guard 10 pack,809477,$6.00,$0.60 / 1EA,https://www.woolworths.com.au/shop/productdetails/809477/confidere-incontinence-mens-guard,https://cdn0.woolworths.media/content/wowproductimages/medium/809477.jpg,2020-09-20 19:49:44,,0,,True
38a22974-4588-4ecd-9097-14754548e46c,Woolworths Supermarket,Health & Beauty,Confidere Incontinence Liner Long 20 pack,809478,$3.00,$0.15 / 1EA,https://www.woolworths.com.au/shop/productdetails/809478/confidere-incontinence-liner-long,https://cdn0.woolworths.media/content/wowproductimages/medium/809478.jpg,2020-09-20 19:49:44,,0,,True
a0a29ba5-f439-4c68-b787-0dde2c3295c5,Woolworths Supermarket,Health & Beauty,Bar None Hydrating Shampoo Bar 100g,810659,$16.00,$16.00 / 100G,https://www.woolworths.com.au/shop/productdetails/810659/bar-none-hydrating-shampoo-bar,https://cdn0.woolworths.media/content/wowproductimages/medium/810659.jpg,2020-09-20 19:49:44,Average product rating out of 5: 4.2. Product score is based on 9 ratings,9,,True
dca6f0d8-4e9e-4ec6-8db1-ca11a5e03a2e,Woolworths Supermarket,Health & Beauty,Bar None Hydrating Conditioner Bar 100g,810677,$16.00,$16.00 / 100G,https://www.woolworths.com.au/shop/productdetails/810677/bar-none-hydrating-conditioner-bar,https://cdn0.woolworths.media/content/wowproductimages/medium/810677.jpg,2020-09-20 19:49:44,Average product rating out of 5: 4.7. Product score is based on 6 ratings,6,,True
fc0e1d04-5a84-4042-9285-5ee251cda12e,Woolworths Supermarket,Health & Beauty,Nivea Clay Fresh Hibiscus & White Sage Shower Gel & Body Wash 250ml,813211,$5.60,$2.24 / 100ML,https://www.woolworths.com.au/shop/productdetails/813211/nivea-clay-fresh-hibiscus-white-sage-shower-gel-body-wash,https://cdn0.woolworths.media/content/wowproductimages/medium/813211.jpg,2020-09-20 19:49:44,Average product rating out of 5: 4.4. Product score is based on 5 ratings,5,,True
114752c8-c1f3-49a1-86a6-5f838e8ad818,Woolworths Supermarket,Health & Beauty,Natures Commonscents Bodywash Goats Milk & Paw Paw 600ml,813638,$3.75,$0.63 / 100ML,https://www.woolworths.com.au/shop/productdetails/813638/natures-commonscents-bodywash-goats-milk-paw-paw,https://cdn0.woolworths.media/content/wowproductimages/medium/813638.jpg,2020-09-20 19:49:44,Average product rating out of 5: 4.9. Product score is based on 13 ratings,13,,True
d5018de7-ca1c-4255-b1cf-d66d197b176d,Woolworths Supermarket,Health & Beauty,Palmolive Naturals Body Wash Mild & Sensitive Shower Gel 1l,814008,$7.00,$0.70 / 100ML,https://www.woolworths.com.au/shop/productdetails/814008/palmolive-naturals-body-wash-mild-sensitive-shower-gel,https://cdn0.woolworths.media/content/wowproductimages/medium/814008.jpg,2020-09-20 19:49:44,Average product rating out of 5: 4.9. Product score is based on 13 ratings,13,,True
b9eb7321-64bc-4a53-aefe-ad445ef9108f,Woolworths Supermarket,Health & Beauty,Palmolive Luminous Oils Liquid Hand Wash Soap Fig & White Orchid 500ml,814201,$7.00,$1.40 / 100ML,https://www.woolworths.com.au/shop/productdetails/814201/palmolive-luminous-oils-liquid-hand-wash-soap-fig-white-orchid,https://cdn0.woolworths.media/content/wowproductimages/medium/814201.jpg,2020-09-20 19:49:44,Average product rating out of 5: 5.0. Product score is based on 10 ratings,10,,True
a32352dc-c884-48b2-86e8-7e30bad96efc,Woolworths Supermarket,Health & Beauty,Palmolive Luminous Oils Body Wash Coconut Oil Shower Gel 400ml,814206,$4.50,$1.13 / 100ML,https://www.woolworths.com.au/shop/productdetails/814206/palmolive-luminous-oils-body-wash-coconut-oil-shower-gel,https://cdn0.woolworths.media/content/wowproductimages/medium/814206.jpg,2020-09-20 19:49:44,Average product rating out of 5: 5.0. Product score is based on 5 ratings,5,,True
6fbe5be2-d786-41c0-9abc-f7097dc57763,Woolworths Supermarket,Health & Beauty,Palmolive Luminous Oils Liquid Hand Wash Soap Macadamia & Peony 500ml,814341,$7.00,$1.40 / 100ML,https://www.woolworths.com.au/shop/productdetails/814341/palmolive-luminous-oils-liquid-hand-wash-soap-macadamia-peony,https://cdn0.woolworths.media/content/wowproductimages/medium/814341.jpg,2020-09-20 19:49:44,Average product rating out of 5: 4.6. Product score is based on 8 ratings,8,,True
4e9db5ba-a538-4ea0-880a-3b8755458131,Woolworths Supermarket,Health & Beauty,Freshwater Farm Australia Rosewater & Pink Clay Cleansing Bar 200g,814358,$4.50,$2.25 / 100G,https://www.woolworths.com.au/shop/productdetails/814358/freshwater-farm-australia-rosewater-pink-clay-cleansing-bar,https://cdn0.woolworths.media/content/wowproductimages/medium/814358.jpg,2020-09-20 19:49:44,Average product rating out of 5: 5.0. Product score is based on 12 ratings,12,,True
1995c6fa-66ba-45f1-be43-ed3b45a07d0f,Woolworths Supermarket,Health & Beauty,Freshwater Farm Australia Hemp Seed Oil Hydrating Body Bar 200g,814413,$4.50,$2.25 / 100G,https://www.woolworths.com.au/shop/productdetails/814413/freshwater-farm-australia-hemp-seed-oil-hydrating-body-bar,https://cdn0.woolworths.media/content/wowproductimages/medium/814413.jpg,2020-09-20 19:49:44,Average product rating out of 5: 4.6. Product score is based on 10 ratings,10,,True
bda7fbc7-c83d-435e-98b0-d0a416fa46cf,Woolworths Supermarket,Health & Beauty,Rimmel Lash Accelerator Serum 11ml,814455,$23.00,$20.91 / 10ML,https://www.woolworths.com.au/shop/productdetails/814455/rimmel-lash-accelerator-serum,https://cdn0.woolworths.media/content/wowproductimages/medium/814455.jpg,2020-09-20 19:49:44,,0,,True
3f2373f9-7483-4b9a-a18c-85e6f97b21fb,Woolworths Supermarket,Health & Beauty,Nivea Black & White Roll On Antiperspirant Deodorant 50ml,814470,$2.80,$5.60 / 100ML,https://www.woolworths.com.au/shop/productdetails/814470/nivea-black-white-roll-on-antiperspirant-deodorant,https://cdn0.woolworths.media/content/wowproductimages/medium/814470.jpg,2020-09-20 19:49:44,Average product rating out of 5: 4.7. Product score is based on 10 ratings,10,,True
4802d139-9c86-441d-bdf4-2efe41469bfc,Woolworths Supermarket,Health & Beauty,Sup Inner Glow Collagen Boost Supplements 30 pack,814702,$23.00,$76.67 / 100EA,https://www.woolworths.com.au/shop/productdetails/814702/sup-inner-glow-collagen-boost-supplements,https://cdn0.woolworths.media/content/wowproductimages/medium/814702.jpg,2020-09-20 19:49:44,Average product rating out of 5: 4.6. Product score is based on 5 ratings,5,,True
345da8f9-5c84-4a9d-85a7-da9fb565c7eb,Woolworths Supermarket,Health & Beauty,Sup Men's Essentials Supplements 30 pack,814711,$23.00,$76.67 / 100EA,https://www.woolworths.com.au/shop/productdetails/814711/sup-men-s-essentials-supplements,https://cdn0.woolworths.media/content/wowproductimages/medium/814711.jpg,2020-09-20 19:49:44,,0,,True
7c7380f0-8634-4e51-b874-13f5694b0995,Woolworths Supermarket,Health & Beauty,Sup Women's Essentials Supplements 30 pack,814714,$23.00,$76.67 / 100EA,https://www.woolworths.com.au/shop/productdetails/814714/sup-women-s-essentials-supplements,https://cdn0.woolworths.media/content/wowproductimages/medium/814714.jpg,2020-09-20 19:49:44,,0,,True
4bdba6fe-6854-4601-a0fd-1549850cdb66,Woolworths Supermarket,Health & Beauty,Voost Effervescent Vitamin B+ Performance 20 pack,814718,$6.50,$32.50 / 100EA,https://www.woolworths.com.au/shop/productdetails/814718/voost-effervescent-vitamin-b-performance,https://cdn0.woolworths.media/content/wowproductimages/medium/814718.jpg,2020-09-20 19:49:44,Average product rating out of 5: 4.5. Product score is based on 2 ratings,2,Was $7.00 30/07/2018,True
4ea4643c-5965-4576-9704-18083516fd0c,Woolworths Supermarket,Health & Beauty,Modelco Tan Water 200ml,814746,$25.00,$12.50 / 100ML,https://www.woolworths.com.au/shop/productdetails/814746/modelco-tan-water,https://cdn0.woolworths.media/content/wowproductimages/medium/814746.jpg,2020-09-20 19:49:44,,0,,True
a2539355-8968-4805-84df-48624117ac83,Woolworths Supermarket,Health & Beauty,Rexona Women Clinical Roll On Summer Strength 50ml,814786,$4.00,$8.00 / 100ML,https://www.woolworths.com.au/shop/productdetails/814786/rexona-women-clinical-roll-on-summer-strength,https://cdn0.woolworths.media/content/wowproductimages/medium/814786.jpg,2020-09-20 19:49:44,Average product rating out of 5: 4.6. Product score is based on 20 ratings,20,,True
942c6f3d-455e-4eed-b9c4-be39fec597a6,Woolworths Supermarket,Health & Beauty,Rexona Women Clinical Roll On Shower Clean 50ml,814795,$4.00,$8.00 / 100ML,https://www.woolworths.com.au/shop/productdetails/814795/rexona-women-clinical-roll-on-shower-clean,https://cdn0.woolworths.media/content/wowproductimages/medium/814795.jpg,2020-09-20 19:49:44,Average product rating out of 5: 4.2. Product score is based on 11 ratings,11,,True
c8e313ed-bbee-4afa-8e6d-c40347b56e3a,Woolworths Supermarket,Health & Beauty,Rexona Men Clinical Roll On Sport 50ml,814796,$4.00,$8.00 / 100ML,https://www.woolworths.com.au/shop/productdetails/814796/rexona-men-clinical-roll-on-sport,https://cdn0.woolworths.media/content/wowproductimages/medium/814796.jpg,2020-09-20 19:49:44,Average product rating out of 5: 5.0. Product score is based on 2 ratings,2,,True
b1fbf93c-5290-4e06-8e3b-64cdbb5ad5fd,Woolworths Supermarket,Health & Beauty,Dove Men + Care Invisible Fresh Antiperspirant 254ml,814797,$7.00,$2.76 / 100ML,https://www.woolworths.com.au/shop/productdetails/814797/dove-men-care-invisible-fresh-antiperspirant,https://cdn0.woolworths.media/content/wowproductimages/medium/814797.jpg,2020-09-20 19:49:44,Average product rating out of 5: 3.3. Product score is based on 3 ratings,3,,True
cb638341-f829-47db-b06d-399556e63602,Woolworths Supermarket,Health & Beauty,Rexona Women Clinical Summer Strength 180ml,814799,$5.00,$2.78 / 100ML,https://www.woolworths.com.au/shop/productdetails/814799/rexona-women-clinical-summer-strength,https://cdn0.woolworths.media/content/wowproductimages/medium/814799.jpg,2020-09-20 19:49:44,Average product rating out of 5: 4.4. Product score is based on 18 ratings,18,,True
142708a4-2557-47d8-ac13-68a4bc79693d,Woolworths Supermarket,Health & Beauty,Rexona Women Clinical Shower Clean 180ml,814801,$5.00,$2.78 / 100ML,https://www.woolworths.com.au/shop/productdetails/814801/rexona-women-clinical-shower-clean,https://cdn0.woolworths.media/content/wowproductimages/medium/814801.jpg,2020-09-20 19:49:44,Average product rating out of 5: 4.7. Product score is based on 7 ratings,7,,True
048319f9-bd99-420b-9f14-33f280d33a4e,Woolworths Supermarket,Health & Beauty,Rexona Men Clinical Sport 180ml,814802,$5.00,$2.78 / 100ML,https://www.woolworths.com.au/shop/productdetails/814802/rexona-men-clinical-sport,https://cdn0.woolworths.media/content/wowproductimages/medium/814802.jpg,2020-09-20 19:49:44,Average product rating out of 5: 4.6. Product score is based on 8 ratings,8,,True
630a6f24-91b6-4063-99c9-2b395325ad85,Woolworths Supermarket,Health & Beauty,Rexona Men Clinical Clean Scent 180ml,814803,$5.00,$2.78 / 100ML,https://www.woolworths.com.au/shop/productdetails/814803/rexona-men-clinical-clean-scent,https://cdn0.woolworths.media/content/wowproductimages/medium/814803.jpg,2020-09-20 19:49:44,Average product rating out of 5: 5.0. Product score is based on 6 ratings,6,,True
004d665e-9e17-42e5-825e-d6c78f1fbb38,Woolworths Supermarket,Health & Beauty,Dove Men + Care Clinical Protection Aerosol Clean Comfort 180ml,814814,$10.00,$5.56 / 100ML,https://www.woolworths.com.au/shop/productdetails/814814/dove-men-care-clinical-protection-aerosol-clean-comfort,https://cdn0.woolworths.media/content/wowproductimages/medium/814814.jpg,2020-09-20 19:49:44,Average product rating out of 5: 4.5. Product score is based on 2 ratings,2,,True
6304ff2d-2f3e-4e96-81db-6d1e161e299a,Woolworths Supermarket,Health & Beauty,Dove Women Clinical Spray Fresh Touch 180ml,814820,$10.00,$5.56 / 100ML,https://www.woolworths.com.au/shop/productdetails/814820/dove-women-clinical-spray-fresh-touch,https://cdn0.woolworths.media/content/wowproductimages/medium/814820.jpg,2020-09-20 19:49:44,Average product rating out of 5: 4.8. Product score is based on 5 ratings,5,,True
552a5f1e-2d3d-4b12-887f-65e8ec2c6b17,Woolworths Supermarket,Health & Beauty,So... Kiss Me Perfumed Body Spray 150ml,814948,$5.00,$3.33 / 100ML,https://www.woolworths.com.au/shop/productdetails/814948/so-kiss-me-perfumed-body-spray,https://cdn0.woolworths.media/content/wowproductimages/medium/814948.jpg,2020-09-20 19:49:44,,0,,True
02e20f2c-4fb4-4c17-994c-f92038cfc11e,Woolworths Supermarket,Health & Beauty,Sup Focus Mental Performance Supplements 25 pack,814992,$25.00,$100.00 / 100EA,https://www.woolworths.com.au/shop/productdetails/814992/sup-focus-mental-performance-supplements,https://cdn0.woolworths.media/content/wowproductimages/medium/814992.jpg,2020-09-20 19:49:44,,0,,True
ac0266f9-5cf1-4589-bea7-d78acb2edbb5,Woolworths Supermarket,Health & Beauty,Brut Anti-perspirant Enduro Ice 150g,815155,$6.30,$4.20 / 100G,https://www.woolworths.com.au/shop/productdetails/815155/brut-anti-perspirant-enduro-ice,https://cdn0.woolworths.media/content/wowproductimages/medium/815155.jpg,2020-09-20 19:49:44,Average product rating out of 5: 5.0. Product score is based on 2 ratings,2,,True
b10782ac-af88-47f6-a4cf-ca43aabb57bd,Woolworths Supermarket,Health & Beauty,Brut Anti-perspirant Max Defence 150g,815156,$6.30,$4.20 / 100G,https://www.woolworths.com.au/shop/productdetails/815156/brut-anti-perspirant-max-defence,https://cdn0.woolworths.media/content/wowproductimages/medium/815156.jpg,2020-09-20 19:49:44,Average product rating out of 5: 4.3. Product score is based on 3 ratings,3,,True
76d5f187-baec-46a4-a094-e0ae4499dc2c,Woolworths Supermarket,Health & Beauty,Nivea Black & White Aerosol Antiperspirant Deodorant 250ml,815167,$5.20,$2.08 / 100ML,https://www.woolworths.com.au/shop/productdetails/815167/nivea-black-white-aerosol-antiperspirant-deodorant,https://cdn0.woolworths.media/content/wowproductimages/medium/815167.jpg,2020-09-20 19:49:44,Average product rating out of 5: 4.6. Product score is based on 10 ratings,10,,True
a3e3e772-0aff-48a8-9518-6c240e6aad32,Woolworths Supermarket,Health & Beauty,Rimmel Brow This Way 2in1 Eye Brow Blonde 0.4g,815317,$16.00,$400.00 / 10G,https://www.woolworths.com.au/shop/productdetails/815317/rimmel-brow-this-way-2in1-eye-brow-blonde,https://cdn0.woolworths.media/content/wowproductimages/medium/815317.jpg,2020-09-20 19:49:44,Average product rating out of 5: 5.0. Product score is based on 2 ratings,2,,True
cd584131-8dee-4fb4-876d-826033035b1a,Woolworths Supermarket,Health & Beauty,Rimmel Magnifeyes Eye Shadow Nude Palette 14.2g,815327,$22.00,$15.49 / 10G,https://www.woolworths.com.au/shop/productdetails/815327/rimmel-magnifeyes-eye-shadow-nude-palette,https://cdn0.woolworths.media/content/wowproductimages/medium/815327.jpg,2020-09-20 19:49:44,Average product rating out of 5: 5.0. Product score is based on 1 ratings,1,,True
30a604b1-9923-4c99-8e26-8f85c473d111,Woolworths Supermarket,Health & Beauty,Nature's Way Daily Immunity With Vitamin C & Zinc & Echinacea 100 pack,815335,$20.00,$20.00 / 100EA,https://www.woolworths.com.au/shop/productdetails/815335/nature-s-way-daily-immunity-with-vitamin-c-zinc-echinacea,https://cdn0.woolworths.media/content/wowproductimages/medium/815335.jpg,2020-09-20 19:49:44,Average product rating out of 5: 5.0. Product score is based on 2 ratings,2,,True
137828d5-4299-4545-96d5-00beca0f7c28,Woolworths Supermarket,Health & Beauty,Voost Effervescent Vitamin C 40 pack,815572,$6.50,$16.25 / 100EA,https://www.woolworths.com.au/shop/productdetails/815572/voost-effervescent-vitamin-c,https://cdn0.woolworths.media/content/wowproductimages/medium/815572.jpg,2020-09-20 19:49:44,Average product rating out of 5: 4.3. Product score is based on 3 ratings,3,,True
e7f6c728-b2b4-46da-b021-de4409c2d358,Woolworths Supermarket,Health & Beauty,Dove Women Clinical Roll On Fresh Touch 50ml,815595,$8.00,$16.00 / 100ML,https://www.woolworths.com.au/shop/productdetails/815595/dove-women-clinical-roll-on-fresh-touch,https://cdn0.woolworths.media/content/wowproductimages/medium/815595.jpg,2020-09-20 19:49:44,Average product rating out of 5: 5.0. Product score is based on 4 ratings,4,,True
9673cb87-d66b-42b3-a817-839b8cc9fa09,Woolworths Supermarket,Health & Beauty,Optislim Life Shaker each,815687,$5.00,$5.00 / 1EA,https://www.woolworths.com.au/shop/productdetails/815687/optislim-life-shaker,https://cdn0.woolworths.media/content/wowproductimages/medium/815687.jpg,2020-09-20 19:49:44,Average product rating out of 5: 2.7. Product score is based on 3 ratings,3,,True
b4f6d362-bf29-494a-a282-540f7e862fc8,Woolworths Supermarket,Health & Beauty,Platinum Cover & Crease Duo Eye Brush each,815819,$12.00,$12.00 / 1EA,https://www.woolworths.com.au/shop/productdetails/815819/platinum-cover-crease-duo-eye-brush,https://cdn0.woolworths.media/content/wowproductimages/medium/815819.jpg,2020-09-20 19:49:44,,0,Was $19.00 15/04/2019,True
07bf411a-0b98-42e9-bd1b-302e87a80027,Woolworths Supermarket,Health & Beauty,Platinum Shade & Line Duo Eye Brush each,815871,$12.00,$12.00 / 1EA,https://www.woolworths.com.au/shop/productdetails/815871/platinum-shade-line-duo-eye-brush,https://cdn0.woolworths.media/content/wowproductimages/medium/815871.jpg,2020-09-20 19:49:44,Average product rating out of 5: 5.0. Product score is based on 1 ratings,1,Was $19.00 15/04/2019,True
ca8b3e05-b55c-42d9-adf9-e12d061721f9,Woolworths Supermarket,Health & Beauty,Rimmel Maxi Blush Powder Shade 006 9g,816021,$16.00,$17.78 / 10G,https://www.woolworths.com.au/shop/productdetails/816021/rimmel-maxi-blush-powder-shade-006,https://cdn0.woolworths.media/content/wowproductimages/medium/816021.jpg,2020-09-20 19:49:44,Average product rating out of 5: 5.0. Product score is based on 2 ratings,2,,True
d3391c26-0399-49b6-a172-efc2fd095051,Woolworths Supermarket,Health & Beauty,Mcobeauty Treatment Gloss Crystal Shine each,816089,$8.40,$24.00 / 10ML,https://www.woolworths.com.au/shop/productdetails/816089/mcobeauty-treatment-gloss-crystal-shine,https://cdn0.woolworths.media/content/wowproductimages/medium/816089.jpg,2020-09-20 19:49:44,,0,,True
da83c159-0c40-4a5a-ae8a-987d00c70cfc,Woolworths Supermarket,Health & Beauty,Mcobeauty Eyeshadow Palette Burgundy/nude 8.1g,816091,$10.50,$12.96 / 10G,https://www.woolworths.com.au/shop/productdetails/816091/mcobeauty-eyeshadow-palette-burgundy-nude,https://cdn0.woolworths.media/content/wowproductimages/medium/816091.jpg,2020-09-20 19:49:44,Average product rating out of 5: 5.0. Product score is based on 2 ratings,2,,True
d4d767a1-6a02-4107-926a-d25ec0b712bb,Woolworths Supermarket,Health & Beauty,Mcobeauty Tattoo Eyebrow Microblading Ink Pen Light/medium 1.5ml,816093,$10.50,$70.00 / 10ML,https://www.woolworths.com.au/shop/productdetails/816093/mcobeauty-tattoo-eyebrow-microblading-ink-pen-light-medium,https://cdn0.woolworths.media/content/wowproductimages/medium/816093.jpg,2020-09-20 19:49:44,Average product rating out of 5: 3.0. Product score is based on 2 ratings,2,,True
f62795f4-47f4-4600-9ff6-f4f6b2207f4c,Woolworths Supermarket,Health & Beauty,Maybelline Eyestudio Master Precise Liquid Eyeliner - Black Reno 1ml,816131,$10.20,$102.00 / 10ML,https://www.woolworths.com.au/shop/productdetails/816131/maybelline-eyestudio-master-precise-liquid-eyeliner-black-reno,https://cdn0.woolworths.media/content/wowproductimages/medium/816131.jpg,2020-09-20 19:49:44,Average product rating out of 5: 4.3. Product score is based on 3 ratings,3,,True
601a7e30-9535-4db9-a22b-a32731c6f771,Woolworths Supermarket,Health & Beauty,Dove Body Wash Restoring Coconut & Almond Oils 1l,816185,$13.70,$1.37 / 100ML,https://www.woolworths.com.au/shop/productdetails/816185/dove-body-wash-restoring-coconut-almond-oils,https://cdn0.woolworths.media/content/wowproductimages/medium/816185.jpg,2020-09-20 19:49:44,Average product rating out of 5: 4.9. Product score is based on 22 ratings,22,,True
29569e41-aa06-4c17-801c-4cd8487824cb,Woolworths Supermarket,Health & Beauty,Mcobeauty Tattoo Eyebrow Microblading Ink Pen Medium/dark 1.5ml,816187,$10.50,$70.00 / 10ML,https://www.woolworths.com.au/shop/productdetails/816187/mcobeauty-tattoo-eyebrow-microblading-ink-pen-medium-dark,https://cdn0.woolworths.media/content/wowproductimages/medium/816187.jpg,2020-09-20 19:49:44,Average product rating out of 5: 3.0. Product score is based on 6 ratings,6,,True
742ddc74-f75e-408b-b8a9-f86b77bfa573,Woolworths Supermarket,Health & Beauty,Manicare Corn Plane each,816224,$15.00,$15.00 / 1EA,https://www.woolworths.com.au/shop/productdetails/816224/manicare-corn-plane,https://cdn0.woolworths.media/content/wowproductimages/medium/816224.jpg,2020-09-20 19:49:44,Average product rating out of 5: 5.0. Product score is based on 4 ratings,4,,True
9523b74a-c33f-4b0f-9b1c-80ecac3b4368,Woolworths Supermarket,Health & Beauty,Manicare Dual Cosmetic Sharpener each,816225,$10.00,$10.00 / 1EA,https://www.woolworths.com.au/shop/productdetails/816225/manicare-dual-cosmetic-sharpener,https://cdn0.woolworths.media/content/wowproductimages/medium/816225.jpg,2020-09-20 19:49:44,,0,,True
9a1f25c3-62ae-47cf-b6b2-72856623b2b6,Woolworths Supermarket,Health & Beauty,Mcobeauty Banana Powder Brighten & Correct 8.5g,816242,$10.50,$12.35 / 10G,https://www.woolworths.com.au/shop/productdetails/816242/mcobeauty-banana-powder-brighten-correct,https://cdn0.woolworths.media/content/wowproductimages/medium/816242.jpg,2020-09-20 19:49:44,Average product rating out of 5: 4.0. Product score is based on 3 ratings,3,,True
7640fc7a-e99b-4623-b1f5-d02e6ce0406f,Woolworths Supermarket,Health & Beauty,Mcobeauty Highlight & Glow Stick Champagne 10g,816687,$9.80,$9.80 / 10G,https://www.woolworths.com.au/shop/productdetails/816687/mcobeauty-highlight-glow-stick-champagne,https://cdn0.woolworths.media/content/wowproductimages/medium/816687.jpg,2020-09-20 19:49:44,Average product rating out of 5: 2.7. Product score is based on 3 ratings,3,,True
f6d6770e-0a3d-44f8-b28c-bec0ebf68914,Woolworths Supermarket,Health & Beauty,Mcobeauty Facial & Brow Razor Super Smooth each,816702,$7.00,$7.00 / 1EA,https://www.woolworths.com.au/shop/productdetails/816702/mcobeauty-facial-brow-razor-super-smooth,https://cdn0.woolworths.media/content/wowproductimages/medium/816702.jpg,2020-09-20 19:49:44,Average product rating out of 5: 3.0. Product score is based on 6 ratings,6,,True
da8173f0-bd59-498c-a838-3182e51291f4,Woolworths Supermarket,Health & Beauty,Mcobeauty False Lashes Pre-glued each,816703,$10.50,$10.50 / 1EA,https://www.woolworths.com.au/shop/productdetails/816703/mcobeauty-false-lashes-pre-glued,https://cdn0.woolworths.media/content/wowproductimages/medium/816703.jpg,2020-09-20 19:49:44,Average product rating out of 5: 3.0. Product score is based on 2 ratings,2,,True
4b2a28ef-3462-4081-bf15-a38908628d89,Woolworths Supermarket,Health & Beauty,Olay Regenerist Whips Face Cream Moisturiser 50g,816749,$34.30,$68.60 / 100G,https://www.woolworths.com.au/shop/productdetails/816749/olay-regenerist-whips-face-cream-moisturiser,https://cdn0.woolworths.media/content/wowproductimages/medium/816749.jpg,2020-09-20 19:49:44,Average product rating out of 5: 4.3. Product score is based on 3 ratings,3,,True
ab3f6763-1330-4b7c-8f6d-ffda739e654a,Woolworths Supermarket,Health & Beauty,Olay Regenerist Luminous Whips Face Cream Moisturiser 50g,816930,$34.30,$68.60 / 100G,https://www.woolworths.com.au/shop/productdetails/816930/olay-regenerist-luminous-whips-face-cream-moisturiser,https://cdn0.woolworths.media/content/wowproductimages/medium/816930.jpg,2020-09-20 19:49:44,Average product rating out of 5: 5.0. Product score is based on 1 ratings,1,,True
efc5f702-08c2-433a-b471-6577764dc641,Woolworths Supermarket,Health & Beauty,Rimmel Lasting Matte Foundation Warm Porcelaine 30ml,817334,$18.00,$6.00 / 10ML,https://www.woolworths.com.au/shop/productdetails/817334/rimmel-lasting-matte-foundation-warm-porcelaine,https://cdn0.woolworths.media/content/wowproductimages/medium/817334.jpg,2020-09-20 19:49:44,Average product rating out of 5: 4.0. Product score is based on 1 ratings,1,,True
8e7cdd5a-465c-448d-8183-bc397d44e35f,Woolworths Supermarket,Health & Beauty,Rimmel Lasting Matte Foundation Fair Beige 30ml,817335,$18.00,$6.00 / 10ML,https://www.woolworths.com.au/shop/productdetails/817335/rimmel-lasting-matte-foundation-fair-beige,https://cdn0.woolworths.media/content/wowproductimages/medium/817335.jpg,2020-09-20 19:49:44,Average product rating out of 5: 3.0. Product score is based on 1 ratings,1,,True
3b54b856-0133-4891-9be6-552ff1f51623,Woolworths Supermarket,Health & Beauty,Rimmel Lasting Matte Foundation True Beige 30ml,817336,$18.00,$6.00 / 10ML,https://www.woolworths.com.au/shop/productdetails/817336/rimmel-lasting-matte-foundation-true-beige,https://cdn0.woolworths.media/content/wowproductimages/medium/817336.jpg,2020-09-20 19:49:44,Average product rating out of 5: 3.0. Product score is based on 1 ratings,1,,True
3ab08f63-9428-4b88-8643-ee1b5a8b5e49,Woolworths Supermarket,Health & Beauty,Rimmel Lasting Matte Foundation True Ivory 30ml,817337,$18.00,$6.00 / 10ML,https://www.woolworths.com.au/shop/productdetails/817337/rimmel-lasting-matte-foundation-true-ivory,https://cdn0.woolworths.media/content/wowproductimages/medium/817337.jpg,2020-09-20 19:49:44,Average product rating out of 5: 4.0. Product score is based on 3 ratings,3,,True
03ecb08c-e8f8-498c-b9c0-451a5a59a22e,Woolworths Supermarket,Health & Beauty,Rimmel Provocalips 210 Flirty Fling 7ml,817340,$19.00,$27.14 / 10ML,https://www.woolworths.com.au/shop/productdetails/817340/rimmel-provocalips-210-flirty-fling,https://cdn0.woolworths.media/content/wowproductimages/medium/817340.jpg,2020-09-20 19:49:44,,0,,True
045fd42f-359c-4b06-a1b2-c413124dfe40,Woolworths Supermarket,Health & Beauty,Rimmel Stay Matte Liquid Lipstick Fire Starter 5.5ml,818393,$15.00,$27.27 / 10ML,https://www.woolworths.com.au/shop/productdetails/818393/rimmel-stay-matte-liquid-lipstick-fire-starter,https://cdn0.woolworths.media/content/wowproductimages/medium/818393.jpg,2020-09-20 19:49:44,,0,,True
6aa6afee-181f-4360-83c2-d13468bc564d,Woolworths Supermarket,Health & Beauty,Sally Hansen Miracle Gel Birthday Suit 14.7ml,818485,$17.00,$11.56 / 10ML,https://www.woolworths.com.au/shop/productdetails/818485/sally-hansen-miracle-gel-birthday-suit,https://cdn0.woolworths.media/content/wowproductimages/medium/818485.jpg,2020-09-20 19:49:44,Average product rating out of 5: 3.0. Product score is based on 1 ratings,1,,True
e48b294c-afa0-4736-8168-8b9ef3037bf4,Woolworths Supermarket,Health & Beauty,Sally Hansen Miracle Gel Terra Coppa 14.7ml,818702,$17.00,$11.56 / 10ML,https://www.woolworths.com.au/shop/productdetails/818702/sally-hansen-miracle-gel-terra-coppa,https://cdn0.woolworths.media/content/wowproductimages/medium/818702.jpg,2020-09-20 19:49:44,Average product rating out of 5: 3.5. Product score is based on 2 ratings,2,,True
2895c380-bdef-442b-97a4-9a7ee4da0ab1,Woolworths Supermarket,Health & Beauty,Maybelline Instant Age Rewind Dark Circle Concealer - Caramel 6ml,818758,$12.00,$20.00 / 10ML,https://www.woolworths.com.au/shop/productdetails/818758/maybelline-instant-age-rewind-dark-circle-concealer-caramel,https://cdn0.woolworths.media/content/wowproductimages/medium/818758.jpg,2020-09-20 19:49:44,,0,,True
490b4541-dd22-441c-93de-c64abb34b280,Woolworths Supermarket,Health & Beauty,Maybelline Instant Age Rewind Dark Circle Concealer - Ivory 6ml,818759,$12.00,$20.00 / 10ML,https://www.woolworths.com.au/shop/productdetails/818759/maybelline-instant-age-rewind-dark-circle-concealer-ivory,https://cdn0.woolworths.media/content/wowproductimages/medium/818759.jpg,2020-09-20 19:49:44,Average product rating out of 5: 4.7. Product score is based on 3 ratings,3,,True
0160b2e8-a70e-4bc2-b817-23cfd468a268,Woolworths Supermarket,Health & Beauty,Maybelline Lash Sensational Serum 5.3ml,818816,$15.00,$28.30 / 10ML,https://www.woolworths.com.au/shop/productdetails/818816/maybelline-lash-sensational-serum,https://cdn0.woolworths.media/content/wowproductimages/medium/818816.jpg,2020-09-20 19:49:44,Average product rating out of 5: 2.7. Product score is based on 3 ratings,3,,True
8707a892-c6c3-4761-ad20-28131843fa3b,Woolworths Supermarket,Health & Beauty,Maybelline City Bronzer Powder - Medium Cool 9.25g,818817,$10.20,$11.03 / 10G,https://www.woolworths.com.au/shop/productdetails/818817/maybelline-city-bronzer-powder-medium-cool,https://cdn0.woolworths.media/content/wowproductimages/medium/818817.jpg,2020-09-20 19:49:44,Average product rating out of 5: 4.0. Product score is based on 1 ratings,1,,True
09d21f4b-39d7-4cbf-ad0f-9337757d2813,Woolworths Supermarket,Health & Beauty,Maybelline Instant Age Rewind Concealer - Honey 6ml,818818,$12.00,$20.00 / 10ML,https://www.woolworths.com.au/shop/productdetails/818818/maybelline-instant-age-rewind-concealer-honey,https://cdn0.woolworths.media/content/wowproductimages/medium/818818.jpg,2020-09-20 19:49:44,,0,,True
123009aa-459c-4f49-8c14-a27c72037c6b,Woolworths Supermarket,Health & Beauty,Maybelline Face Studio Prime Protect Spf8 30ml,819174,$10.80,$3.60 / 10ML,https://www.woolworths.com.au/shop/productdetails/819174/maybelline-face-studio-prime-protect-spf8,https://cdn0.woolworths.media/content/wowproductimages/medium/819174.jpg,2020-09-20 19:49:44,Average product rating out of 5: 4.5. Product score is based on 2 ratings,2,,True
d95c7678-6126-47e8-bf49-2910d518dabf,Woolworths Supermarket,Health & Beauty,Maybelline Superstay 2-step Lip Color - Timeless Rose each,819291,$14.40,$62.61 / 10ML,https://www.woolworths.com.au/shop/productdetails/819291/maybelline-superstay-2-step-lip-color-timeless-rose,https://cdn0.woolworths.media/content/wowproductimages/medium/819291.jpg,2020-09-20 19:49:44,Average product rating out of 5: 4.5. Product score is based on 2 ratings,2,,True
d1566560-cedb-43a1-94a7-6f07f2ead6f9,Woolworths Supermarket,Health & Beauty,Simple Kind To Skin Sheet Mask Radiance Boosting 21ml,819446,$5.00,$20.00 / 100ML,https://www.woolworths.com.au/shop/productdetails/819446/simple-kind-to-skin-sheet-mask-radiance-boosting,https://cdn0.woolworths.media/content/wowproductimages/medium/819446.jpg,2020-09-20 19:49:44,Average product rating out of 5: 4.3. Product score is based on 3 ratings,3,,True
b16921b2-8a91-4984-8491-0fb373a8eb55,Woolworths Supermarket,Health & Beauty,Simple Water Boost Sheet Mask 5 Minute Reset Hydrogel 33g,819449,$5.00,$14.93 / 100G,https://www.woolworths.com.au/shop/productdetails/819449/simple-water-boost-sheet-mask-5-minute-reset-hydrogel,https://cdn0.woolworths.media/content/wowproductimages/medium/819449.jpg,2020-09-20 19:49:44,Average product rating out of 5: 3.0. Product score is based on 3 ratings,3,,True
c4b5c6ed-a787-4b8c-9ea7-49ecbaedb3c5,Woolworths Supermarket,Health & Beauty,Simple Daily Skin Detox Face Wipes Clear + Matte 25 pack,819566,$7.50,$0.30 / 1EA,https://www.woolworths.com.au/shop/productdetails/819566/simple-daily-skin-detox-face-wipes-clear-matte,https://cdn0.woolworths.media/content/wowproductimages/medium/819566.jpg,2020-09-20 19:49:44,Average product rating out of 5: 4.3. Product score is based on 3 ratings,3,,True
98f7acb7-85d8-439b-8e9a-08069334fac8,Woolworths Supermarket,Health & Beauty,Simple Daily Skin Detox Charcoal Purifying Sheet Mask 21ml,819567,$5.00,$23.81 / 100ML,https://www.woolworths.com.au/shop/productdetails/819567/simple-daily-skin-detox-charcoal-purifying-sheet-mask,https://cdn0.woolworths.media/content/wowproductimages/medium/819567.jpg,2020-09-20 19:49:44,Average product rating out of 5: 4.3. Product score is based on 4 ratings,4,,True
f025b388-091d-4c51-ade7-1ce4372fcc90,Woolworths Supermarket,Health & Beauty,Simple Biodegradable Face Wipes 25 pack,819568,$7.50,$0.30 / 1EA,https://www.woolworths.com.au/shop/productdetails/819568/simple-biodegradable-face-wipes,https://cdn0.woolworths.media/content/wowproductimages/medium/819568.jpg,2020-09-20 19:49:44,Average product rating out of 5: 4.5. Product score is based on 6 ratings,6,,True
0c7617b1-71d9-42ed-bffe-fec9112be5b9,Woolworths Supermarket,Health & Beauty,Blackmores Vitamin C & Echinacea Effervescent 10 pack,819600,$7.00,$0.70 / 1EA,https://www.woolworths.com.au/shop/productdetails/819600/blackmores-vitamin-c-echinacea-effervescent,https://cdn0.woolworths.media/content/wowproductimages/medium/819600.jpg,2020-09-20 19:49:44,Average product rating out of 5: 4.7. Product score is based on 6 ratings,6,,True
c1d784f1-c6b9-4677-aece-f1fd9a62e47f,Woolworths Supermarket,Health & Beauty,Lynx For Men Body Wash Ice Chill 400ml,819638,$4.00,$1.00 / 100ML,https://www.woolworths.com.au/shop/productdetails/819638/lynx-for-men-body-wash-ice-chill,https://cdn0.woolworths.media/content/wowproductimages/medium/819638.jpg,2020-09-20 19:49:44,,0,,True
746aa064-f827-4c3e-8221-35f7f13e4747,Woolworths Supermarket,Health & Beauty,Elastoplast Wound Healing Ointment 50g,819735,$8.00,$16.00 / 100G,https://www.woolworths.com.au/shop/productdetails/819735/elastoplast-wound-healing-ointment,https://cdn0.woolworths.media/content/wowproductimages/medium/819735.jpg,2020-09-20 19:49:44,Average product rating out of 5: 5.0. Product score is based on 1 ratings,1,,True
836807b7-473b-44be-b7c8-e3b986508ef4,Woolworths Supermarket,Health & Beauty,Elastoplast Wound Spray 100ml,819736,$7.00,$7.00 / 100ML,https://www.woolworths.com.au/shop/productdetails/819736/elastoplast-wound-spray,https://cdn0.woolworths.media/content/wowproductimages/medium/819736.jpg,2020-09-20 19:49:44,Average product rating out of 5: 5.0. Product score is based on 1 ratings,1,,True
00ce73ab-be50-4c82-8b26-4ae471fddaf9,Woolworths Supermarket,Health & Beauty,Colgate Total Original Antibacterial Fluoride Toothpaste 40g,819772,$1.70,$4.25 / 100G,https://www.woolworths.com.au/shop/productdetails/819772/colgate-total-original-antibacterial-fluoride-toothpaste,https://cdn0.woolworths.media/content/wowproductimages/medium/819772.jpg,2020-09-20 19:49:44,Average product rating out of 5: 4.6. Product score is based on 9 ratings,9,,True
0ee6ff35-092f-4b4c-98db-a157932e7c3f,Woolworths Supermarket,Health & Beauty,Colgate Total Original Antibacterial Fluoride Toothpaste 115g,819773,$3.50,$3.04 / 100G,https://www.woolworths.com.au/shop/productdetails/819773/colgate-total-original-antibacterial-fluoride-toothpaste,https://cdn0.woolworths.media/content/wowproductimages/medium/819773.jpg,2020-09-20 19:49:44,Average product rating out of 5: 4.5. Product score is based on 6 ratings,6,Was $4.00 03/06/2019,True
d2127308-0f8d-40ea-9ebd-9d8c17086f3a,Woolworths Supermarket,Health & Beauty,Colgate Total Mint Stripe Antibacterial Gel Toothpaste 115g,819774,$3.50,$3.04 / 100G,https://www.woolworths.com.au/shop/productdetails/819774/colgate-total-mint-stripe-antibacterial-gel-toothpaste,https://cdn0.woolworths.media/content/wowproductimages/medium/819774.jpg,2020-09-20 19:49:44,Average product rating out of 5: 4.7. Product score is based on 3 ratings,3,Was $4.00 03/06/2019,True
febb864b-6247-4c04-bbd8-6107c26b7fdc,Woolworths Supermarket,Health & Beauty,Colgate Total Charcoal Deep Clean Antibacterial Toothpaste 115g,819775,,,https://www.woolworths.com.au/shop/productdetails/819775/colgate-total-charcoal-deep-clean-antibacterial-toothpaste,https://cdn0.woolworths.media/content/wowproductimages/medium/819775.jpg,2020-09-20 19:49:44,Average product rating out of 5: 4.7. Product score is based on 7 ratings,7,,False
087b0235-c19c-4df0-8219-87c533c48b68,Woolworths Supermarket,Health & Beauty,Colgate Total Advanced Fresh Antibacterial Gel Toothpaste 200g,819776,$8.00,$4.00 / 100G,https://www.woolworths.com.au/shop/productdetails/819776/colgate-total-advanced-fresh-antibacterial-gel-toothpaste,https://cdn0.woolworths.media/content/wowproductimages/medium/819776.jpg,2020-09-20 19:49:44,,0,,True
d4774c34-520a-4a80-94a4-077d64a6b7b5,Woolworths Supermarket,Health & Beauty,Colgate Total Advanced Whitening Antibacterial Toothpaste 200g,819777,$8.00,$4.00 / 100G,https://www.woolworths.com.au/shop/productdetails/819777/colgate-total-advanced-whitening-antibacterial-toothpaste,https://cdn0.woolworths.media/content/wowproductimages/medium/819777.jpg,2020-09-20 19:49:44,Average product rating out of 5: 4.3. Product score is based on 3 ratings,3,,True
881b4c3e-a08d-4a2c-9eed-0374b06fdeee,Woolworths Supermarket,Health & Beauty,Colgate Total Advanced Clean Fluoride Antibacterial Toothpaste 200g,819778,$8.00,$4.00 / 100G,https://www.woolworths.com.au/shop/productdetails/819778/colgate-total-advanced-clean-fluoride-antibacterial-toothpaste,https://cdn0.woolworths.media/content/wowproductimages/medium/819778.jpg,2020-09-20 19:49:44,Average product rating out of 5: 4.9. Product score is based on 8 ratings,8,,True
1013df56-b803-46c9-bccd-238885970ec1,Woolworths Supermarket,Health & Beauty,Colgate Advanced Whitening Charcoal Fluoride Toothpaste 170g,819800,$5.00,$2.94 / 100G,https://www.woolworths.com.au/shop/productdetails/819800/colgate-advanced-whitening-charcoal-fluoride-toothpaste,https://cdn0.woolworths.media/content/wowproductimages/medium/819800.jpg,2020-09-20 19:49:44,Average product rating out of 5: 4.2. Product score is based on 11 ratings,11,,True
9ba5df33-d8fa-4300-81a4-2ba4c5c51139,Woolworths Supermarket,Health & Beauty,Colgate Minions Kids Toothbrush 6 Years + Extra Soft 2-pack 2 pack,819802,$5.00,$2.50 / 1EA,https://www.woolworths.com.au/shop/productdetails/819802/colgate-minions-kids-toothbrush-6-years-extra-soft-2-pack,https://cdn0.woolworths.media/content/wowproductimages/medium/819802.jpg,2020-09-20 19:49:44,,0,,True
7aff3228-824a-4e5e-8b8f-a2449e2cc6d0,Woolworths Supermarket,Health & Beauty,Colgate Kids Batman Or Barbie Battery Powered Toothbrush each,819803,$11.00,$11.00 / 1EA,https://www.woolworths.com.au/shop/productdetails/819803/colgate-kids-batman-or-barbie-battery-powered-toothbrush,https://cdn0.woolworths.media/content/wowproductimages/medium/819803.jpg,2020-09-20 19:49:44,Average product rating out of 5: 3.0. Product score is based on 1 ratings,1,,True
1842f727-6205-49a5-b18c-480d2ee2fd01,Woolworths Supermarket,Health & Beauty,Nivea Q10 Firming Anti-wrinkle Night Cream Face Moisturiser 50ml,819945,$22.00,$44.00 / 100ML,https://www.woolworths.com.au/shop/productdetails/819945/nivea-q10-firming-anti-wrinkle-night-cream-face-moisturiser,https://cdn0.woolworths.media/content/wowproductimages/medium/819945.jpg,2020-09-20 19:49:44,Average product rating out of 5: 4.9. Product score is based on 13 ratings,13,,True
274c5167-10a1-4496-adf0-b68ac24ecd77,Woolworths Supermarket,Health & Beauty,Nivea Q10 Power Anti-wrinkle Firming Eye Cream Moisturiser 15ml,819946,$22.00,$146.67 / 100ML,https://www.woolworths.com.au/shop/productdetails/819946/nivea-q10-power-anti-wrinkle-firming-eye-cream-moisturiser,https://cdn0.woolworths.media/content/wowproductimages/medium/819946.jpg,2020-09-20 19:49:44,Average product rating out of 5: 5.0. Product score is based on 2 ratings,2,,True
719eff36-eb29-49ad-b076-381756350399,Woolworths Supermarket,Health & Beauty,Nivea Oil In Lotion Cherry Blossom Body Moisturiser 400ml,819947,$7.00,$1.75 / 100ML,https://www.woolworths.com.au/shop/productdetails/819947/nivea-oil-in-lotion-cherry-blossom-body-moisturiser,https://cdn0.woolworths.media/content/wowproductimages/medium/819947.jpg,2020-09-20 19:49:44,Average product rating out of 5: 4.8. Product score is based on 6 ratings,6,,True
1920a7c4-0581-4dd7-80b0-b92dc20abe7f,Woolworths Supermarket,Health & Beauty,Nivea Repair & Care Hand Cream Moisturiser 70ml,819949,$6.00,$8.57 / 100ML,https://www.woolworths.com.au/shop/productdetails/819949/nivea-repair-care-hand-cream-moisturiser,https://cdn0.woolworths.media/content/wowproductimages/medium/819949.jpg,2020-09-20 19:49:44,Average product rating out of 5: 4.7. Product score is based on 3 ratings,3,,True
db19f865-83a8-4d40-920a-8f4327341c6b,Woolworths Supermarket,Health & Beauty,Nivea Q10 Anti-age Firming Day Cream Face Moisturiser Spf30 50ml,819950,$22.00,$44.00 / 100ML,https://www.woolworths.com.au/shop/productdetails/819950/nivea-q10-anti-age-firming-day-cream-face-moisturiser-spf30,https://cdn0.woolworths.media/content/wowproductimages/medium/819950.jpg,2020-09-20 19:49:44,Average product rating out of 5: 4.9. Product score is based on 15 ratings,15,,True
00b058cb-8b57-44e8-a3e9-dae6b8196e49,Woolworths Supermarket,Health & Beauty,Nivea Cellular Anti-age Day Cream Face Moisturiser Spf15 50ml,819952,$33.00,$66.00 / 100ML,https://www.woolworths.com.au/shop/productdetails/819952/nivea-cellular-anti-age-day-cream-face-moisturiser-spf15,https://cdn0.woolworths.media/content/wowproductimages/medium/819952.jpg,2020-09-20 19:49:44,Average product rating out of 5: 4.6. Product score is based on 5 ratings,5,,True
d25970f9-54a5-4f2f-b56c-04d8920beb49,Woolworths Supermarket,Health & Beauty,Nivea Cellular Anti Age Night Cream Face Moisturiser 50ml,819953,$33.00,$66.00 / 100ML,https://www.woolworths.com.au/shop/productdetails/819953/nivea-cellular-anti-age-night-cream-face-moisturiser,https://cdn0.woolworths.media/content/wowproductimages/medium/819953.jpg,2020-09-20 19:49:44,Average product rating out of 5: 4.0. Product score is based on 2 ratings,2,,True
08a89262-75e0-4ba2-9266-097c0c0ba2e2,Woolworths Supermarket,Health & Beauty,Nivea Q10 Anti-age Hand Cream Moisturiser 70ml,819954,$6.00,$8.57 / 100ML,https://www.woolworths.com.au/shop/productdetails/819954/nivea-q10-anti-age-hand-cream-moisturiser,https://cdn0.woolworths.media/content/wowproductimages/medium/819954.jpg,2020-09-20 19:49:44,Average product rating out of 5: 4.7. Product score is based on 7 ratings,7,,True
265f6369-2bc8-4c17-9782-ee12313c1d90,Woolworths Supermarket,Health & Beauty,Nivea Cellular Anti Spot Facial Serum Face Moisturiser 30ml,819955,$35.00,$116.67 / 100ML,https://www.woolworths.com.au/shop/productdetails/819955/nivea-cellular-anti-spot-facial-serum-face-moisturiser,https://cdn0.woolworths.media/content/wowproductimages/medium/819955.jpg,2020-09-20 19:49:44,Average product rating out of 5: 5.0. Product score is based on 1 ratings,1,,True
f15210f3-2e97-477c-ba3d-6dd2d0fd9536,Woolworths Supermarket,Health & Beauty,Schick Hydro 5 Sense Hydrate Kit each,819958,$16.50,$16.50 / 1EA,https://www.woolworths.com.au/shop/productdetails/819958/schick-hydro-5-sense-hydrate-kit,https://cdn0.woolworths.media/content/wowproductimages/medium/819958.jpg,2020-09-20 19:49:44,Average product rating out of 5: 5.0. Product score is based on 1 ratings,1,,True
fca07817-89d0-4b78-abae-17940a1f2aa8,Woolworths Supermarket,Health & Beauty,Hawaiian Tropic Silk Hydration Face Spf50+ 100ml,819967,$16.00,$16.00 / 100ML,https://www.woolworths.com.au/shop/productdetails/819967/hawaiian-tropic-silk-hydration-face-spf50-,https://cdn0.woolworths.media/content/wowproductimages/medium/819967.jpg,2020-09-20 19:49:44,Average product rating out of 5: 4.6. Product score is based on 5 ratings,5,,True
d1479a71-0374-417a-a1a1-4694560f82cf,Woolworths Supermarket,Health & Beauty,Schick Hydro 5 Sense Hydrate With Coconut Oil 8 pack,819991,$39.00,$4.88 / 1EA,https://www.woolworths.com.au/shop/productdetails/819991/schick-hydro-5-sense-hydrate-with-coconut-oil,https://cdn0.woolworths.media/content/wowproductimages/medium/819991.jpg,2020-09-20 19:49:44,Average product rating out of 5: 1.0. Product score is based on 1 ratings,1,,True
ac4dacfc-dd03-40c1-8aa8-9a2197ccf9b5,Woolworths Supermarket,Health & Beauty,Jack The Barber Paste 95g,820036,$15.00,$15.79 / 100G,https://www.woolworths.com.au/shop/productdetails/820036/jack-the-barber-paste,https://cdn0.woolworths.media/content/wowproductimages/medium/820036.jpg,2020-09-20 19:49:44,Average product rating out of 5: 4.8. Product score is based on 4 ratings,4,,True
2764a184-9290-4347-bc8f-8c15dd9d9aab,Woolworths Supermarket,Health & Beauty,L'oreal Magic Retouch Precision Spray 9.3 Light Blonde each,820056,$7.95,$10.60 / 100ML,https://www.woolworths.com.au/shop/productdetails/820056/l-oreal-magic-retouch-precision-spray-9-3-light-blonde,https://cdn0.woolworths.media/content/wowproductimages/medium/820056.jpg,2020-09-20 19:49:44,,0,,True
9cc59faf-4774-4cbe-914b-f0407a75859e,Woolworths Supermarket,Health & Beauty,Jack The Barber Strong Pomade 95g,820120,$15.00,$15.79 / 100G,https://www.woolworths.com.au/shop/productdetails/820120/jack-the-barber-strong-pomade,https://cdn0.woolworths.media/content/wowproductimages/medium/820120.jpg,2020-09-20 19:49:44,Average product rating out of 5: 5.0. Product score is based on 1 ratings,1,,True
55f339e6-376b-494b-825f-d9d475d4ba85,Woolworths Supermarket,Health & Beauty,Jack The Barber Fiber 95g,820121,$15.00,$15.79 / 100G,https://www.woolworths.com.au/shop/productdetails/820121/jack-the-barber-fiber,https://cdn0.woolworths.media/content/wowproductimages/medium/820121.jpg,2020-09-20 19:49:44,Average product rating out of 5: 5.0. Product score is based on 1 ratings,1,,True
ca8c4f21-84c5-4c31-84cf-6219dd89632d,Woolworths Supermarket,Health & Beauty,Blackmores Daily Magnesium Powder 150g,820215,$20.00,$13.33 / 100G,https://www.woolworths.com.au/shop/productdetails/820215/blackmores-daily-magnesium-powder,https://cdn0.woolworths.media/content/wowproductimages/medium/820215.jpg,2020-09-20 19:49:44,Average product rating out of 5: 4.0. Product score is based on 2 ratings,2,,True
714364b6-bcbc-406f-8d84-31abff0ea9c5,Woolworths Supermarket,Health & Beauty,David Beckham Homme Deodorant Body Spray 150ml,820274,$8.00,$5.33 / 100ML,https://www.woolworths.com.au/shop/productdetails/820274/david-beckham-homme-deodorant-body-spray,https://cdn0.woolworths.media/content/wowproductimages/medium/820274.jpg,2020-09-20 19:49:44,Average product rating out of 5: 5.0. Product score is based on 3 ratings,3,,True
4030fd7a-ec51-425e-a8c5-38da7233c37c,Woolworths Supermarket,Health & Beauty,Garnier Micellar Cleansing Water In Oil 400ml,820279,$9.80,$2.45 / 100ML,https://www.woolworths.com.au/shop/productdetails/820279/garnier-micellar-cleansing-water-in-oil,https://cdn0.woolworths.media/content/wowproductimages/medium/820279.jpg,2020-09-20 19:49:44,Average product rating out of 5: 5.0. Product score is based on 1 ratings,1,,True
b9eb7779-de7e-46fa-871b-b161cc71078e,Woolworths Supermarket,Health & Beauty,Olay Brightening Eye Cream 15ml,820315,$36.75,$245.00 / 100ML,https://www.woolworths.com.au/shop/productdetails/820315/olay-brightening-eye-cream,https://cdn0.woolworths.media/content/wowproductimages/medium/820315.jpg,2020-09-20 19:49:44,Average product rating out of 5: 3.3. Product score is based on 3 ratings,3,,True
c88b546e-89b8-4280-b5d1-87a2c50bebac,Woolworths Supermarket,Health & Beauty,L'oreal Paris Wrinkle Expert Night Night 50ml,820320,$15.00,$30.00 / 100ML,https://www.woolworths.com.au/shop/productdetails/820320/l-oreal-paris-wrinkle-expert-night-night,https://cdn0.woolworths.media/content/wowproductimages/medium/820320.jpg,2020-09-20 19:49:44,Average product rating out of 5: 5.0. Product score is based on 1 ratings,1,Was $20.00 16/04/2018,True
abd3dd4a-b9d8-4e1a-acfc-84b94421477f,Woolworths Supermarket,Health & Beauty,Pantene Pro V Blends Micellar Shampoo 300ml,820425,$9.10,$3.03 / 100ML,https://www.woolworths.com.au/shop/productdetails/820425/pantene-pro-v-blends-micellar-shampoo,https://cdn0.woolworths.media/content/wowproductimages/medium/820425.jpg,2020-09-20 19:49:44,,0,,True
faa43095-b489-44b1-bf7b-5abcbc9ae4d4,Woolworths Supermarket,Health & Beauty,Pantene Conditioner Micellar 300ml,820426,$9.10,$3.03 / 100ML,https://www.woolworths.com.au/shop/productdetails/820426/pantene-conditioner-micellar,https://cdn0.woolworths.media/content/wowproductimages/medium/820426.jpg,2020-09-20 19:49:44,,0,,True
0b8427aa-c96d-4719-8ad0-5d5794766dc5,Woolworths Supermarket,Health & Beauty,Pantene Pro V Blends Micellar Aloe Shampoo 300ml,820427,$9.10,$3.03 / 100ML,https://www.woolworths.com.au/shop/productdetails/820427/pantene-pro-v-blends-micellar-aloe-shampoo,https://cdn0.woolworths.media/content/wowproductimages/medium/820427.jpg,2020-09-20 19:49:44,,0,,True
95fada30-30fb-48d5-bbe9-134589df4d78,Woolworths Supermarket,Health & Beauty,Pantene Pro V Blends Micellar Conditioner 300ml,820428,$9.10,$3.03 / 100ML,https://www.woolworths.com.au/shop/productdetails/820428/pantene-pro-v-blends-micellar-conditioner,https://cdn0.woolworths.media/content/wowproductimages/medium/820428.jpg,2020-09-20 19:49:44,,0,,True
0f5ecdd0-0700-4a9f-a926-95b0acf648cd,Woolworths Supermarket,Health & Beauty,Pantene Pro V Blends Micellar Charcoal Shampoo 300ml,820429,$9.10,$3.03 / 100ML,https://www.woolworths.com.au/shop/productdetails/820429/pantene-pro-v-blends-micellar-charcoal-shampoo,https://cdn0.woolworths.media/content/wowproductimages/medium/820429.jpg,2020-09-20 19:49:44,,0,,True
f18b06b8-410e-44cf-9ce1-dec5d8930896,Woolworths Supermarket,Health & Beauty,Pantene Pro V Blends Micellar Aloe Conditioner 300ml,820430,$9.10,$3.03 / 100ML,https://www.woolworths.com.au/shop/productdetails/820430/pantene-pro-v-blends-micellar-aloe-conditioner,https://cdn0.woolworths.media/content/wowproductimages/medium/820430.jpg,2020-09-20 19:49:44,,0,,True
4ddb1fe4-64ca-4143-b279-fbad2b14fea3,Woolworths Supermarket,Health & Beauty,Head & Shoulders Ultra Men Shampoo Sports Fresh 400ml,820431,$15.00,$3.75 / 100ML,https://www.woolworths.com.au/shop/productdetails/820431/head-shoulders-ultra-men-shampoo-sports-fresh,https://cdn0.woolworths.media/content/wowproductimages/medium/820431.jpg,2020-09-20 19:49:44,,0,,True
f76ab908-ac67-4adc-912c-573526b2cc1e,Woolworths Supermarket,Health & Beauty,Head & Shoulders Ultra Men Shampoo Hair Retain 400ml,820432,$15.00,$3.75 / 100ML,https://www.woolworths.com.au/shop/productdetails/820432/head-shoulders-ultra-men-shampoo-hair-retain,https://cdn0.woolworths.media/content/wowproductimages/medium/820432.jpg,2020-09-20 19:49:44,,0,,True
ccc36839-0acb-4d9d-9aff-86aec9725095,Woolworths Supermarket,Health & Beauty,Oral-b Pro 100 Crossaction Midnight Black Electric Toothbrush each,820433,$70.00,$70.00 / 1EA,https://www.woolworths.com.au/shop/productdetails/820433/oral-b-pro-100-crossaction-midnight-black-electric-toothbrush,https://cdn0.woolworths.media/content/wowproductimages/medium/820433.jpg,2020-09-20 19:49:44,,0,,True
1e5c488b-2400-442f-b8a3-2d6765cce648,Woolworths Supermarket,Health & Beauty,Oral-b Gum Detoxify Intensive Clean Toothpaste 110g,820436,$12.00,$10.91 / 100G,https://www.woolworths.com.au/shop/productdetails/820436/oral-b-gum-detoxify-intensive-clean-toothpaste,https://cdn0.woolworths.media/content/wowproductimages/medium/820436.jpg,2020-09-20 19:49:44,,0,,True
0da3d10c-88a2-4fe4-ba1e-c2a0758164e3,Woolworths Supermarket,Health & Beauty,Oral-b Kids Paste Frozen 92g,820437,$3.50,$3.80 / 100G,https://www.woolworths.com.au/shop/productdetails/820437/oral-b-kids-paste-frozen,https://cdn0.woolworths.media/content/wowproductimages/medium/820437.jpg,2020-09-20 19:49:44,,0,,True
074a67c2-d51e-453c-8035-5f7875d3a26e,Woolworths Supermarket,Health & Beauty,Oral-b Junior Paste Star Wars 92g,820438,$3.50,$3.80 / 100G,https://www.woolworths.com.au/shop/productdetails/820438/oral-b-junior-paste-star-wars,https://cdn0.woolworths.media/content/wowproductimages/medium/820438.jpg,2020-09-20 19:49:44,,0,,True
ea9a4019-bde0-42b9-9251-4dcc64cf57c3,Woolworths Supermarket,Health & Beauty,Head & Shoulders Ultra Men Shampoo Old Spice 400ml,820441,$15.00,$3.75 / 100ML,https://www.woolworths.com.au/shop/productdetails/820441/head-shoulders-ultra-men-shampoo-old-spice,https://cdn0.woolworths.media/content/wowproductimages/medium/820441.jpg,2020-09-20 19:49:44,,0,,True
58db7961-626f-42d7-a192-c0971258694a,Woolworths Supermarket,Health & Beauty,Head & Shoulders Ultra Men Shampoo Deep Clean 400ml,820442,$15.00,$3.75 / 100ML,https://www.woolworths.com.au/shop/productdetails/820442/head-shoulders-ultra-men-shampoo-deep-clean,https://cdn0.woolworths.media/content/wowproductimages/medium/820442.jpg,2020-09-20 19:49:44,,0,,True
dc031ebb-e750-42aa-a0ab-0681dd79b237,Woolworths Supermarket,Health & Beauty,Head & Shoulders Ultra Men Shampoo Old Spice 550ml,820528,$19.00,$3.45 / 100ML,https://www.woolworths.com.au/shop/productdetails/820528/head-shoulders-ultra-men-shampoo-old-spice,https://cdn0.woolworths.media/content/wowproductimages/medium/820528.jpg,2020-09-20 19:49:44,,0,,True
bd50e824-c69a-43fd-8166-1e7f5fc113b6,Woolworths Supermarket,Health & Beauty,Codral Plus 16 Lozenges & Decongestant 20 Tablets combo pack,820671,$16.00,$16.00 / 1EA,https://www.woolworths.com.au/shop/productdetails/820671/codral-plus-16-lozenges-decongestant-20-tablets,https://cdn0.woolworths.media/content/wowproductimages/medium/820671.jpg,2020-09-20 19:49:44,Average product rating out of 5: 5.0. Product score is based on 2 ratings,2,,True
e1efed22-0de9-4c25-b47c-0a47e414fddf,Woolworths Supermarket,Health & Beauty,Band-aid Blister Cushion Assorted 5 pack,820672,$12.00,$2.40 / 1EA,https://www.woolworths.com.au/shop/productdetails/820672/band-aid-blister-cushion-assorted,https://cdn0.woolworths.media/content/wowproductimages/medium/820672.jpg,2020-09-20 19:49:44,,0,,True
e8211109-a0fa-46fb-a1ab-e8c11216381d,Woolworths Supermarket,Health & Beauty,Band-aid Blister Cushion Medium 5 pack,820674,$12.00,$2.40 / 1EA,https://www.woolworths.com.au/shop/productdetails/820674/band-aid-blister-cushion-medium,https://cdn0.woolworths.media/content/wowproductimages/medium/820674.jpg,2020-09-20 19:49:44,Average product rating out of 5: 5.0. Product score is based on 1 ratings,1,,True
dea95404-a346-465d-93fe-38ad65760cef,Woolworths Supermarket,Health & Beauty,Four Seasons Aloe Vera Lubricant Water Based 200ml,820908,$10.00,$5.00 / 100ML,https://www.woolworths.com.au/shop/productdetails/820908/four-seasons-aloe-vera-lubricant-water-based,https://cdn0.woolworths.media/content/wowproductimages/medium/820908.jpg,2020-09-20 19:49:44,Average product rating out of 5: 4.0. Product score is based on 2 ratings,2,,True
e7a4bbb0-f2cf-4904-aa80-db968de22568,Woolworths Supermarket,Health & Beauty,Four Seasons Vegan Intimacy Gel Water Based 200ml,820919,$12.40,$6.20 / 100ML,https://www.woolworths.com.au/shop/productdetails/820919/four-seasons-vegan-intimacy-gel-water-based,https://cdn0.woolworths.media/content/wowproductimages/medium/820919.jpg,2020-09-20 19:49:44,,0,,True
24e736ad-acf5-4621-8b29-09f434d83601,Woolworths Supermarket,Health & Beauty,Mylanta Antacid Heartburn Relief Fast Chews 24 pack,820971,$7.00,$0.29 / 1EA,https://www.woolworths.com.au/shop/productdetails/820971/mylanta-antacid-heartburn-relief-fast-chews,https://cdn0.woolworths.media/content/wowproductimages/medium/820971.jpg,2020-09-20 19:49:44,Average product rating out of 5: 4.0. Product score is based on 4 ratings,4,,True
1b048a15-0436-4fa9-bd49-a5898f02cd43,Woolworths Supermarket,Health & Beauty,Strepsils Extra Honey And Lemon Sore Throat Fast Numb Lozenges 16 pack,821272,$7.50,$0.47 / 1EA,https://www.woolworths.com.au/shop/productdetails/821272/strepsils-extra-honey-and-lemon-sore-throat-fast-numb-lozenges,https://cdn0.woolworths.media/content/wowproductimages/medium/821272.jpg,2020-09-20 19:49:44,Average product rating out of 5: 4.0. Product score is based on 1 ratings,1,Was $8.00 04/06/2018,True
eeb2489c-4733-48ce-8fc0-84e4d2c3206b,Woolworths Supermarket,Health & Beauty,Nurofen Quickzorb Quick Pain Relief Caplets 200mg Ibuprofen 12 pack,821277,$5.00,$0.42 / 1EA,https://www.woolworths.com.au/shop/productdetails/821277/nurofen-quickzorb-quick-pain-relief-caplets-200mg-ibuprofen,https://cdn0.woolworths.media/content/wowproductimages/medium/821277.jpg,2020-09-20 19:49:44,Average product rating out of 5: 5.0. Product score is based on 1 ratings,1,,True
f721ed55-e76d-48db-986d-aa09ae057fda,Woolworths Supermarket,Health & Beauty,Nurofen Quickzorb Quick Pain Relief Caplets 200mg Ibuprofen 24 pack,821284,$8.00,$0.33 / 1EA,https://www.woolworths.com.au/shop/productdetails/821284/nurofen-quickzorb-quick-pain-relief-caplets-200mg-ibuprofen,https://cdn0.woolworths.media/content/wowproductimages/medium/821284.jpg,2020-09-20 19:49:44,Average product rating out of 5: 4.7. Product score is based on 6 ratings,6,,True
54fa5fe8-ba53-4e7c-9cd5-4ab727bba046,Woolworths Supermarket,Health & Beauty,Neutrogena Deep Clean Hydrating Oil 200ml,821305,$13.30,$6.65 / 100ML,https://www.woolworths.com.au/shop/productdetails/821305/neutrogena-deep-clean-hydrating-oil,https://cdn0.woolworths.media/content/wowproductimages/medium/821305.jpg,2020-09-20 19:49:44,Average product rating out of 5: 4.3. Product score is based on 3 ratings,3,,True
41d91aff-5afd-46dd-9071-1713e3b680b0,Woolworths Supermarket,Health & Beauty,Eureka Eucalyptus Solution 500ml,821318,$12.50,$2.50 / 100ML,https://www.woolworths.com.au/shop/productdetails/821318/eureka-eucalyptus-solution,https://cdn0.woolworths.media/content/wowproductimages/medium/821318.jpg,2020-09-20 19:49:44,Average product rating out of 5: 4.9. Product score is based on 42 ratings,42,,True
faf0694f-277d-4e35-9169-c4d9b8c5d119,Woolworths Supermarket,Health & Beauty,Eureka Tea Tree Solution 200ml,821333,$8.50,$4.25 / 100ML,https://www.woolworths.com.au/shop/productdetails/821333/eureka-tea-tree-solution,https://cdn0.woolworths.media/content/wowproductimages/medium/821333.jpg,2020-09-20 19:49:44,Average product rating out of 5: 4.7. Product score is based on 11 ratings,11,,True
b82dd071-0636-429f-8a50-f84b1a45fd50,Woolworths Supermarket,Health & Beauty,Glow Lab Purple Shampoo 300ml,821335,$14.40,$4.80 / 100ML,https://www.woolworths.com.au/shop/productdetails/821335/glow-lab-purple-shampoo,https://cdn0.woolworths.media/content/wowproductimages/medium/821335.jpg,2020-09-20 19:49:44,Average product rating out of 5: 3.8. Product score is based on 6 ratings,6,,True
a2ecc4b0-b06a-4923-a679-846ead7b756f,Woolworths Supermarket,Health & Beauty,Glow Lab Purple Conditioner 300ml,821336,$14.40,$4.80 / 100ML,https://www.woolworths.com.au/shop/productdetails/821336/glow-lab-purple-conditioner,https://cdn0.woolworths.media/content/wowproductimages/medium/821336.jpg,2020-09-20 19:49:44,Average product rating out of 5: 3.8. Product score is based on 5 ratings,5,,True
ea799711-9402-4b7e-bee5-13128861cdb7,Woolworths Supermarket,Health & Beauty,Vicks Vapo Drops + Immune Support Orange 16 pack,821404,$6.40,$0.40 / 1EA,https://www.woolworths.com.au/shop/productdetails/821404/vicks-vapo-drops-immune-support-orange,https://cdn0.woolworths.media/content/wowproductimages/medium/821404.jpg,2020-09-20 19:49:44,Average product rating out of 5: 5.0. Product score is based on 4 ratings,4,,True
207537ef-4cad-4906-b267-7d021ea1c94d,Woolworths Supermarket,Health & Beauty,Ogx Shampoo Charcoal Detox 385ml,821656,$10.00,$2.60 / 100ML,https://www.woolworths.com.au/shop/productdetails/821656/ogx-shampoo-charcoal-detox,https://cdn0.woolworths.media/content/wowproductimages/medium/821656.jpg,2020-09-20 19:49:44,,0,,True
65e6e74e-dace-4dd9-95ee-060956f3c213,Woolworths Supermarket,Health & Beauty,Ogx Conditioner Charcoal Detox 385ml,821691,$10.00,$2.60 / 100ML,https://www.woolworths.com.au/shop/productdetails/821691/ogx-conditioner-charcoal-detox,https://cdn0.woolworths.media/content/wowproductimages/medium/821691.jpg,2020-09-20 19:49:44,Average product rating out of 5: 3.0. Product score is based on 1 ratings,1,,True
b6c1afc3-455b-4c3e-a83f-6c9d9bf42d82,Woolworths Supermarket,Health & Beauty,Neutrogena Rapid Wrinkle Repair Regenerating Cream 48g,821705,$49.00,$10.21 / 10G,https://www.woolworths.com.au/shop/productdetails/821705/neutrogena-rapid-wrinkle-repair-regenerating-cream,https://cdn0.woolworths.media/content/wowproductimages/medium/821705.jpg,2020-09-20 19:49:44,Average product rating out of 5: 4.2. Product score is based on 5 ratings,5,,True
55166d66-1502-4ea3-b715-146b0af65846,Woolworths Supermarket,Health & Beauty,Gillette Blue Iii Disposable Razors Pack each,821991,$15.00,$0.94 / 1EA,https://www.woolworths.com.au/shop/productdetails/821991/gillette-blue-iii-disposable-razors-pack,https://cdn0.woolworths.media/content/wowproductimages/medium/821991.jpg,2020-09-20 19:49:44,Average product rating out of 5: 4.3. Product score is based on 7 ratings,7,,True
76533d91-9f5f-419b-a263-fdf4000f2c0b,Woolworths Supermarket,Health & Beauty,Gillette Blue2 Pivot Plus Razor each,822152,$8.90,$0.81 / 1EA,https://www.woolworths.com.au/shop/productdetails/822152/gillette-blue2-pivot-plus-razor,https://cdn0.woolworths.media/content/wowproductimages/medium/822152.jpg,2020-09-20 19:49:44,Average product rating out of 5: 5.0. Product score is based on 3 ratings,3,,True
ab971467-0fb6-4748-b2b8-cf7dd61c5146,Woolworths Supermarket,Health & Beauty,Cover Girl Exhbitionist Mascara 800 Very Black each,822251,$24.00,$26.67 / 10ML,https://www.woolworths.com.au/shop/productdetails/822251/cover-girl-exhbitionist-mascara-800-very-black,https://cdn0.woolworths.media/content/wowproductimages/medium/822251.jpg,2020-09-20 19:49:44,,0,,True
cab6339e-aa54-4b21-befb-a4e4670d9260,Woolworths Supermarket,Health & Beauty,Colgate Nature's Extracts Pure Clean Charcoal + Mint Toothpaste 100g,822314,$4.00,$4.00 / 100G,https://www.woolworths.com.au/shop/productdetails/822314/colgate-nature-s-extracts-pure-clean-charcoal-mint-toothpaste,https://cdn0.woolworths.media/content/wowproductimages/medium/822314.jpg,2020-09-20 19:49:44,Average product rating out of 5: 4.5. Product score is based on 13 ratings,13,,True
f14382e8-b3e9-45d9-b4e0-f5a50cdbafe0,Woolworths Supermarket,Health & Beauty,Colgate Total Gum Health Antibacterial Fluoride Toothpaste 115g,822317,$4.00,$3.48 / 100G,https://www.woolworths.com.au/shop/productdetails/822317/colgate-total-gum-health-antibacterial-fluoride-toothpaste,https://cdn0.woolworths.media/content/wowproductimages/medium/822317.jpg,2020-09-20 19:49:44,Average product rating out of 5: 4.6. Product score is based on 8 ratings,8,,True
77e83b85-d135-4a99-9a51-5ba2b0c9464b,Woolworths Supermarket,Health & Beauty,Colgate Total Advanced Whitening Antibacterial Toothpaste 115g,822383,$4.00,$3.48 / 100G,https://www.woolworths.com.au/shop/productdetails/822383/colgate-total-advanced-whitening-antibacterial-toothpaste,https://cdn0.woolworths.media/content/wowproductimages/medium/822383.jpg,2020-09-20 19:49:44,Average product rating out of 5: 4.0. Product score is based on 2 ratings,2,,True
2067a929-c379-4d6b-8bae-b000c8e6958d,Woolworths Supermarket,Health & Beauty,Colgate Total Advanced Clean Fluoride Antibacterial Toothpaste 115g,822389,$4.00,$3.48 / 100G,https://www.woolworths.com.au/shop/productdetails/822389/colgate-total-advanced-clean-fluoride-antibacterial-toothpaste,https://cdn0.woolworths.media/content/wowproductimages/medium/822389.jpg,2020-09-20 19:49:44,Average product rating out of 5: 4.5. Product score is based on 6 ratings,6,,True
fa2eb4cb-ae5e-4bf4-a76c-56f1aefe847e,Woolworths Supermarket,Health & Beauty,Colgate Total Original Antibacterial Fluoride Toothpaste 200g,822391,$5.50,$2.75 / 100G,https://www.woolworths.com.au/shop/productdetails/822391/colgate-total-original-antibacterial-fluoride-toothpaste,https://cdn0.woolworths.media/content/wowproductimages/medium/822391.jpg,2020-09-20 19:49:44,Average product rating out of 5: 4.5. Product score is based on 35 ratings,35,Was $6.10 03/06/2019,True
189927cc-6799-435f-b8d1-f9805bce6053,Woolworths Supermarket,Health & Beauty,Tresemme Shampoo Thick & Full 350ml,822499,$9.00,$2.57 / 100ML,https://www.woolworths.com.au/shop/productdetails/822499/tresemme-shampoo-thick-full,https://cdn0.woolworths.media/content/wowproductimages/medium/822499.jpg,2020-09-20 19:49:44,,0,,True
1e62de40-ae23-4a7e-aa80-110331e12d95,Woolworths Supermarket,Health & Beauty,Garnier Skinactive Micellar Milky Cleansing Water 400ml,822585,$10.46,$2.62 / 100ML,https://www.woolworths.com.au/shop/productdetails/822585/garnier-skinactive-micellar-milky-cleansing-water,https://cdn0.woolworths.media/content/wowproductimages/medium/822585.jpg,2020-09-20 19:49:44,,0,,True
3ad89a39-ae48-47b2-812b-ef2768819f36,Woolworths Supermarket,Health & Beauty,Tresemme Shampoo Repair & Protect 350ml,822761,$9.00,$2.57 / 100ML,https://www.woolworths.com.au/shop/productdetails/822761/tresemme-shampoo-repair-protect,https://cdn0.woolworths.media/content/wowproductimages/medium/822761.jpg,2020-09-20 19:49:44,,0,,True
77bbffd1-91e2-4129-9dd9-2f1e61566bab,Woolworths Supermarket,Health & Beauty,Tresemme Shampoo Ultimate Hydration 350ml,822762,$9.00,$2.57 / 100ML,https://www.woolworths.com.au/shop/productdetails/822762/tresemme-shampoo-ultimate-hydration,https://cdn0.woolworths.media/content/wowproductimages/medium/822762.jpg,2020-09-20 19:49:44,,0,,True
46d2bf94-4f5b-4f4b-9d2c-5cd3dd82a123,Woolworths Supermarket,Health & Beauty,Tresemme Purple Shampoo Violet Blonde Shine 350ml,822763,$9.00,$2.57 / 100ML,https://www.woolworths.com.au/shop/productdetails/822763/tresemme-purple-shampoo-violet-blonde-shine,https://cdn0.woolworths.media/content/wowproductimages/medium/822763.jpg,2020-09-20 19:49:44,,0,,True
0e03ad5d-a5e9-4ab1-ab39-72ce1680d5ac,Woolworths Supermarket,Health & Beauty,Tresemme Keratin Smooth Shampoo 350ml,822764,$9.00,$2.57 / 100ML,https://www.woolworths.com.au/shop/productdetails/822764/tresemme-keratin-smooth-shampoo,https://cdn0.woolworths.media/content/wowproductimages/medium/822764.jpg,2020-09-20 19:49:44,,0,,True
b7d3b4e8-641f-4a24-941b-4024fa43a1c9,Woolworths Supermarket,Health & Beauty,Tresemme Conditioner Thick & Full 350ml,822765,$9.00,$2.57 / 100ML,https://www.woolworths.com.au/shop/productdetails/822765/tresemme-conditioner-thick-full,https://cdn0.woolworths.media/content/wowproductimages/medium/822765.jpg,2020-09-20 19:49:44,,0,,True
f4f566fe-9019-4220-b633-7f0e58a8ace9,Woolworths Supermarket,Health & Beauty,Tresemme Conditioner Repair & Protect 350ml,822767,$9.00,$2.57 / 100ML,https://www.woolworths.com.au/shop/productdetails/822767/tresemme-conditioner-repair-protect,https://cdn0.woolworths.media/content/wowproductimages/medium/822767.jpg,2020-09-20 19:49:44,,0,,True
0a9f023c-4cf1-4f3d-b63f-7e87d1d31266,Woolworths Supermarket,Health & Beauty,Tresemme Conditioner Ultimate Hydration 350ml,822768,$9.00,$2.57 / 100ML,https://www.woolworths.com.au/shop/productdetails/822768/tresemme-conditioner-ultimate-hydration,https://cdn0.woolworths.media/content/wowproductimages/medium/822768.jpg,2020-09-20 19:49:44,,0,,True
3eede13d-ef58-4279-9fcd-d0c5245e66a0,Woolworths Supermarket,Health & Beauty,Tresemme Purple Conditioner Violet Blonde Shine 350ml,822769,$9.00,$2.57 / 100ML,https://www.woolworths.com.au/shop/productdetails/822769/tresemme-purple-conditioner-violet-blonde-shine,https://cdn0.woolworths.media/content/wowproductimages/medium/822769.jpg,2020-09-20 19:49:44,,0,,True
c43154ea-2081-4002-abbb-ae86805e4436,Woolworths Supermarket,Health & Beauty,Tresemme Conditioner Keratin Smooth 350ml,822770,$9.00,$2.57 / 100ML,https://www.woolworths.com.au/shop/productdetails/822770/tresemme-conditioner-keratin-smooth,https://cdn0.woolworths.media/content/wowproductimages/medium/822770.jpg,2020-09-20 19:49:44,,0,,True
9c4914bf-9be5-4bcd-aa54-7c726bf16a61,Woolworths Supermarket,Health & Beauty,Listerine Go Tabs Mint 16 pack,822868,$6.50,$0.41 / 1EA,https://www.woolworths.com.au/shop/productdetails/822868/listerine-go-tabs-mint,https://cdn0.woolworths.media/content/wowproductimages/medium/822868.jpg,2020-09-20 19:49:44,Average product rating out of 5: 5.0. Product score is based on 1 ratings,1,,True
2513c4e5-0a3f-4279-a02f-2f96fba6038c,Woolworths Supermarket,Health & Beauty,Lifestyles Condoms Regular 10 pack,822939,$5.80,$0.58 / 1EA,https://www.woolworths.com.au/shop/productdetails/822939/lifestyles-condoms-regular,https://cdn0.woolworths.media/content/wowproductimages/medium/822939.jpg,2020-09-20 19:49:44,,0,,True
6da002e0-7320-4b5d-9b8d-8a794e67f46b,Woolworths Supermarket,Health & Beauty,Lifestyles Condoms Ultra Thin 20 pack,823072,$9.90,$0.50 / 1EA,https://www.woolworths.com.au/shop/productdetails/823072/lifestyles-condoms-ultra-thin,https://cdn0.woolworths.media/content/wowproductimages/medium/823072.jpg,2020-09-20 19:49:44,,0,Was $11.00 23/09/2019,True
46453710-736c-4558-a1b3-1d816d3ccddf,Woolworths Supermarket,Health & Beauty,Lifestyles Ultimate Condoms 10 pack,823073,$5.80,$0.58 / 1EA,https://www.woolworths.com.au/shop/productdetails/823073/lifestyles-ultimate-condoms,https://cdn0.woolworths.media/content/wowproductimages/medium/823073.jpg,2020-09-20 19:49:44,,0,,True
af21be0b-f573-4bbf-b4d5-f7570fb428d5,Woolworths Supermarket,Health & Beauty,Love Beauty & Planet Shampoo Smooth & Serene 400ml,823165,$15.00,$3.75 / 100ML,https://www.woolworths.com.au/shop/productdetails/823165/love-beauty-planet-shampoo-smooth-serene,https://cdn0.woolworths.media/content/wowproductimages/medium/823165.jpg,2020-09-20 19:49:44,Average product rating out of 5: 4.0. Product score is based on 3 ratings,3,,True
13f22598-a1b5-4572-90a4-a02c88e9c45a,Woolworths Supermarket,Health & Beauty,Love Beauty & Planet Shampoo Volume & Bounty 400ml,823166,$15.00,$3.75 / 100ML,https://www.woolworths.com.au/shop/productdetails/823166/love-beauty-planet-shampoo-volume-bounty,https://cdn0.woolworths.media/content/wowproductimages/medium/823166.jpg,2020-09-20 19:49:44,Average product rating out of 5: 5.0. Product score is based on 4 ratings,4,,True
6a2cac66-7da6-440c-8836-6512857739a1,Woolworths Supermarket,Health & Beauty,Love Beauty & Planet Conditioner Smooth & Serene 400ml,823168,$15.00,$3.75 / 100ML,https://www.woolworths.com.au/shop/productdetails/823168/love-beauty-planet-conditioner-smooth-serene,https://cdn0.woolworths.media/content/wowproductimages/medium/823168.jpg,2020-09-20 19:49:44,Average product rating out of 5: 3.0. Product score is based on 5 ratings,5,,True
ebd0b7ff-518b-4b82-8615-83bd20eb86a5,Woolworths Supermarket,Health & Beauty,Love Beauty & Planet Conditioner Volume & Bounty 400ml,823169,$15.00,$3.75 / 100ML,https://www.woolworths.com.au/shop/productdetails/823169/love-beauty-planet-conditioner-volume-bounty,https://cdn0.woolworths.media/content/wowproductimages/medium/823169.jpg,2020-09-20 19:49:44,Average product rating out of 5: 5.0. Product score is based on 3 ratings,3,,True
90e0e07b-30d0-4fc2-bf0d-b29c37b9b71d,Woolworths Supermarket,Health & Beauty,Sally Hansen Instant Nail Polish Remover Strengthening 75ml,823170,$8.00,$1.07 / 10ML,https://www.woolworths.com.au/shop/productdetails/823170/sally-hansen-instant-nail-polish-remover-strengthening,https://cdn0.woolworths.media/content/wowproductimages/medium/823170.jpg,2020-09-20 19:49:44,,0,,True
73e41dc3-aafb-4b85-870f-c4102a4a3375,Woolworths Supermarket,Health & Beauty,Skin Control Pimple Patch Am & Pm Mixed 36 pack,823177,$9.00,$0.25 / 1EA,https://www.woolworths.com.au/shop/productdetails/823177/skin-control-pimple-patch-am-pm-mixed,https://cdn0.woolworths.media/content/wowproductimages/medium/823177.jpg,2020-09-20 19:49:44,,0,,True
fa45bc46-1836-44bf-9be5-7c989cac009b,Woolworths Supermarket,Health & Beauty,Bondi Sands Liquid Glod Self Tanning Foam 200ml,823179,$23.00,$11.50 / 100ML,https://www.woolworths.com.au/shop/productdetails/823179/bondi-sands-liquid-glod-self-tanning-foam,https://cdn0.woolworths.media/content/wowproductimages/medium/823179.jpg,2020-09-20 19:49:44,,0,,True
aaf7cf93-6cfc-47de-8d0b-423281fc5a5b,Woolworths Supermarket,Health & Beauty,Love Beauty & Planet Conditioner Blooming Colour 400ml,823509,$15.00,$3.75 / 100ML,https://www.woolworths.com.au/shop/productdetails/823509/love-beauty-planet-conditioner-blooming-colour,https://cdn0.woolworths.media/content/wowproductimages/medium/823509.jpg,2020-09-20 19:49:44,Average product rating out of 5: 5.0. Product score is based on 2 ratings,2,,True
a9579834-7596-4bf6-94da-99c6e38f0fbf,Woolworths Supermarket,Health & Beauty,Love Beauty & Planet Shampoo Blooming Colour 400ml,823510,$15.00,$3.75 / 100ML,https://www.woolworths.com.au/shop/productdetails/823510/love-beauty-planet-shampoo-blooming-colour,https://cdn0.woolworths.media/content/wowproductimages/medium/823510.jpg,2020-09-20 19:49:44,Average product rating out of 5: 5.0. Product score is based on 3 ratings,3,,True
f0ef33df-c9cd-466e-a45d-af14fc2014d3,Woolworths Supermarket,Health & Beauty,Stayfree Super Pads With Wings 18 pack,823940,$3.90,$0.22 / 1EA,https://www.woolworths.com.au/shop/productdetails/823940/stayfree-super-pads-with-wings,https://cdn0.woolworths.media/content/wowproductimages/medium/823940.jpg,2020-09-20 19:49:44,,0,,True
46e92563-6c44-4576-a374-4f4cf2113e50,Woolworths Supermarket,Health & Beauty,Stayfree Regular Pads With Wings 20 pack,823943,$3.90,$0.20 / 1EA,https://www.woolworths.com.au/shop/productdetails/823943/stayfree-regular-pads-with-wings,https://cdn0.woolworths.media/content/wowproductimages/medium/823943.jpg,2020-09-20 19:49:44,,0,,True
949a1d88-c2d0-402d-aedf-6591ace8a395,Woolworths Supermarket,Health & Beauty,Head & Shoulders Dry Scalp Care 2in1 180ml,824082,$6.40,$3.56 / 100ML,https://www.woolworths.com.au/shop/productdetails/824082/head-shoulders-dry-scalp-care-2in1,https://cdn0.woolworths.media/content/wowproductimages/medium/824082.jpg,2020-09-20 19:49:44,Average product rating out of 5: 4.5. Product score is based on 4 ratings,4,,True
43f44a73-b7a5-4c63-9f51-19fe04094c96,Woolworths Supermarket,Health & Beauty,Nature's Way Magnesium Oil 250ml,824152,$20.00,$8.00 / 100ML,https://www.woolworths.com.au/shop/productdetails/824152/nature-s-way-magnesium-oil,https://cdn0.woolworths.media/content/wowproductimages/medium/824152.jpg,2020-09-20 19:49:44,Average product rating out of 5: 5.0. Product score is based on 2 ratings,2,,True
4c26a896-b567-4399-8ba2-c851c7e786e1,Woolworths Supermarket,Health & Beauty,Nature's Way Magnesium Flakes 750g,824168,$15.00,$2.00 / 100G,https://www.woolworths.com.au/shop/productdetails/824168/nature-s-way-magnesium-flakes,https://cdn0.woolworths.media/content/wowproductimages/medium/824168.jpg,2020-09-20 19:49:44,Average product rating out of 5: 5.0. Product score is based on 2 ratings,2,,True
6a248c9e-45c8-4536-862a-ea7b05fb3050,Woolworths Supermarket,Health & Beauty,Eureka Lavender Solution 100ml,824201,$9.00,$9.00 / 100ML,https://www.woolworths.com.au/shop/productdetails/824201/eureka-lavender-solution,https://cdn0.woolworths.media/content/wowproductimages/medium/824201.jpg,2020-09-20 19:49:44,Average product rating out of 5: 4.7. Product score is based on 10 ratings,10,,True
87a7306b-388a-4fb8-960c-5be67d02b841,Woolworths Supermarket,Health & Beauty,Audisol Ear Wax Remover 15ml,824259,$10.00,$66.67 / 100ML,https://www.woolworths.com.au/shop/productdetails/824259/audisol-ear-wax-remover,https://cdn0.woolworths.media/content/wowproductimages/medium/824259.jpg,2020-09-20 19:49:44,Average product rating out of 5: 4.5. Product score is based on 2 ratings,2,,True
7ec22a7e-5553-4ced-ba17-6e2db9c077d7,Woolworths Supermarket,Health & Beauty,Sambucol Kids Throat Pops 8 pack,824285,$9.00,$1.13 / 1EA,https://www.woolworths.com.au/shop/productdetails/824285/sambucol-kids-throat-pops,https://cdn0.woolworths.media/content/wowproductimages/medium/824285.jpg,2020-09-20 19:49:44,Average product rating out of 5: 4.5. Product score is based on 4 ratings,4,,True
4b4f94cd-f6ce-4fa0-b6ed-d5e1e3c99d29,Woolworths Supermarket,Health & Beauty,Face Halo Original Make Up Pad each,824324,$13.00,$13.00 / 1EA,https://www.woolworths.com.au/shop/productdetails/824324/face-halo-original-make-up-pad,https://cdn0.woolworths.media/content/wowproductimages/medium/824324.jpg,2020-09-20 19:49:44,Average product rating out of 5: 5.0. Product score is based on 1 ratings,1,,True
f04b8584-dfbe-4ab5-9802-6ae1bf45a6f8,Woolworths Supermarket,Health & Beauty,Dove Men Antiperspirant Aerosol Deodorant Clean Comfort 254ml,824411,$7.00,$2.76 / 100ML,https://www.woolworths.com.au/shop/productdetails/824411/dove-men-antiperspirant-aerosol-deodorant-clean-comfort,https://cdn0.woolworths.media/content/wowproductimages/medium/824411.jpg,2020-09-20 19:49:44,Average product rating out of 5: 4.6. Product score is based on 8 ratings,8,,True
61de34d2-3c4d-4177-8751-d890a101665b,Woolworths Supermarket,Health & Beauty,Dove Men Antiperspirant Aerosol Deodorant Invisible Dry 254ml,824415,$7.00,$2.76 / 100ML,https://www.woolworths.com.au/shop/productdetails/824415/dove-men-antiperspirant-aerosol-deodorant-invisible-dry,https://cdn0.woolworths.media/content/wowproductimages/medium/824415.jpg,2020-09-20 19:49:44,Average product rating out of 5: 4.6. Product score is based on 5 ratings,5,,True
d7c7d09e-7613-4213-9f4c-b60aece51bcf,Woolworths Supermarket,Health & Beauty,Solvol Heavy Duty Liquid Hand Cleaner 250ml,824524,$5.00,,https://www.woolworths.com.au/shop/productdetails/824524/solvol-heavy-duty-liquid-hand-cleaner,https://cdn0.woolworths.media/content/wowproductimages/medium/824524.jpg,2020-09-20 19:49:44,Average product rating out of 5: 5.0. Product score is based on 1 ratings,1,,True
3a689655-414d-4be3-8f7a-f744206d9118,Woolworths Supermarket,Health & Beauty,Norsca Deodorant Aerosol Baby Powder Antiperspirant 150g,824755,$6.00,$2.45 / 100ML,https://www.woolworths.com.au/shop/productdetails/824755/norsca-deodorant-aerosol-baby-powder-antiperspirant,https://cdn0.woolworths.media/content/wowproductimages/medium/824755.jpg,2020-09-20 19:49:44,Average product rating out of 5: 4.3. Product score is based on 15 ratings,15,,True
0261ad22-61f0-4e85-aed0-12f18e7b6eae,Woolworths Supermarket,Health & Beauty,Oral-b Floss Action Refills 4 pack,824820,$32.00,$8.00 / 1EA,https://www.woolworths.com.au/shop/productdetails/824820/oral-b-floss-action-refills,https://cdn0.woolworths.media/content/wowproductimages/medium/824820.jpg,2020-09-20 19:49:44,Average product rating out of 5: 4.9. Product score is based on 7 ratings,7,,True
00ae675c-04a4-42fb-b733-0b832c70ee6b,Woolworths Supermarket,Health & Beauty,Oral-b 3d White Therapy Toothpaste Enamel Care 95g,824855,$12.00,$12.63 / 100G,https://www.woolworths.com.au/shop/productdetails/824855/oral-b-3d-white-therapy-toothpaste-enamel-care,https://cdn0.woolworths.media/content/wowproductimages/medium/824855.jpg,2020-09-20 19:49:44,Average product rating out of 5: 3.8. Product score is based on 4 ratings,4,,True
ade8f2e1-9e9f-4486-9206-4bb53b09f260,Woolworths Supermarket,Health & Beauty,Oral-b Toothbrush 7 Benefits Pro Health each,824925,$6.00,$6.00 / 1EA,https://www.woolworths.com.au/shop/productdetails/824925/oral-b-toothbrush-7-benefits-pro-health,https://cdn0.woolworths.media/content/wowproductimages/medium/824925.jpg,2020-09-20 19:49:44,Average product rating out of 5: 3.0. Product score is based on 2 ratings,2,,True
ed804f76-7262-428a-b6a8-ccd716cb1a1d,Woolworths Supermarket,Health & Beauty,Nutricare Patch Adhesive Strips Natural 25 pack,825024,$7.00,$0.28 / 1EA,https://www.woolworths.com.au/shop/productdetails/825024/nutricare-patch-adhesive-strips-natural,https://cdn0.woolworths.media/content/wowproductimages/medium/825024.jpg,2020-09-20 19:49:44,,0,,True
d5bc1d36-dd50-4478-a38f-2e1fdbcef172,Woolworths Supermarket,Health & Beauty,Patch Adhesive Strips Coconut Oil 25 pack,825025,$7.00,$0.28 / 1EA,https://www.woolworths.com.au/shop/productdetails/825025/patch-adhesive-strips-coconut-oil,https://cdn0.woolworths.media/content/wowproductimages/medium/825025.jpg,2020-09-20 19:49:44,Average product rating out of 5: 4.5. Product score is based on 4 ratings,4,,True
462d9d7d-10a4-45a1-9695-f072fcd43387,Woolworths Supermarket,Health & Beauty,Sensodyne Toothpaste Daily Care + Whitening 2 pack,825029,$15.00,$6.82 / 100G,https://www.woolworths.com.au/shop/productdetails/825029/sensodyne-toothpaste-daily-care-whitening,https://cdn0.woolworths.media/content/wowproductimages/medium/825029.jpg,2020-09-20 19:49:44,Average product rating out of 5: 4.5. Product score is based on 23 ratings,23,Was $17.50 03/06/2019,True
2ede4f8c-9235-4a2d-b89b-32e2dee4efe4,Woolworths Supermarket,Health & Beauty,Patch Adhesive Strips Aloe Vera 25 pack,825030,$7.00,$0.28 / 1EA,https://www.woolworths.com.au/shop/productdetails/825030/patch-adhesive-strips-aloe-vera,https://cdn0.woolworths.media/content/wowproductimages/medium/825030.jpg,2020-09-20 19:49:44,Average product rating out of 5: 4.3. Product score is based on 3 ratings,3,,True
64afada4-5253-43cf-899c-e9cbce184595,Woolworths Supermarket,Health & Beauty,Naturopathica Gastro Health Antacid Dual Action 20 pack,825106,$17.00,$0.85 / 1EA,https://www.woolworths.com.au/shop/productdetails/825106/naturopathica-gastro-health-antacid-dual-action,https://cdn0.woolworths.media/content/wowproductimages/medium/825106.jpg,2020-09-20 19:49:44,,0,,True
dc084eac-b2b4-42fe-87d0-5019cd58bae1,Woolworths Supermarket,Health & Beauty,Sambucol Cold & Flu + Pain Relief Capsules 24 pack,825118,$15.00,$0.63 / 1EA,https://www.woolworths.com.au/shop/productdetails/825118/sambucol-cold-flu-pain-relief-capsules,https://cdn0.woolworths.media/content/wowproductimages/medium/825118.jpg,2020-09-20 19:49:44,Average product rating out of 5: 5.0. Product score is based on 1 ratings,1,,True
9679b787-ad25-4075-98d9-f4bba8bd341b,Woolworths Supermarket,Health & Beauty,Sally Hansen Nail Polish Cafe Au Lait each,825554,$15.00,$10.20 / 10ML,https://www.woolworths.com.au/shop/productdetails/825554/sally-hansen-nail-polish-cafe-au-lait,https://cdn0.woolworths.media/content/wowproductimages/medium/825554.jpg,2020-09-20 19:49:44,Average product rating out of 5: 4.0. Product score is based on 1 ratings,1,,True
47c51cf2-7a41-42ab-b879-1b9fc6773ef9,Woolworths Supermarket,Health & Beauty,Sally Hansen Nail Polish Mudslide each,825557,$15.00,$10.20 / 10ML,https://www.woolworths.com.au/shop/productdetails/825557/sally-hansen-nail-polish-mudslide,https://cdn0.woolworths.media/content/wowproductimages/medium/825557.jpg,2020-09-20 19:49:44,Average product rating out of 5: 3.0. Product score is based on 1 ratings,1,,True
99b3160e-97c9-4411-9cad-317ab2f73e94,Woolworths Supermarket,Health & Beauty,Sally Hansen Nail Polish Cleared For Takeoff each,825571,$15.00,$10.20 / 10ML,https://www.woolworths.com.au/shop/productdetails/825571/sally-hansen-nail-polish-cleared-for-takeoff,https://cdn0.woolworths.media/content/wowproductimages/medium/825571.jpg,2020-09-20 19:49:44,Average product rating out of 5: 4.3. Product score is based on 4 ratings,4,,True
aaa47fef-de67-45ef-8d7b-d9a658bcea46,Woolworths Supermarket,Health & Beauty,Sally Hansen Nail Polish Shall We Dance each,825573,$15.00,$10.20 / 10ML,https://www.woolworths.com.au/shop/productdetails/825573/sally-hansen-nail-polish-shall-we-dance,https://cdn0.woolworths.media/content/wowproductimages/medium/825573.jpg,2020-09-20 19:49:44,,0,,True
0e3393d8-dbf6-4975-8371-6fb397a08a72,Woolworths Supermarket,Health & Beauty,Sally Hansen Nail Polish Raisin The Bar each,825574,$15.00,$10.20 / 10ML,https://www.woolworths.com.au/shop/productdetails/825574/sally-hansen-nail-polish-raisin-the-bar,https://cdn0.woolworths.media/content/wowproductimages/medium/825574.jpg,2020-09-20 19:49:44,,0,,True
26584b7a-6764-4495-81ee-6dd907ec8a3d,Woolworths Supermarket,Health & Beauty,Sally Hansen Nail Polish Wine Not each,825577,$15.00,$10.20 / 10ML,https://www.woolworths.com.au/shop/productdetails/825577/sally-hansen-nail-polish-wine-not,https://cdn0.woolworths.media/content/wowproductimages/medium/825577.jpg,2020-09-20 19:49:44,Average product rating out of 5: 2.5. Product score is based on 2 ratings,2,,True
8c070afd-c74d-4745-ac50-150aea38fb4a,Woolworths Supermarket,Health & Beauty,Rimmel Mascara Wonder'full Extreme Black each,825580,$19.00,$17.27 / 10ML,https://www.woolworths.com.au/shop/productdetails/825580/rimmel-mascara-wonder-full-extreme-black,https://cdn0.woolworths.media/content/wowproductimages/medium/825580.jpg,2020-09-20 19:49:44,Average product rating out of 5: 3.8. Product score is based on 4 ratings,4,,True
e4b92d3c-51f3-47f8-82cd-7eb2c51331d8,Woolworths Supermarket,Health & Beauty,Rimmel Mascara Wonder'full Water Proof each,825590,$19.00,$17.27 / 10ML,https://www.woolworths.com.au/shop/productdetails/825590/rimmel-mascara-wonder-full-water-proof,https://cdn0.woolworths.media/content/wowproductimages/medium/825590.jpg,2020-09-20 19:49:44,Average product rating out of 5: 2.3. Product score is based on 4 ratings,4,,True
1a897906-e283-49c9-b4dd-e1e9bf815c59,Woolworths Supermarket,Health & Beauty,Rimmel Lip Colour Kiss Me You Fool 7ml,825624,$19.00,$27.14 / 10ML,https://www.woolworths.com.au/shop/productdetails/825624/rimmel-lip-colour-kiss-me-you-fool,https://cdn0.woolworths.media/content/wowproductimages/medium/825624.jpg,2020-09-20 19:49:44,,0,,True
bc9fcfaf-e211-47be-8de3-a58e788eca45,Woolworths Supermarket,Health & Beauty,Rimmel Primer Lasting Finish 30ml,825625,$14.00,$4.67 / 10ML,https://www.woolworths.com.au/shop/productdetails/825625/rimmel-primer-lasting-finish,https://cdn0.woolworths.media/content/wowproductimages/medium/825625.jpg,2020-09-20 19:49:44,Average product rating out of 5: 5.0. Product score is based on 2 ratings,2,,True
e9b49b35-9856-45ba-81e6-61a2fdd00338,Woolworths Supermarket,Health & Beauty,Sensodyne Mouthwash Alcohol Free Cool Mint Gentle 500ml,826033,$9.00,$1.80 / 100ML,https://www.woolworths.com.au/shop/productdetails/826033/sensodyne-mouthwash-alcohol-free-cool-mint-gentle,https://cdn0.woolworths.media/content/wowproductimages/medium/826033.jpg,2020-09-20 19:49:44,Average product rating out of 5: 4.0. Product score is based on 1 ratings,1,,True
20e4201e-01d0-4662-93e8-9091ca3aa4c9,Woolworths Supermarket,Health & Beauty,Bosisto's Aroma Mist Stress 125ml,826227,$12.00,$9.60 / 100ML,https://www.woolworths.com.au/shop/productdetails/826227/bosisto-s-aroma-mist-stress,https://cdn0.woolworths.media/content/wowproductimages/medium/826227.jpg,2020-09-20 19:49:44,Average product rating out of 5: 5.0. Product score is based on 2 ratings,2,,True
dfe9a8f0-ba34-482d-a905-776988e66628,Woolworths Supermarket,Health & Beauty,Scholl Wart & Verruca Remover Kit 80ml,826354,$25.00,$31.25 / 100ML,https://www.woolworths.com.au/shop/productdetails/826354/scholl-wart-verruca-remover-kit,https://cdn0.woolworths.media/content/wowproductimages/medium/826354.jpg,2020-09-20 19:49:44,Average product rating out of 5: 3.4. Product score is based on 8 ratings,8,,True
586a9762-a6bb-4f4b-85a2-3c309e609d4c,Woolworths Supermarket,Health & Beauty,Maybelline Colossal Pumped Up Volume Express Mascara - Glam Black 9.5ml,826412,$10.00,$10.31 / 10ML,https://www.woolworths.com.au/shop/productdetails/826412/maybelline-colossal-pumped-up-volume-express-mascara-glam-black,https://cdn0.woolworths.media/content/wowproductimages/medium/826412.jpg,2020-09-20 19:49:44,,0,,True
1cee8786-e4e1-4589-b1d8-da429ef02490,Woolworths Supermarket,Health & Beauty,Bosisto's Nasal Inhaler Eucalyptus 1g,826468,$4.80,$48.00 / 10G,https://www.woolworths.com.au/shop/productdetails/826468/bosisto-s-nasal-inhaler-eucalyptus,https://cdn0.woolworths.media/content/wowproductimages/medium/826468.jpg,2020-09-20 19:49:44,Average product rating out of 5: 5.0. Product score is based on 1 ratings,1,,True
a373fc75-3327-4253-b2d8-745fcd26b512,Woolworths Supermarket,Health & Beauty,Colgate Optic White Whitening Toothpaste Express Fresh Mint 125g,826546,$10.00,$8.00 / 100G,https://www.woolworths.com.au/shop/productdetails/826546/colgate-optic-white-whitening-toothpaste-express-fresh-mint,https://cdn0.woolworths.media/content/wowproductimages/medium/826546.jpg,2020-09-20 19:49:44,Average product rating out of 5: 4.1. Product score is based on 10 ratings,10,,True
d0af46c1-495a-45d2-a1e7-62f58cbee7fc,Woolworths Supermarket,Health & Beauty,Steradent Arctic Ice Tablets Denture Care 48 pack,826671,$8.49,$0.18 / 1EA,https://www.woolworths.com.au/shop/productdetails/826671/steradent-arctic-ice-tablets-denture-care,https://cdn0.woolworths.media/content/wowproductimages/medium/826671.jpg,2020-09-20 19:49:44,Average product rating out of 5: 4.8. Product score is based on 8 ratings,8,,True
f34934b2-ba52-423c-ae99-189c3fb45ddc,Woolworths Supermarket,Health & Beauty,Nature's Way Vitagummies Mens Multivitamin 100 pack,826884,$20.00,$20.00 / 100EA,https://www.woolworths.com.au/shop/productdetails/826884/nature-s-way-vitagummies-mens-multivitamin,https://cdn0.woolworths.media/content/wowproductimages/medium/826884.jpg,2020-09-20 19:49:44,Average product rating out of 5: 4.3. Product score is based on 3 ratings,3,,True
3181d693-a8fa-4611-8c20-7d88fcf0e385,Woolworths Supermarket,Health & Beauty,Nature's Way Vitagummies Womens Multivit Orange Lemon Blueberry 100 pack,826885,$20.00,$20.00 / 100EA,https://www.woolworths.com.au/shop/productdetails/826885/nature-s-way-vitagummies-womens-multivit-orange-lemon-blueberry,https://cdn0.woolworths.media/content/wowproductimages/medium/826885.jpg,2020-09-20 19:49:44,Average product rating out of 5: 4.7. Product score is based on 15 ratings,15,,True
1a0f0df2-2859-473f-87e6-6739698d9ec7,Woolworths Supermarket,Health & Beauty,Nature's Way Glucosamine Chondroitin Joint Repair Dual Action 90 pack,826886,$30.00,$33.33 / 100EA,https://www.woolworths.com.au/shop/productdetails/826886/nature-s-way-glucosamine-chondroitin-joint-repair-dual-action,https://cdn0.woolworths.media/content/wowproductimages/medium/826886.jpg,2020-09-20 19:49:44,Average product rating out of 5: 5.0. Product score is based on 2 ratings,2,,True
0b742f23-8828-4a29-873e-2999b808675f,Woolworths Supermarket,Health & Beauty,Lynx For Men Shower Gel Black 400ml,826969,$4.00,$1.00 / 100ML,https://www.woolworths.com.au/shop/productdetails/826969/lynx-for-men-shower-gel-black,https://cdn0.woolworths.media/content/wowproductimages/medium/826969.jpg,2020-09-20 19:49:44,Average product rating out of 5: 4.8. Product score is based on 19 ratings,19,,True
7c2d34e4-0059-4e76-ae74-c6afeb094310,Woolworths Supermarket,Health & Beauty,Adidas 6 In 1 Anti-perspirant Spray For Him 200ml,827075,$5.00,$2.50 / 100ML,https://www.woolworths.com.au/shop/productdetails/827075/adidas-6-in-1-anti-perspirant-spray-for-him,https://cdn0.woolworths.media/content/wowproductimages/medium/827075.jpg,2020-09-20 19:49:44,Average product rating out of 5: 4.7. Product score is based on 6 ratings,6,Was $6.29 26/05/2016,True
589be1e4-872b-4073-968c-0354261bd7a6,Woolworths Supermarket,Health & Beauty,Nivea Men Face Care Cream 150ml,827111,$5.60,$3.73 / 100ML,https://www.woolworths.com.au/shop/productdetails/827111/nivea-men-face-care-cream,https://cdn0.woolworths.media/content/wowproductimages/medium/827111.jpg,2020-09-20 19:49:44,Average product rating out of 5: 4.8. Product score is based on 6 ratings,6,,True
e6709173-9992-42fe-a24a-b5fa87225382,Woolworths Supermarket,Health & Beauty,Berocca Energy Vitamin Mango & Orange Effervescent Tablets 45 pack,827373,$22.80,$50.67 / 100EA,https://www.woolworths.com.au/shop/productdetails/827373/berocca-energy-vitamin-mango-orange-effervescent-tablets,https://cdn0.woolworths.media/content/wowproductimages/medium/827373.jpg,2020-09-20 19:49:44,Average product rating out of 5: 5.0. Product score is based on 9 ratings,9,,True
d1191480-cedd-41ae-9d82-e4affffbf9f8,Woolworths Supermarket,Health & Beauty,Gillette Fusion Proglide Manual Shaving Razor & Blade Flexball Handle each,827605,$20.00,,https://www.woolworths.com.au/shop/productdetails/827605/gillette-fusion-proglide-manual-shaving-razor-blade-flexball-handle,https://cdn0.woolworths.media/content/wowproductimages/medium/827605.jpg,2020-09-20 19:49:44,Average product rating out of 5: 4.0. Product score is based on 2 ratings,2,,True
c3af3908-752c-4c7f-bf2c-ce6d059a4e3d,Woolworths Supermarket,Health & Beauty,Gillette Fusion Proglide Sensitive Gel Active Sport 170g,827649,$8.50,$5.00 / 100G,https://www.woolworths.com.au/shop/productdetails/827649/gillette-fusion-proglide-sensitive-gel-active-sport,https://cdn0.woolworths.media/content/wowproductimages/medium/827649.jpg,2020-09-20 19:49:44,Average product rating out of 5: 4.3. Product score is based on 3 ratings,3,,True
743ac171-1f37-4c55-9540-fa9d621c9345,Woolworths Supermarket,Health & Beauty,Cenovis Coenzyme Q10 150mg Energy & Heart Health 30pk,827742,$21.00,$70.00 / 100EA,https://www.woolworths.com.au/shop/productdetails/827742/cenovis-coenzyme-q10-150mg-energy-heart-health,https://cdn0.woolworths.media/content/wowproductimages/medium/827742.jpg,2020-09-20 19:49:44,,0,,True
1d5d4911-4165-436a-9aec-45cfcf47a610,Woolworths Supermarket,Health & Beauty,Evamay Tampons Regular 20 pack,827952,$2.25,$0.11 / 1EA,https://www.woolworths.com.au/shop/productdetails/827952/evamay-tampons-regular,https://cdn0.woolworths.media/content/wowproductimages/medium/827952.jpg,2020-09-20 19:49:44,,0,,True
752f87c9-72a8-4cd4-8912-8122456250dd,Woolworths Supermarket,Health & Beauty,Evamay Tampons Super 16 pack,827954,$2.25,$0.14 / 1EA,https://www.woolworths.com.au/shop/productdetails/827954/evamay-tampons-super,https://cdn0.woolworths.media/content/wowproductimages/medium/827954.jpg,2020-09-20 19:49:44,Average product rating out of 5: 4.3. Product score is based on 4 ratings,4,,True
d404bf3f-fa07-4a29-8420-d6264c29635d,Woolworths Supermarket,Health & Beauty,Blackmores Fish Oil Odourless 1000mg 200 pack,828148,$20.00,$10.00 / 100EA,https://www.woolworths.com.au/shop/productdetails/828148/blackmores-fish-oil-odourless-1000mg,https://cdn0.woolworths.media/content/wowproductimages/medium/828148.jpg,2020-09-20 19:49:44,Average product rating out of 5: 4.8. Product score is based on 6 ratings,6,,True
882d7360-a4e7-4dfa-a12a-f0b20014d057,Woolworths Supermarket,Health & Beauty,Blackmores Odourless Omega Triple Concentration Fish Oil Caps 60pk,828241,$25.00,$41.67 / 100EA,https://www.woolworths.com.au/shop/productdetails/828241/blackmores-odourless-omega-triple-concentration-fish-oil-caps,https://cdn0.woolworths.media/content/wowproductimages/medium/828241.jpg,2020-09-20 19:49:44,Average product rating out of 5: 5.0. Product score is based on 2 ratings,2,,True
19c87a6f-3f0b-47ea-95a3-b5205027a494,Woolworths Supermarket,Health & Beauty,Spatone Iron Supplement 28 pack,828519,$30.00,,https://www.woolworths.com.au/shop/productdetails/828519/spatone-iron-supplement,https://cdn0.woolworths.media/content/wowproductimages/medium/828519.jpg,2020-09-20 19:49:44,Average product rating out of 5: 5.0. Product score is based on 5 ratings,5,,True
8f152a5a-f5ac-4d9f-8816-700efeb1f26c,Woolworths Supermarket,Health & Beauty,Disney Kids Power Toothbrush each,828584,$12.00,$12.00 / 1EA,https://www.woolworths.com.au/shop/productdetails/828584/disney-kids-power-toothbrush,https://cdn0.woolworths.media/content/wowproductimages/medium/828584.jpg,2020-09-20 19:49:44,Average product rating out of 5: 4.0. Product score is based on 3 ratings,3,,True
2a80f9b4-12fd-40f3-9610-7c79c4485fd6,Woolworths Supermarket,Health & Beauty,Cenovis Vitamin C 250mg Tablets Orange Flavour 150 pack,828923,$10.50,$7.00 / 100EA,https://www.woolworths.com.au/shop/productdetails/828923/cenovis-vitamin-c-250mg-tablets-orange-flavour,https://cdn0.woolworths.media/content/wowproductimages/medium/828923.jpg,2020-09-20 19:49:44,Average product rating out of 5: 5.0. Product score is based on 2 ratings,2,,True
89e0704f-47a7-4183-a1ae-5648d6efbfd6,Woolworths Supermarket,Health & Beauty,Bosisto's Calming Solution Lavender & Chamomile 100ml,829057,$9.00,$9.00 / 100ML,https://www.woolworths.com.au/shop/productdetails/829057/bosisto-s-calming-solution-lavender-chamomile,https://cdn0.woolworths.media/content/wowproductimages/medium/829057.jpg,2020-09-20 19:49:44,Average product rating out of 5: 4.8. Product score is based on 9 ratings,9,,True
5603b847-c122-4aad-8ad7-a0f18d5e7593,Woolworths Supermarket,Health & Beauty,Bosisto's Eucalyptus Oil 50ml,829083,$6.00,$12.00 / 100ML,https://www.woolworths.com.au/shop/productdetails/829083/bosisto-s-eucalyptus-oil,https://cdn0.woolworths.media/content/wowproductimages/medium/829083.jpg,2020-09-20 19:49:44,Average product rating out of 5: 4.9. Product score is based on 25 ratings,25,,True
b0009dba-44ab-4884-8c3a-771fe1bce1f5,Woolworths Supermarket,Health & Beauty,Bosisto's Antibacterial Solution Eucalyptus & Lemon Myrtle 250ml,829089,$9.00,$3.60 / 100ML,https://www.woolworths.com.au/shop/productdetails/829089/bosisto-s-antibacterial-solution-eucalyptus-lemon-myrtle,https://cdn0.woolworths.media/content/wowproductimages/medium/829089.jpg,2020-09-20 19:49:44,Average product rating out of 5: 4.9. Product score is based on 32 ratings,32,,True
939d048b-562f-4f1f-84f1-06da32ce642d,Woolworths Supermarket,Health & Beauty,Bosisto's Antifungal Solution Tea Tree & Clove 100ml,829090,$9.00,$9.00 / 100ML,https://www.woolworths.com.au/shop/productdetails/829090/bosisto-s-antifungal-solution-tea-tree-clove,https://cdn0.woolworths.media/content/wowproductimages/medium/829090.jpg,2020-09-20 19:49:44,Average product rating out of 5: 5.0. Product score is based on 3 ratings,3,,True
415a28eb-a624-4a1b-b969-528ad27eeb3b,Woolworths Supermarket,Health & Beauty,First Response Pregnancy Test Instream 7 pack,829122,$28.00,$4.00 / 1EA,https://www.woolworths.com.au/shop/productdetails/829122/first-response-pregnancy-test-instream,https://cdn0.woolworths.media/content/wowproductimages/medium/829122.jpg,2020-09-20 19:49:44,Average product rating out of 5: 4.2. Product score is based on 5 ratings,5,,True
55da9ad2-5ff3-4c2a-864d-1bda95d952a6,Woolworths Supermarket,Health & Beauty,Colgate Pro Clinical 250+ Rechargeable Electric Toothbrush Soft White each,829190,$25.00,$25.00 / 1EA,https://www.woolworths.com.au/shop/productdetails/829190/colgate-pro-clinical-250-rechargeable-electric-toothbrush-soft-white,https://cdn0.woolworths.media/content/wowproductimages/medium/829190.jpg,2020-09-20 19:49:44,Average product rating out of 5: 3.9. Product score is based on 8 ratings,8,,True
4f705b48-a005-4a93-81fe-d3878192d328,Woolworths Supermarket,Health & Beauty,L'oreal Men Expert Hydra Energetic All-in-one Moisturiser 75ml,829294,$5.00,$6.67 / 100ML,https://www.woolworths.com.au/shop/productdetails/829294/l-oreal-men-expert-hydra-energetic-all-in-one-moisturiser,https://cdn0.woolworths.media/content/wowproductimages/medium/829294.jpg,2020-09-20 19:49:44,,0,,True
c0dcf42a-504c-4518-b5b3-252ba6ac277f,Woolworths Supermarket,Health & Beauty,Gaia Natural Baby Hair & Body Wash 500ml,829345,$13.00,$2.60 / 100ML,https://www.woolworths.com.au/shop/productdetails/829345/gaia-natural-baby-hair-body-wash,https://cdn0.woolworths.media/content/wowproductimages/medium/829345.jpg,2020-09-20 19:49:44,,0,,True
8f31eacc-affd-4a70-9012-201c8dbf2195,Woolworths Supermarket,Health & Beauty,Schick Hydro Silk Trimstyle Kit each,829348,$20.00,,https://www.woolworths.com.au/shop/productdetails/829348/schick-hydro-silk-trimstyle-kit,https://cdn0.woolworths.media/content/wowproductimages/medium/829348.jpg,2020-09-20 19:49:44,Average product rating out of 5: 4.1. Product score is based on 16 ratings,16,,True
6c13beed-200c-4ef1-b0bb-493fe83c3a49,Woolworths Supermarket,Health & Beauty,Colgate Total Advanced Fresh Antibacterial Gel Toothpaste 115g,829375,$4.00,$3.48 / 100G,https://www.woolworths.com.au/shop/productdetails/829375/colgate-total-advanced-fresh-antibacterial-gel-toothpaste,https://cdn0.woolworths.media/content/wowproductimages/medium/829375.jpg,2020-09-20 19:49:44,Average product rating out of 5: 4.0. Product score is based on 3 ratings,3,,True
c0b356aa-0c30-4592-b4d8-5426c63dd05b,Woolworths Supermarket,Health & Beauty,Lifestyles Condoms Regular 20 pack,829567,$9.90,$0.50 / 1EA,https://www.woolworths.com.au/shop/productdetails/829567/lifestyles-condoms-regular,https://cdn0.woolworths.media/content/wowproductimages/medium/829567.jpg,2020-09-20 19:49:44,Average product rating out of 5: 5.0. Product score is based on 2 ratings,2,Was $11.00 23/09/2019,True
cfc90d38-4518-47f3-be8f-303cba3be368,Woolworths Supermarket,Health & Beauty,Lifestyles Condoms Assorted 20 pack,829569,$9.90,$0.50 / 1EA,https://www.woolworths.com.au/shop/productdetails/829569/lifestyles-condoms-assorted,https://cdn0.woolworths.media/content/wowproductimages/medium/829569.jpg,2020-09-20 19:49:44,Average product rating out of 5: 5.0. Product score is based on 2 ratings,2,Was $11.00 23/09/2019,True
67df7743-de0e-404e-b368-677ab9dff7d4,Woolworths Supermarket,Health & Beauty,Lifestyles Condoms Ultra Thin 10 pack,829607,$5.80,$0.58 / 1EA,https://www.woolworths.com.au/shop/productdetails/829607/lifestyles-condoms-ultra-thin,https://cdn0.woolworths.media/content/wowproductimages/medium/829607.jpg,2020-09-20 19:49:44,Average product rating out of 5: 4.0. Product score is based on 1 ratings,1,,True
420d53f6-6261-4b0c-82bf-fb513b1ba1d5,Woolworths Supermarket,Health & Beauty,D3 Mouth Guard Double Gel Adult each,829625,$10.00,$10.00 / 1EA,https://www.woolworths.com.au/shop/productdetails/829625/d3-mouth-guard-double-gel-adult,https://cdn0.woolworths.media/content/wowproductimages/medium/829625.jpg,2020-09-20 19:49:44,Average product rating out of 5: 1.0. Product score is based on 1 ratings,1,,True
b7b5dbb4-ed02-48ac-94ec-d6e767671456,Woolworths Supermarket,Health & Beauty,D3 Mouth Guard Double Gel Youth each,829702,$10.00,$10.00 / 1EA,https://www.woolworths.com.au/shop/productdetails/829702/d3-mouth-guard-double-gel-youth,https://cdn0.woolworths.media/content/wowproductimages/medium/829702.jpg,2020-09-20 19:49:44,,0,,True
2002c4ca-6bab-4b7a-abeb-3de4f736c088,Woolworths Supermarket,Health & Beauty,Dimetapp Kids Cough Plus Immune 200ml,830164,$19.00,$9.50 / 100ML,https://www.woolworths.com.au/shop/productdetails/830164/dimetapp-kids-cough-plus-immune,https://cdn0.woolworths.media/content/wowproductimages/medium/830164.jpg,2020-09-20 19:49:44,,0,,True
38cff3d5-3c3b-47a8-9cee-ce53cb4c35a2,Woolworths Supermarket,Health & Beauty,First Response Complete Pregnancy Planning Kit each,830165,$35.00,$35.00 / 1EA,https://www.woolworths.com.au/shop/productdetails/830165/first-response-complete-pregnancy-planning-kit,https://cdn0.woolworths.media/content/wowproductimages/medium/830165.jpg,2020-09-20 19:49:44,,0,,True
9c77b0f1-d994-4371-8876-4b14b70a2ba4,Woolworths Supermarket,Health & Beauty,Connect Foods Organic Fibremax Chocolate + Probiotic 250g,830200,$15.00,$6.00 / 100G,https://www.woolworths.com.au/shop/productdetails/830200/connect-foods-organic-fibremax-chocolate-probiotic,https://cdn0.woolworths.media/content/wowproductimages/medium/830200.jpg,2020-09-20 19:49:44,Average product rating out of 5: 3.3. Product score is based on 4 ratings,4,,True
bd957da6-9b38-4580-a0df-bd4b3fe6e544,Woolworths Supermarket,Health & Beauty,Dimetapp Cough Cold & Flu With Ivy Leaf 100ml,830201,$14.00,$14.00 / 100ML,https://www.woolworths.com.au/shop/productdetails/830201/dimetapp-cough-cold-flu-with-ivy-leaf,https://cdn0.woolworths.media/content/wowproductimages/medium/830201.jpg,2020-09-20 19:49:44,Average product rating out of 5: 5.0. Product score is based on 1 ratings,1,,True
4807a132-a982-4078-8acb-3c78a90abc70,Woolworths Supermarket,Health & Beauty,Colgate Optic White Stainless White Teeth Whitening Toothpaste 85g,830639,$8.00,$9.41 / 100G,https://www.woolworths.com.au/shop/productdetails/830639/colgate-optic-white-stainless-white-teeth-whitening-toothpaste,https://cdn0.woolworths.media/content/wowproductimages/medium/830639.jpg,2020-09-20 19:49:44,Average product rating out of 5: 4.6. Product score is based on 9 ratings,9,Was $9.99 18/09/2017,True
a172c2dd-7b80-42f7-94d3-941e1a2a4e8b,Woolworths Supermarket,Health & Beauty,Surf Life Saving Sunscreen Sport Spf 50+ 200ml,838986,$16.50,$8.25 / 100ML,https://www.woolworths.com.au/shop/productdetails/838986/surf-life-saving-sunscreen-sport-spf-50-,https://cdn0.woolworths.media/content/wowproductimages/medium/838986.jpg,2020-09-20 19:49:44,Average product rating out of 5: 5.0. Product score is based on 2 ratings,2,,True
4599d37c-5225-4c2b-aec3-5b238a5cd96a,Woolworths Supermarket,Health & Beauty,Surf Life Saving Sunscreen Sport Spray Spf 50+ 175g,839069,$16.50,$9.43 / 100G,https://www.woolworths.com.au/shop/productdetails/839069/surf-life-saving-sunscreen-sport-spray-spf-50-,https://cdn0.woolworths.media/content/wowproductimages/medium/839069.jpg,2020-09-20 19:49:44,Average product rating out of 5: 5.0. Product score is based on 2 ratings,2,,True
5206f609-db65-4f3f-9f2e-80a379fb4d04,Woolworths Supermarket,Health & Beauty,Centrum Specialist Energy Plus With Ginseng & B Vitamins 60 pack,839427,$11.50,$19.17 / 100EA,https://www.woolworths.com.au/shop/productdetails/839427/centrum-specialist-energy-plus-with-ginseng-b-vitamins,https://cdn0.woolworths.media/content/wowproductimages/medium/839427.jpg,2020-09-20 19:49:44,Average product rating out of 5: 5.0. Product score is based on 1 ratings,1,,True
1e7edff7-6a09-4694-8701-c2d2db47b90e,Woolworths Supermarket,Health & Beauty,Nyal Vapourising Patches 6 pack,839524,$7.20,$1.20 / 1EA,https://www.woolworths.com.au/shop/productdetails/839524/nyal-vapourising-patches,https://cdn0.woolworths.media/content/wowproductimages/medium/839524.jpg,2020-09-20 19:49:44,Average product rating out of 5: 5.0. Product score is based on 1 ratings,1,,True
d5498112-d4e5-42c5-b4ba-01e64b3e896d,Woolworths Supermarket,Health & Beauty,Tom Organic Ultra Thin Liners 26 pack,839570,$5.00,$0.19 / 1EA,https://www.woolworths.com.au/shop/productdetails/839570/tom-organic-ultra-thin-liners,https://cdn0.woolworths.media/content/wowproductimages/medium/839570.jpg,2020-09-20 19:49:44,,0,,True
db78a466-1de7-422c-ab16-b088a721f266,Woolworths Supermarket,Health & Beauty,U By Kotex Sport Ultrathin Super 10 pack,839657,$3.15,$0.32 / 1EA,https://www.woolworths.com.au/shop/productdetails/839657/u-by-kotex-sport-ultrathin-super,https://cdn0.woolworths.media/content/wowproductimages/medium/839657.jpg,2020-09-20 19:49:44,,0,,True
6e5bc82d-8543-49f2-a241-db67983c02bd,Woolworths Supermarket,Health & Beauty,U By Kotex Sport Ultrathin Regular 12 pack,839669,$3.15,$0.26 / 1EA,https://www.woolworths.com.au/shop/productdetails/839669/u-by-kotex-sport-ultrathin-regular,https://cdn0.woolworths.media/content/wowproductimages/medium/839669.jpg,2020-09-20 19:49:44,,0,,True
58cff6ad-bb83-4511-9b97-66e2b62efa9f,Woolworths Supermarket,Health & Beauty,Palmolive Men Body Wash Deep Clean Shower Gel 500ml,839868,$5.00,$1.00 / 100ML,https://www.woolworths.com.au/shop/productdetails/839868/palmolive-men-body-wash-deep-clean-shower-gel,https://cdn0.woolworths.media/content/wowproductimages/medium/839868.jpg,2020-09-20 19:49:44,Average product rating out of 5: 4.6. Product score is based on 16 ratings,16,,True
ec0058da-37f2-44c5-9fd9-f3423f058cb7,Woolworths Supermarket,Health & Beauty,Femfresh Soap Free Wash 250ml,840167,$6.75,$2.70 / 100ML,https://www.woolworths.com.au/shop/productdetails/840167/femfresh-soap-free-wash,https://cdn0.woolworths.media/content/wowproductimages/medium/840167.jpg,2020-09-20 19:49:44,,0,,True
bc619eae-4c76-431c-b799-10a493d56e66,Woolworths Supermarket,Health & Beauty,Femfresh Deodorising Wash 250ml,840179,$6.75,$2.70 / 100ML,https://www.woolworths.com.au/shop/productdetails/840179/femfresh-deodorising-wash,https://cdn0.woolworths.media/content/wowproductimages/medium/840179.jpg,2020-09-20 19:49:44,,0,,True
d0407f06-f295-44bc-bbe4-21dfc8123644,Woolworths Supermarket,Health & Beauty,L'oreal Paris Excellence Age Perfect Very Light Blonde 7.32 each,840342,$10.00,,https://www.woolworths.com.au/shop/productdetails/840342/l-oreal-paris-excellence-age-perfect-very-light-blonde-7-32,https://cdn0.woolworths.media/content/wowproductimages/medium/840342.jpg,2020-09-20 19:49:44,,0,,True
e06c9357-dcad-41d6-b0c3-07ea09913a16,Woolworths Supermarket,Health & Beauty,Garnier Nutrisse Hair Colour 9.13 Natural Light Blonde each,840404,$14.95,,https://www.woolworths.com.au/shop/productdetails/840404/garnier-nutrisse-hair-colour-9-13-natural-light-blonde,https://cdn0.woolworths.media/content/wowproductimages/medium/840404.jpg,2020-09-20 19:49:44,Average product rating out of 5: 4.2. Product score is based on 9 ratings,9,,True
b6f698c9-166a-455f-86c1-0e1334e6f7ee,Woolworths Supermarket,Health & Beauty,Brite Semi Permanent Hair Colour Colour Pastel Purple 75ml,840411,$10.00,$13.33 / 100ML,https://www.woolworths.com.au/shop/productdetails/840411/brite-semi-permanent-hair-colour-colour-pastel-purple,https://cdn0.woolworths.media/content/wowproductimages/medium/840411.jpg,2020-09-20 19:49:44,Average product rating out of 5: 4.5. Product score is based on 2 ratings,2,,True
38d6e4dd-2b6a-46ca-a61d-ae42dab4ac9a,Woolworths Supermarket,Health & Beauty,Woolworths Sunscreen Spf 50+ 500ml,840781,$6.50,$1.30 / 100ML,https://www.woolworths.com.au/shop/productdetails/840781/woolworths-sunscreen-spf-50-,https://cdn0.woolworths.media/content/wowproductimages/medium/840781.jpg,2020-09-20 19:49:44,Average product rating out of 5: 4.2. Product score is based on 15 ratings,15,,True
f09f5ae5-c2c4-4231-92c1-4f5efc2d38e6,Woolworths Supermarket,Health & Beauty,Woolworths Sunscreen Everyday Tube Spf 50+ 100ml,840782,$2.75,$2.75 / 100ML,https://www.woolworths.com.au/shop/productdetails/840782/woolworths-sunscreen-everyday-tube-spf-50-,https://cdn0.woolworths.media/content/wowproductimages/medium/840782.jpg,2020-09-20 19:49:44,Average product rating out of 5: 5.0. Product score is based on 7 ratings,7,,True
78d28462-c904-4e98-8943-00291793506b,Woolworths Supermarket,Health & Beauty,Elastoplast Sensitive Hypoallergenic Strips Assorted 40 pack,841077,$4.50,$0.11 / 1EA,https://www.woolworths.com.au/shop/productdetails/841077/elastoplast-sensitive-hypoallergenic-strips-assorted,https://cdn0.woolworths.media/content/wowproductimages/medium/841077.jpg,2020-09-20 19:49:44,Average product rating out of 5: 4.7. Product score is based on 9 ratings,9,,True
12aa1222-baeb-44dd-87a9-e51070fe6fd0,Woolworths Supermarket,Health & Beauty,Clearblue Digital Ovulation Test Kit 10 pack,841101,$35.00,$3.50 / 1EA,https://www.woolworths.com.au/shop/productdetails/841101/clearblue-digital-ovulation-test-kit,https://cdn0.woolworths.media/content/wowproductimages/medium/841101.jpg,2020-09-20 19:49:44,Average product rating out of 5: 5.0. Product score is based on 1 ratings,1,,True
58529852-36c6-4fab-b891-f9eca7bff33d,Woolworths Supermarket,Health & Beauty,Poise Incontinence Liners Extra Light Absorbency 10 pack,841137,$1.60,$0.16 / 1EA,https://www.woolworths.com.au/shop/productdetails/841137/poise-incontinence-liners-extra-light-absorbency,https://cdn0.woolworths.media/content/wowproductimages/medium/841137.jpg,2020-09-20 19:49:44,,0,,True
97c976f2-b197-45af-8039-4188a6aebf97,Woolworths Supermarket,Health & Beauty,Ease A Cold Kids Chewable Berry Cold & Flu Tablets 2-12yrs 24 pack,841233,$15.00,$0.63 / 1EA,https://www.woolworths.com.au/shop/productdetails/841233/ease-a-cold-kids-chewable-berry-cold-flu-tablets-2-12yrs,https://cdn0.woolworths.media/content/wowproductimages/medium/841233.jpg,2020-09-20 19:49:44,Average product rating out of 5: 4.8. Product score is based on 4 ratings,4,,True
ce07788f-fd82-4f0e-b2b2-59c3c147b51d,Woolworths Supermarket,Health & Beauty,Mentholatum Low Odour Deep Heat Relief 100g,841278,$7.00,$7.00 / 100G,https://www.woolworths.com.au/shop/productdetails/841278/mentholatum-low-odour-deep-heat-relief,https://cdn0.woolworths.media/content/wowproductimages/medium/841278.jpg,2020-09-20 19:49:44,Average product rating out of 5: 3.8. Product score is based on 4 ratings,4,,True
e821ca08-bab8-4c9b-b4e3-83d52a3e69ae,Woolworths Supermarket,Health & Beauty,Dettol Antibacterial Liquid Hand Wash Pump Vanilla And Orchid 250ml,841293,$2.00,$0.80 / 100ML,https://www.woolworths.com.au/shop/productdetails/841293/dettol-antibacterial-liquid-hand-wash-pump-vanilla-and-orchid,https://cdn0.woolworths.media/content/wowproductimages/medium/841293.jpg,2020-09-20 19:49:44,Average product rating out of 5: 4.6. Product score is based on 56 ratings,56,Was $2.90 06/11/2017,True
9c7a84c9-6fe3-4adc-b5f6-7573d0666583,Woolworths Supermarket,Health & Beauty,Rexona Men Antiperspirant Roll On Deodorant Sport 50ml,841493,$2.00,$4.00 / 100ML,https://www.woolworths.com.au/shop/productdetails/841493/rexona-men-antiperspirant-roll-on-deodorant-sport,https://cdn0.woolworths.media/content/wowproductimages/medium/841493.jpg,2020-09-20 19:49:44,Average product rating out of 5: 4.6. Product score is based on 13 ratings,13,,True
15961107-b132-47fc-bff2-759ae868b3f7,Woolworths Supermarket,Health & Beauty,Rexona Men Antiperspirant Roll On Deodorant Original 50ml,841494,$2.00,$4.00 / 100ML,https://www.woolworths.com.au/shop/productdetails/841494/rexona-men-antiperspirant-roll-on-deodorant-original,https://cdn0.woolworths.media/content/wowproductimages/medium/841494.jpg,2020-09-20 19:49:44,Average product rating out of 5: 4.8. Product score is based on 5 ratings,5,,True
8f04887e-e9ab-4015-984e-5fde91ed5ef8,Woolworths Supermarket,Health & Beauty,Rexona Women Antiperspirant Roll On Deodorant Classic 50ml,841509,$2.00,$4.00 / 100ML,https://www.woolworths.com.au/shop/productdetails/841509/rexona-women-antiperspirant-roll-on-deodorant-classic,https://cdn0.woolworths.media/content/wowproductimages/medium/841509.jpg,2020-09-20 19:49:44,Average product rating out of 5: 4.3. Product score is based on 24 ratings,24,,True
e2a4088f-8f06-4ff9-80f1-153ce9f3169c,Woolworths Supermarket,Health & Beauty,Rexona Women Antiperspirant Roll On Invisible Dry Black & White 50ml,841515,$2.00,$4.00 / 100ML,https://www.woolworths.com.au/shop/productdetails/841515/rexona-women-antiperspirant-roll-on-invisible-dry-black-white,https://cdn0.woolworths.media/content/wowproductimages/medium/841515.jpg,2020-09-20 19:49:44,Average product rating out of 5: 4.6. Product score is based on 17 ratings,17,,True
4fe622d9-18cc-4040-a33d-cac65f08a90e,Woolworths Supermarket,Health & Beauty,Dove Women Antiperspirant Deodorant Spray Original 250ml,841525,$7.00,$2.80 / 100ML,https://www.woolworths.com.au/shop/productdetails/841525/dove-women-antiperspirant-deodorant-spray-original,https://cdn0.woolworths.media/content/wowproductimages/medium/841525.jpg,2020-09-20 19:49:44,Average product rating out of 5: 5.0. Product score is based on 4 ratings,4,,True
8a27436f-0d74-4f44-b0f9-8af0ffc776b8,Woolworths Supermarket,Health & Beauty,Dove Women Antiperspirant Aerosol Deodorant Go Fresh Pomegranate 250ml,841533,$7.00,$2.80 / 100ML,https://www.woolworths.com.au/shop/productdetails/841533/dove-women-antiperspirant-aerosol-deodorant-go-fresh-pomegranate,https://cdn0.woolworths.media/content/wowproductimages/medium/841533.jpg,2020-09-20 19:49:44,Average product rating out of 5: 4.6. Product score is based on 10 ratings,10,,True
a29e22f9-7f51-43db-abdd-66effd567df7,Woolworths Supermarket,Health & Beauty,Dove Women Antiperspirant Go Fresh Cucumber & Green Tea 250ml,841537,$7.00,$2.80 / 100ML,https://www.woolworths.com.au/shop/productdetails/841537/dove-women-antiperspirant-go-fresh-cucumber-green-tea,https://cdn0.woolworths.media/content/wowproductimages/medium/841537.jpg,2020-09-20 19:49:44,Average product rating out of 5: 4.5. Product score is based on 13 ratings,13,,True
640a88de-b354-4a17-9733-53835b77b7e4,Woolworths Supermarket,Health & Beauty,Dove Women Antiperspirant Aerosol Invisible Dry Anti White Marks 250ml,841538,$7.00,$2.80 / 100ML,https://www.woolworths.com.au/shop/productdetails/841538/dove-women-antiperspirant-aerosol-invisible-dry-anti-white-marks,https://cdn0.woolworths.media/content/wowproductimages/medium/841538.jpg,2020-09-20 19:49:44,Average product rating out of 5: 4.9. Product score is based on 14 ratings,14,,True
cf8e1063-bca0-4820-b89c-986fcec63c25,Woolworths Supermarket,Health & Beauty,Ease A Cold Non Drowsy Cold & Flu Plus Decongestant 20 pack,841539,$12.00,$0.60 / 1EA,https://www.woolworths.com.au/shop/productdetails/841539/ease-a-cold-non-drowsy-cold-flu-plus-decongestant,https://cdn0.woolworths.media/content/wowproductimages/medium/841539.jpg,2020-09-20 19:49:44,Average product rating out of 5: 4.5. Product score is based on 2 ratings,2,,True
679f9f16-1418-4af5-951b-7cf0d20a80cd,Woolworths Supermarket,Health & Beauty,Rexona Men Antiperspirant Deodorant Stick Sport 52ml,841541,$4.00,$7.69 / 100ML,https://www.woolworths.com.au/shop/productdetails/841541/rexona-men-antiperspirant-deodorant-stick-sport,https://cdn0.woolworths.media/content/wowproductimages/medium/841541.jpg,2020-09-20 19:49:44,Average product rating out of 5: 4.8. Product score is based on 8 ratings,8,,True
8ba31d4a-3129-43d9-90fe-8d8cfe9b7ba8,Woolworths Supermarket,Health & Beauty,Rexona Women Antiperspirant Deodorant Shower Fresh Stick 42ml,841542,$3.50,$8.33 / 100G,https://www.woolworths.com.au/shop/productdetails/841542/rexona-women-antiperspirant-deodorant-shower-fresh-stick,https://cdn0.woolworths.media/content/wowproductimages/medium/841542.jpg,2020-09-20 19:49:44,Average product rating out of 5: 4.7. Product score is based on 6 ratings,6,,True
6c3037b9-f546-4c1b-aecf-6e1f441a6d1f,Woolworths Supermarket,Health & Beauty,Strepsils Sore Throat Sugar Free Strawberry Lozenges 36 pack,841545,$10.50,$0.29 / 1EA,https://www.woolworths.com.au/shop/productdetails/841545/strepsils-sore-throat-sugar-free-strawberry-lozenges,https://cdn0.woolworths.media/content/wowproductimages/medium/841545.jpg,2020-09-20 19:49:44,Average product rating out of 5: 5.0. Product score is based on 4 ratings,4,,True
847965a4-10c2-44dd-ab77-625e6ad3954d,Woolworths Supermarket,Health & Beauty,Dove Women Antiperspirant Roll On Deodorant Pomegranate 50ml,841546,$3.90,$7.80 / 100ML,https://www.woolworths.com.au/shop/productdetails/841546/dove-women-antiperspirant-roll-on-deodorant-pomegranate,https://cdn0.woolworths.media/content/wowproductimages/medium/841546.jpg,2020-09-20 19:49:44,Average product rating out of 5: 4.5. Product score is based on 23 ratings,23,,True
98046168-68b5-428b-9616-7db1a7cc4727,Woolworths Supermarket,Health & Beauty,Strepsils Sore Throat Sugar Free Lemon Lozenges 36 pack,841550,$10.50,$0.29 / 1EA,https://www.woolworths.com.au/shop/productdetails/841550/strepsils-sore-throat-sugar-free-lemon-lozenges,https://cdn0.woolworths.media/content/wowproductimages/medium/841550.jpg,2020-09-20 19:49:44,Average product rating out of 5: 4.3. Product score is based on 3 ratings,3,,True
ff5ce093-2ebc-4283-b39d-22a6fea8e4b2,Woolworths Supermarket,Health & Beauty,Nyal Children's Berry Cold & Flu Immunity Booster 2yrs+ 200ml,841569,$12.00,$6.00 / 100ML,https://www.woolworths.com.au/shop/productdetails/841569/nyal-children-s-berry-cold-flu-immunity-booster-2yrs-,https://cdn0.woolworths.media/content/wowproductimages/medium/841569.jpg,2020-09-20 19:49:44,,0,,True
8837dea7-4a77-4d30-b6ed-0b6d10d81337,Woolworths Supermarket,Health & Beauty,Sambucol Cold & Flu Forte Plus Vit C & Zinc Capsules 24pk,841670,$14.00,$0.58 / 1EA,https://www.woolworths.com.au/shop/productdetails/841670/sambucol-cold-flu-forte-plus-vit-c-zinc-capsules,https://cdn0.woolworths.media/content/wowproductimages/medium/841670.jpg,2020-09-20 19:49:44,Average product rating out of 5: 5.0. Product score is based on 4 ratings,4,,True
ea9aaa28-c71f-4f49-92a2-ba3add69a651,Woolworths Supermarket,Health & Beauty,Batiste Limited Edition Eden Dry Shampoo 200ml,842060,$10.00,$5.00 / 100ML,https://www.woolworths.com.au/shop/productdetails/842060/batiste-limited-edition-eden-dry-shampoo,https://cdn0.woolworths.media/content/wowproductimages/medium/842060.jpg,2020-09-20 19:49:44,Average product rating out of 5: 3.6. Product score is based on 5 ratings,5,,True
de5b8a7d-39ef-4e05-8fb4-5a02c5c98d9a,Woolworths Supermarket,Health & Beauty,Palmolive 3in1 Shampoo Conditioner & Bodywash Funny Honey 700ml,842507,$6.50,$0.93 / 100ML,https://www.woolworths.com.au/shop/productdetails/842507/palmolive-3in1-shampoo-conditioner-bodywash-funny-honey,https://cdn0.woolworths.media/content/wowproductimages/medium/842507.jpg,2020-09-20 19:49:44,Average product rating out of 5: 4.9. Product score is based on 13 ratings,13,Was $7.00 23/04/2018,True
90852aa1-9e7f-4885-a1d0-cb5fc4867337,Woolworths Supermarket,Health & Beauty,Herbal Essences Conditioner Moroccan My Shine 300ml,842521,$6.50,$2.17 / 100ML,https://www.woolworths.com.au/shop/productdetails/842521/herbal-essences-conditioner-moroccan-my-shine,https://cdn0.woolworths.media/content/wowproductimages/medium/842521.jpg,2020-09-20 19:49:44,Average product rating out of 5: 4.8. Product score is based on 6 ratings,6,,True
449532f8-d196-4fc8-8219-ca5ee7bbedad,Woolworths Supermarket,Health & Beauty,Palmolive Naturals Anti-dandruff 2in1 Shampoo & Hair Conditioner 350ml,842530,$4.50,$1.29 / 100ML,https://www.woolworths.com.au/shop/productdetails/842530/palmolive-naturals-anti-dandruff-2in1-shampoo-hair-conditioner,https://cdn0.woolworths.media/content/wowproductimages/medium/842530.jpg,2020-09-20 19:49:44,Average product rating out of 5: 4.7. Product score is based on 11 ratings,11,,True
d119ca9f-31e6-4ff0-899b-7114987a61e0,Woolworths Supermarket,Health & Beauty,Herbal Essences Shampoo Moroccan My Shine 300ml,842532,$6.50,$2.17 / 100ML,https://www.woolworths.com.au/shop/productdetails/842532/herbal-essences-shampoo-moroccan-my-shine,https://cdn0.woolworths.media/content/wowproductimages/medium/842532.jpg,2020-09-20 19:49:44,Average product rating out of 5: 4.4. Product score is based on 7 ratings,7,,True
73d7e799-9fb5-47b8-bc98-045491f922ac,Woolworths Supermarket,Health & Beauty,Palmolive Kids 3 In 1 Bodywash Shampoo & Conditioner Happy Apple 350ml,842626,$5.00,$1.43 / 100ML,https://www.woolworths.com.au/shop/productdetails/842626/palmolive-kids-3-in-1-bodywash-shampoo-conditioner-happy-apple,https://cdn0.woolworths.media/content/wowproductimages/medium/842626.jpg,2020-09-20 19:49:44,Average product rating out of 5: 4.4. Product score is based on 10 ratings,10,,True
c63af216-30eb-4ecd-9ce5-eed2870b47c5,Woolworths Supermarket,Health & Beauty,Pantene Pro-v Colour Therapy Shampoo 900ml,842632,$11.90,$1.32 / 100ML,https://www.woolworths.com.au/shop/productdetails/842632/pantene-pro-v-colour-therapy-shampoo,https://cdn0.woolworths.media/content/wowproductimages/medium/842632.jpg,2020-09-20 19:49:44,Average product rating out of 5: 4.4. Product score is based on 9 ratings,9,,True
d62eb9f1-7434-47e6-9b53-78d80d606d6c,Woolworths Supermarket,Health & Beauty,Pantene Pro-v Daily Moisture Renewal Shampoo 900ml,842806,$11.90,$1.32 / 100ML,https://www.woolworths.com.au/shop/productdetails/842806/pantene-pro-v-daily-moisture-renewal-shampoo,https://cdn0.woolworths.media/content/wowproductimages/medium/842806.jpg,2020-09-20 19:49:44,Average product rating out of 5: 4.7. Product score is based on 13 ratings,13,,True
4f1da9fb-b911-4e98-824c-74e451d7ceeb,Woolworths Supermarket,Health & Beauty,Pantene Pro-v Daily Moisture Renewal Conditioner 900ml,842807,$11.90,$1.32 / 100ML,https://www.woolworths.com.au/shop/productdetails/842807/pantene-pro-v-daily-moisture-renewal-conditioner,https://cdn0.woolworths.media/content/wowproductimages/medium/842807.jpg,2020-09-20 19:49:44,Average product rating out of 5: 3.9. Product score is based on 11 ratings,11,,True
7f3600f1-26e5-426f-88ed-8961586d3b2f,Woolworths Supermarket,Health & Beauty,Pantene Pro-v Ultimate 10 Shampoo 900ml,842808,$11.90,$1.32 / 100ML,https://www.woolworths.com.au/shop/productdetails/842808/pantene-pro-v-ultimate-10-shampoo,https://cdn0.woolworths.media/content/wowproductimages/medium/842808.jpg,2020-09-20 19:49:44,Average product rating out of 5: 4.8. Product score is based on 10 ratings,10,,True
a9c35fa8-9bb8-4cc2-b122-effeeafad968,Woolworths Supermarket,Health & Beauty,Pantene Pro-v Ultimate 10 Conditioner 900ml,842809,$11.90,$1.32 / 100ML,https://www.woolworths.com.au/shop/productdetails/842809/pantene-pro-v-ultimate-10-conditioner,https://cdn0.woolworths.media/content/wowproductimages/medium/842809.jpg,2020-09-20 19:49:44,Average product rating out of 5: 4.5. Product score is based on 14 ratings,14,,True
03beafcd-04b5-40d5-8a56-d5a02fea9822,Woolworths Supermarket,Health & Beauty,Pantene Pro-v Colour Therapy Conditioner 900ml,842810,$11.90,$1.32 / 100ML,https://www.woolworths.com.au/shop/productdetails/842810/pantene-pro-v-colour-therapy-conditioner,https://cdn0.woolworths.media/content/wowproductimages/medium/842810.jpg,2020-09-20 19:49:44,Average product rating out of 5: 4.1. Product score is based on 8 ratings,8,,True
dfd1ce84-2e3c-4a89-ab3f-14e36b70e61c,Woolworths Supermarket,Health & Beauty,Pantene Pro-v Smooth & Sleek Shampoo 900ml,842812,$11.90,$1.32 / 100ML,https://www.woolworths.com.au/shop/productdetails/842812/pantene-pro-v-smooth-sleek-shampoo,https://cdn0.woolworths.media/content/wowproductimages/medium/842812.jpg,2020-09-20 19:49:44,Average product rating out of 5: 4.7. Product score is based on 21 ratings,21,,True
f11461af-ea6e-4ff7-a4b6-8eeab9e701ac,Woolworths Supermarket,Health & Beauty,Pantene Pro-v Smooth & Sleek Conditioner 900ml,842887,$11.90,$1.32 / 100ML,https://www.woolworths.com.au/shop/productdetails/842887/pantene-pro-v-smooth-sleek-conditioner,https://cdn0.woolworths.media/content/wowproductimages/medium/842887.jpg,2020-09-20 19:49:44,Average product rating out of 5: 4.4. Product score is based on 12 ratings,12,,True
00bda69a-f75a-46a7-8378-728850a5fad8,Woolworths Supermarket,Health & Beauty,John Frieda Beach Blonde Ocean Waves Spray 150ml,845561,$17.00,$11.33 / 100ML,https://www.woolworths.com.au/shop/productdetails/845561/john-frieda-beach-blonde-ocean-waves-spray,https://cdn0.woolworths.media/content/wowproductimages/medium/845561.jpg,2020-09-20 19:49:44,Average product rating out of 5: 4.3. Product score is based on 3 ratings,3,,True
09766993-304f-4aa8-aed8-b7c12ae85b95,Woolworths Supermarket,Health & Beauty,John Frieda Frizz Ease Forever Smooth Conditioner 250ml,845595,$16.00,$6.40 / 100ML,https://www.woolworths.com.au/shop/productdetails/845595/john-frieda-frizz-ease-forever-smooth-conditioner,https://cdn0.woolworths.media/content/wowproductimages/medium/845595.jpg,2020-09-20 19:49:44,Average product rating out of 5: 3.0. Product score is based on 2 ratings,2,,True
221c94db-012c-42e5-8f4b-5c9dcec81ce8,Woolworths Supermarket,Health & Beauty,John Frieda Frizz Ease Forever Smooth Shampoo 250ml,845599,$16.00,$6.40 / 100ML,https://www.woolworths.com.au/shop/productdetails/845599/john-frieda-frizz-ease-forever-smooth-shampoo,https://cdn0.woolworths.media/content/wowproductimages/medium/845599.jpg,2020-09-20 19:49:44,Average product rating out of 5: 4.0. Product score is based on 1 ratings,1,,True
667b4ddf-c208-445f-b35b-29902c1acd59,Woolworths Supermarket,Health & Beauty,John Frieda Air Dry Waves 147ml,845626,$17.00,$11.56 / 100ML,https://www.woolworths.com.au/shop/productdetails/845626/john-frieda-air-dry-waves,https://cdn0.woolworths.media/content/wowproductimages/medium/845626.jpg,2020-09-20 19:49:44,Average product rating out of 5: 5.0. Product score is based on 3 ratings,3,,True
1fe8a2df-5b6e-4846-90ea-9951a8b4848c,Woolworths Supermarket,Health & Beauty,Provoke Touch Of Silver Intensive Purple Conditioner 500ml,847888,$20.00,$4.00 / 100ML,https://www.woolworths.com.au/shop/productdetails/847888/provoke-touch-of-silver-intensive-purple-conditioner,https://cdn0.woolworths.media/content/wowproductimages/medium/847888.jpg,2020-09-20 19:49:44,Average product rating out of 5: 5.0. Product score is based on 4 ratings,4,,True
f074680e-962d-4690-accc-a3b482b486b5,Woolworths Supermarket,Health & Beauty,Provoke Touch Of Silver Colour Care Purple Conditioner 1000ml,847889,$18.00,$1.80 / 100ML,https://www.woolworths.com.au/shop/productdetails/847889/provoke-touch-of-silver-colour-care-purple-conditioner,https://cdn0.woolworths.media/content/wowproductimages/medium/847889.jpg,2020-09-20 19:49:44,Average product rating out of 5: 5.0. Product score is based on 3 ratings,3,,True
3345e657-bad4-4bdd-9b49-b4df6617903d,Woolworths Supermarket,Health & Beauty,Provoke Touch Of Silver Brightening Purple Shampoo 500ml,850483,$20.00,$4.00 / 100ML,https://www.woolworths.com.au/shop/productdetails/850483/provoke-touch-of-silver-brightening-purple-shampoo,https://cdn0.woolworths.media/content/wowproductimages/medium/850483.jpg,2020-09-20 19:49:44,Average product rating out of 5: 4.8. Product score is based on 9 ratings,9,,True
702978b9-104e-4e9c-90a5-17a3b550095b,Woolworths Supermarket,Health & Beauty,Provoke Touch Of Silver Colour Care Purple Shampoo 1000ml,850484,$18.00,$1.80 / 100ML,https://www.woolworths.com.au/shop/productdetails/850484/provoke-touch-of-silver-colour-care-purple-shampoo,https://cdn0.woolworths.media/content/wowproductimages/medium/850484.jpg,2020-09-20 19:49:44,Average product rating out of 5: 3.7. Product score is based on 3 ratings,3,,True
df8a844b-c91c-4eff-8172-d028ed47dbe9,Woolworths Supermarket,Health & Beauty,Provoke Touch Of Silver Toning Treatment Purple Mask 200ml,850485,$13.00,$6.50 / 100ML,https://www.woolworths.com.au/shop/productdetails/850485/provoke-touch-of-silver-toning-treatment-purple-mask,https://cdn0.woolworths.media/content/wowproductimages/medium/850485.jpg,2020-09-20 19:49:44,Average product rating out of 5: 3.7. Product score is based on 3 ratings,3,,True
661a45c0-94c3-46c7-9b1b-47b5e54a1717,Woolworths Supermarket,Health & Beauty,Clairol Nice'n Easy Repair Light Ash Blonde 9a each,852065,$16.00,$16.00 / 100ML,https://www.woolworths.com.au/shop/productdetails/852065/clairol-nice-n-easy-repair-light-ash-blonde-9a,https://cdn0.woolworths.media/content/wowproductimages/medium/852065.jpg,2020-09-20 19:49:44,,0,,True
d82afd9e-6da6-4f73-8c69-4dfbe9e40996,Woolworths Supermarket,Health & Beauty,Clairol Nice'n Easy Repair Light Ash Brown 6a each,852156,$16.00,$16.00 / 100ML,https://www.woolworths.com.au/shop/productdetails/852156/clairol-nice-n-easy-repair-light-ash-brown-6a,https://cdn0.woolworths.media/content/wowproductimages/medium/852156.jpg,2020-09-20 19:49:44,Average product rating out of 5: 5.0. Product score is based on 1 ratings,1,,True
69d569ac-7606-4054-8b98-7a1319de7730,Woolworths Supermarket,Health & Beauty,Tresemme Hydration Boost Conditioner 900ml,852158,$7.00,$0.78 / 100ML,https://www.woolworths.com.au/shop/productdetails/852158/tresemme-hydration-boost-conditioner,https://cdn0.woolworths.media/content/wowproductimages/medium/852158.jpg,2020-09-20 19:49:44,Average product rating out of 5: 4.4. Product score is based on 9 ratings,9,Was $10.50 13/02/2017,True
c3557a41-9709-4f00-a073-6f4a81c17665,Woolworths Supermarket,Health & Beauty,Herbal Essences Bio Renew Conditioner Revitalise Blue Ginger 400ml,852162,$12.00,$3.00 / 100ML,https://www.woolworths.com.au/shop/productdetails/852162/herbal-essences-bio-renew-conditioner-revitalise-blue-ginger,https://cdn0.woolworths.media/content/wowproductimages/medium/852162.jpg,2020-09-20 19:49:44,,0,,True
7acc73ff-faac-4a35-a30c-ca01517769e2,Woolworths Supermarket,Health & Beauty,Tresemme Shampoo Hydration Boost 900ml,852164,$7.00,$0.78 / 100ML,https://www.woolworths.com.au/shop/productdetails/852164/tresemme-shampoo-hydration-boost,https://cdn0.woolworths.media/content/wowproductimages/medium/852164.jpg,2020-09-20 19:49:44,Average product rating out of 5: 4.6. Product score is based on 5 ratings,5,Was $10.50 13/02/2017,True
b32b0c90-e358-4f24-9aac-1f11c86d2747,Woolworths Supermarket,Health & Beauty,Tresemme Shampoo Botanique Restore Shine 350ml,852170,$9.00,$2.57 / 100ML,https://www.woolworths.com.au/shop/productdetails/852170/tresemme-shampoo-botanique-restore-shine,https://cdn0.woolworths.media/content/wowproductimages/medium/852170.jpg,2020-09-20 19:49:44,Average product rating out of 5: 4.3. Product score is based on 3 ratings,3,,True
1bd05d24-4761-40ef-90a7-72481a556bc2,Woolworths Supermarket,Health & Beauty,Tresemme Botanique Restore & Shine Conditioner 350ml,852172,$9.00,$2.57 / 100ML,https://www.woolworths.com.au/shop/productdetails/852172/tresemme-botanique-restore-shine-conditioner,https://cdn0.woolworths.media/content/wowproductimages/medium/852172.jpg,2020-09-20 19:49:44,Average product rating out of 5: 5.0. Product score is based on 1 ratings,1,,True
5c1da3b7-006b-4202-b895-ae551df9c8aa,Woolworths Supermarket,Health & Beauty,Clairol Nice'n Easy Repair Light Brown 6 each,852174,$16.00,$16.00 / 100ML,https://www.woolworths.com.au/shop/productdetails/852174/clairol-nice-n-easy-repair-light-brown-6,https://cdn0.woolworths.media/content/wowproductimages/medium/852174.jpg,2020-09-20 19:49:44,Average product rating out of 5: 5.0. Product score is based on 2 ratings,2,,True
9fd4a60a-18dc-4be3-b191-1a67fdc8c10b,Woolworths Supermarket,Health & Beauty,Herbal Essences Bio Renew Shampoo Hydrate Coconut Milk 600ml,852177,$18.00,$3.00 / 100ML,https://www.woolworths.com.au/shop/productdetails/852177/herbal-essences-bio-renew-shampoo-hydrate-coconut-milk,https://cdn0.woolworths.media/content/wowproductimages/medium/852177.jpg,2020-09-20 19:49:44,Average product rating out of 5: 4.4. Product score is based on 5 ratings,5,,True
824647ef-9d45-46b5-aff8-98117c71fe1c,Woolworths Supermarket,Health & Beauty,Herbal Essences Bio Renew Conditioner Repair Argan Oil 600ml,852181,$18.00,$3.00 / 100ML,https://www.woolworths.com.au/shop/productdetails/852181/herbal-essences-bio-renew-conditioner-repair-argan-oil,https://cdn0.woolworths.media/content/wowproductimages/medium/852181.jpg,2020-09-20 19:49:44,Average product rating out of 5: 4.6. Product score is based on 10 ratings,10,,True
236b8251-80da-4764-97ad-9bfecd092c1b,Woolworths Supermarket,Health & Beauty,Clairol Nice'n Easy Repair Medium Brown 5 each,852182,$16.00,$16.00 / 100ML,https://www.woolworths.com.au/shop/productdetails/852182/clairol-nice-n-easy-repair-medium-brown-5,https://cdn0.woolworths.media/content/wowproductimages/medium/852182.jpg,2020-09-20 19:49:44,,0,,True
4aeeaec2-f16c-4f7c-bc85-847dd1a08730,Woolworths Supermarket,Health & Beauty,Herbal Essences Bio Renew Shampoo Repair Argan Oil 600ml,852183,$18.00,$3.00 / 100ML,https://www.woolworths.com.au/shop/productdetails/852183/herbal-essences-bio-renew-shampoo-repair-argan-oil,https://cdn0.woolworths.media/content/wowproductimages/medium/852183.jpg,2020-09-20 19:49:44,Average product rating out of 5: 3.7. Product score is based on 9 ratings,9,,True
e4a508d9-8d50-483f-8b84-9c996dfbd2a7,Woolworths Supermarket,Health & Beauty,Herbal Essences Bio Renew Conditioner Hydrate Coconut Milk 600ml,852197,$18.00,$3.00 / 100ML,https://www.woolworths.com.au/shop/productdetails/852197/herbal-essences-bio-renew-conditioner-hydrate-coconut-milk,https://cdn0.woolworths.media/content/wowproductimages/medium/852197.jpg,2020-09-20 19:49:44,Average product rating out of 5: 4.3. Product score is based on 6 ratings,6,,True
77bb3cb8-7d9e-40b0-a00f-304ec22ce884,Woolworths Supermarket,Health & Beauty,Pantene Pro V Blends Micellar Shampoo 530ml,852201,$12.60,$2.38 / 100ML,https://www.woolworths.com.au/shop/productdetails/852201/pantene-pro-v-blends-micellar-shampoo,https://cdn0.woolworths.media/content/wowproductimages/medium/852201.jpg,2020-09-20 19:49:44,Average product rating out of 5: 4.0. Product score is based on 1 ratings,1,,True
73a54fd5-50c8-4311-b6f8-b7cf2ccd4eb1,Woolworths Supermarket,Health & Beauty,Pantene Pro V Blends Micellar Charcoal Shampoo 530ml,852202,$12.60,$2.38 / 100ML,https://www.woolworths.com.au/shop/productdetails/852202/pantene-pro-v-blends-micellar-charcoal-shampoo,https://cdn0.woolworths.media/content/wowproductimages/medium/852202.jpg,2020-09-20 19:49:44,Average product rating out of 5: 4.0. Product score is based on 1 ratings,1,,True
eaea0acb-a793-42a4-97ee-39777ce3165d,Woolworths Supermarket,Health & Beauty,Pantene Pro V Blends Micellar Charcoal Conditioner 530ml,852203,$12.60,$2.38 / 100ML,https://www.woolworths.com.au/shop/productdetails/852203/pantene-pro-v-blends-micellar-charcoal-conditioner,https://cdn0.woolworths.media/content/wowproductimages/medium/852203.jpg,2020-09-20 19:49:44,Average product rating out of 5: 5.0. Product score is based on 1 ratings,1,,True
dd0e166e-689f-4346-b249-253378dbec37,Woolworths Supermarket,Health & Beauty,Pantene Pro V Blends Micellar Aloe Shampoo 530ml,852210,$12.60,$2.38 / 100ML,https://www.woolworths.com.au/shop/productdetails/852210/pantene-pro-v-blends-micellar-aloe-shampoo,https://cdn0.woolworths.media/content/wowproductimages/medium/852210.jpg,2020-09-20 19:49:44,Average product rating out of 5: 3.0. Product score is based on 1 ratings,1,,True
d067a356-d65f-4805-a174-b84c3f15c2a9,Woolworths Supermarket,Health & Beauty,Clairol Nice'n Easy Repair Black 2 each,852212,$16.00,$16.00 / 100ML,https://www.woolworths.com.au/shop/productdetails/852212/clairol-nice-n-easy-repair-black-2,https://cdn0.woolworths.media/content/wowproductimages/medium/852212.jpg,2020-09-20 19:49:44,,0,,True
f9256c43-58a7-4f7c-8ff5-b27958300ded,Woolworths Supermarket,Health & Beauty,Pantene Pro V Blends Micellar Aloe Conditioner 530ml,852213,$12.60,$2.38 / 100ML,https://www.woolworths.com.au/shop/productdetails/852213/pantene-pro-v-blends-micellar-aloe-conditioner,https://cdn0.woolworths.media/content/wowproductimages/medium/852213.jpg,2020-09-20 19:49:44,,0,,True
030063ca-0306-4a7a-875f-2fcd72ad7cae,Woolworths Supermarket,Health & Beauty,Pantene Pro V Blends Micellar Charcoal Conditioner 530ml,852214,$12.60,$2.38 / 100ML,https://www.woolworths.com.au/shop/productdetails/852214/pantene-pro-v-blends-micellar-charcoal-conditioner,https://cdn0.woolworths.media/content/wowproductimages/medium/852214.jpg,2020-09-20 19:49:44,Average product rating out of 5: 3.5. Product score is based on 2 ratings,2,,True
5ab68852-7ccc-4826-92cd-7cd96d7e8f1d,Woolworths Supermarket,Health & Beauty,Head & Shoulders Shampoo Moisture 550ml,852217,$19.00,$3.45 / 100ML,https://www.woolworths.com.au/shop/productdetails/852217/head-shoulders-shampoo-moisture,https://cdn0.woolworths.media/content/wowproductimages/medium/852217.jpg,2020-09-20 19:49:44,Average product rating out of 5: 4.7. Product score is based on 9 ratings,9,,True
50c816c9-8356-4c02-b282-a69b86830424,Woolworths Supermarket,Health & Beauty,Colgate Total Mint Stripe Antibacterial Gel Toothpaste 200g,852237,$5.50,$2.75 / 100G,https://www.woolworths.com.au/shop/productdetails/852237/colgate-total-mint-stripe-antibacterial-gel-toothpaste,https://cdn0.woolworths.media/content/wowproductimages/medium/852237.jpg,2020-09-20 19:49:44,Average product rating out of 5: 4.9. Product score is based on 8 ratings,8,Was $6.10 03/06/2019,True
fed95258-8f3b-4857-b90a-f0f8abd6e8f7,Woolworths Supermarket,Health & Beauty,Toni & Guy Purple Toning Mask For Blonde Hair 285ml,852238,$16.00,$5.61 / 100ML,https://www.woolworths.com.au/shop/productdetails/852238/toni-guy-purple-toning-mask-for-blonde-hair,https://cdn0.woolworths.media/content/wowproductimages/medium/852238.jpg,2020-09-20 19:49:44,Average product rating out of 5: 5.0. Product score is based on 2 ratings,2,2 for $25.00,True
288dab9f-8c3a-48ee-9118-9f837e77df63,Woolworths Supermarket,Health & Beauty,Tresemme Damage Protect Shampoo 900ml,852239,$7.00,$0.78 / 100ML,https://www.woolworths.com.au/shop/productdetails/852239/tresemme-damage-protect-shampoo,https://cdn0.woolworths.media/content/wowproductimages/medium/852239.jpg,2020-09-20 19:49:44,Average product rating out of 5: 5.0. Product score is based on 4 ratings,4,Was $10.50 13/02/2017,True
c6b7d0cb-53aa-4c9c-87a7-fc835ad07aa0,Woolworths Supermarket,Health & Beauty,Tresemme Conditioner Damage Protect 900ml,852240,$7.00,$0.78 / 100ML,https://www.woolworths.com.au/shop/productdetails/852240/tresemme-conditioner-damage-protect,https://cdn0.woolworths.media/content/wowproductimages/medium/852240.jpg,2020-09-20 19:49:44,Average product rating out of 5: 4.0. Product score is based on 3 ratings,3,Was $10.50 13/02/2017,True
9ea57299-43f8-43e1-ba57-6bb93ddbe9ad,Woolworths Supermarket,Health & Beauty,Redken Color Extend Blondage Shampoo 300ml,852262,$25.00,$8.33 / 100ML,https://www.woolworths.com.au/shop/productdetails/852262/redken-color-extend-blondage-shampoo,https://cdn0.woolworths.media/content/wowproductimages/medium/852262.jpg,2020-09-20 19:49:44,Average product rating out of 5: 4.0. Product score is based on 1 ratings,1,,True
dd8e73ce-a489-47d2-b578-03b78d4a7210,Woolworths Supermarket,Health & Beauty,Redken Color Extend Blondage Conditioner 250ml,852263,$25.00,$10.00 / 100ML,https://www.woolworths.com.au/shop/productdetails/852263/redken-color-extend-blondage-conditioner,https://cdn0.woolworths.media/content/wowproductimages/medium/852263.jpg,2020-09-20 19:49:44,,0,,True
81eacf44-323d-4f4f-bfea-98546ae5c37b,Woolworths Supermarket,Health & Beauty,Head & Shoulders Ultra Men Shampoo Old Spice 200ml,852400,$5.60,$2.80 / 100ML,https://www.woolworths.com.au/shop/productdetails/852400/head-shoulders-ultra-men-shampoo-old-spice,https://cdn0.woolworths.media/content/wowproductimages/medium/852400.jpg,2020-09-20 19:49:44,,0,,True
346270ea-3e8e-4b74-96ee-02d03cd8b55f,Woolworths Supermarket,Health & Beauty,Head & Shoulders Ultra Men Shampoo Deep Clean 200ml,852401,$5.60,$2.80 / 100ML,https://www.woolworths.com.au/shop/productdetails/852401/head-shoulders-ultra-men-shampoo-deep-clean,https://cdn0.woolworths.media/content/wowproductimages/medium/852401.jpg,2020-09-20 19:49:44,Average product rating out of 5: 3.0. Product score is based on 1 ratings,1,,True
9441e077-4e79-49ce-ae8f-bf4bfdb2a6f6,Woolworths Supermarket,Health & Beauty,Head & Shoulders Ultra Men Shampoo Sports Fresh 550ml,852404,$19.00,$3.45 / 100ML,https://www.woolworths.com.au/shop/productdetails/852404/head-shoulders-ultra-men-shampoo-sports-fresh,https://cdn0.woolworths.media/content/wowproductimages/medium/852404.jpg,2020-09-20 19:49:44,Average product rating out of 5: 4.5. Product score is based on 4 ratings,4,,True
078fd24c-a850-4553-abd1-9974ddce8e3a,Woolworths Supermarket,Health & Beauty,Head & Shoulders Ultra Men Shampoo Deep Clean 550ml,852410,$19.00,$3.45 / 100ML,https://www.woolworths.com.au/shop/productdetails/852410/head-shoulders-ultra-men-shampoo-deep-clean,https://cdn0.woolworths.media/content/wowproductimages/medium/852410.jpg,2020-09-20 19:49:44,Average product rating out of 5: 5.0. Product score is based on 5 ratings,5,,True
c1846f23-059a-4713-a374-a6f56ca3e914,Woolworths Supermarket,Health & Beauty,Head & Shoulders Ultra Men Shampoo Hair Retain 550ml,852412,$19.00,$3.45 / 100ML,https://www.woolworths.com.au/shop/productdetails/852412/head-shoulders-ultra-men-shampoo-hair-retain,https://cdn0.woolworths.media/content/wowproductimages/medium/852412.jpg,2020-09-20 19:49:44,Average product rating out of 5: 5.0. Product score is based on 4 ratings,4,,True
ab7ada04-97a5-44f8-8937-756910d1f9a8,Woolworths Supermarket,Health & Beauty,Nfco Natural Toothpaste Whitening & Glow 100g,852452,$8.00,$8.00 / 100G,https://www.woolworths.com.au/shop/productdetails/852452/nfco-natural-toothpaste-whitening-glow,https://cdn0.woolworths.media/content/wowproductimages/medium/852452.jpg,2020-09-20 19:49:44,Average product rating out of 5: 4.0. Product score is based on 1 ratings,1,,True
71e46f89-2ad5-4ebf-a46f-92b29e9f3269,Woolworths Supermarket,Health & Beauty,Nfco Bio Toothbrush Assorted 2 pack,852472,$10.00,$5.00 / 1EA,https://www.woolworths.com.au/shop/productdetails/852472/nfco-bio-toothbrush-assorted,https://cdn0.woolworths.media/content/wowproductimages/medium/852472.jpg,2020-09-20 19:49:44,Average product rating out of 5: 5.0. Product score is based on 3 ratings,3,,True
6802edc6-9da4-484b-adb4-33293244b635,Woolworths Supermarket,Health & Beauty,Tresemme Conditioner Botanique Restore & Shine 675ml,854819,$13.00,$1.93 / 100ML,https://www.woolworths.com.au/shop/productdetails/854819/tresemme-conditioner-botanique-restore-shine,https://cdn0.woolworths.media/content/wowproductimages/medium/854819.jpg,2020-09-20 19:49:44,Average product rating out of 5: 5.0. Product score is based on 2 ratings,2,,True
a4b96e7b-5452-4cde-a3ef-284ed45d460b,Woolworths Supermarket,Health & Beauty,Tresemme Shampoo Botanique Restore & Shine 675ml,855440,$13.00,$1.93 / 100ML,https://www.woolworths.com.au/shop/productdetails/855440/tresemme-shampoo-botanique-restore-shine,https://cdn0.woolworths.media/content/wowproductimages/medium/855440.jpg,2020-09-20 19:49:44,Average product rating out of 5: 5.0. Product score is based on 2 ratings,2,,True
cd2c8ddd-92d8-4649-b08b-73aea5305174,Woolworths Supermarket,Health & Beauty,Tresemme Shampoo Keratin Smooth 675ml,855446,$13.00,$1.93 / 100ML,https://www.woolworths.com.au/shop/productdetails/855446/tresemme-shampoo-keratin-smooth,https://cdn0.woolworths.media/content/wowproductimages/medium/855446.jpg,2020-09-20 19:49:44,Average product rating out of 5: 4.7. Product score is based on 3 ratings,3,,True
90f489ac-6862-44fd-b04a-1ed591c35eb3,Woolworths Supermarket,Health & Beauty,Tresemme Conditioner Keratin Smooth 675ml,855452,$13.00,$1.93 / 100ML,https://www.woolworths.com.au/shop/productdetails/855452/tresemme-conditioner-keratin-smooth,https://cdn0.woolworths.media/content/wowproductimages/medium/855452.jpg,2020-09-20 19:49:44,Average product rating out of 5: 4.3. Product score is based on 6 ratings,6,,True
d78ce330-4280-4934-b7f4-ddb1da932bd3,Woolworths Supermarket,Health & Beauty,Nivea Pearl & Beauty Aerosol Antiperspirant Deodorant 250ml,855564,$6.50,$2.60 / 100ML,https://www.woolworths.com.au/shop/productdetails/855564/nivea-pearl-beauty-aerosol-antiperspirant-deodorant,https://cdn0.woolworths.media/content/wowproductimages/medium/855564.jpg,2020-09-20 19:49:44,Average product rating out of 5: 4.6. Product score is based on 20 ratings,20,,True
164ff0b6-9bf8-48dd-ae72-699c862e0b93,Woolworths Supermarket,Health & Beauty,Vo5 Groomed Wax Styling 75ml,855766,$5.00,$6.67 / 100ML,https://www.woolworths.com.au/shop/productdetails/855766/vo5-groomed-wax-styling,https://cdn0.woolworths.media/content/wowproductimages/medium/855766.jpg,2020-09-20 19:49:44,Average product rating out of 5: 4.0. Product score is based on 3 ratings,3,Was $6 21/08/2017,True
33fed7eb-0b4c-4823-85f9-43e513395b21,Woolworths Supermarket,Health & Beauty,Toni & Guy Sky High Volume Dry Shampoo 250ml,855768,$16.00,$6.40 / 100ML,https://www.woolworths.com.au/shop/productdetails/855768/toni-guy-sky-high-volume-dry-shampoo,https://cdn0.woolworths.media/content/wowproductimages/medium/855768.jpg,2020-09-20 19:49:44,Average product rating out of 5: 5.0. Product score is based on 4 ratings,4,2 for $25.00,True
70081bfb-8a5d-4680-a2be-bec9c890ad51,Woolworths Supermarket,Health & Beauty,L'oreal Paris Elvive Extraordinary Oil Hair Treatment 100ml,856309,$10.00,$10.00 / 100ML,https://www.woolworths.com.au/shop/productdetails/856309/l-oreal-paris-elvive-extraordinary-oil-hair-treatment,https://cdn0.woolworths.media/content/wowproductimages/medium/856309.jpg,2020-09-20 19:49:44,Average product rating out of 5: 5.0. Product score is based on 2 ratings,2,,True
67586588-caa7-4f64-ba82-e86edaad9ed0,Woolworths Supermarket,Health & Beauty,L'oreal Paris Elvive Fibralogy Shampoo 700ml,856799,$10.00,$1.43 / 100ML,https://www.woolworths.com.au/shop/productdetails/856799/l-oreal-paris-elvive-fibralogy-shampoo,https://cdn0.woolworths.media/content/wowproductimages/medium/856799.jpg,2020-09-20 19:49:44,Average product rating out of 5: 4.7. Product score is based on 3 ratings,3,Was $15.00 04/09/2017,True
9c7fd7ae-15ae-456c-a454-967d671f7a68,Woolworths Supermarket,Health & Beauty,L'oreal Paris Elvive Fibralogy Conditioner 700ml,856800,$10.00,$1.43 / 100ML,https://www.woolworths.com.au/shop/productdetails/856800/l-oreal-paris-elvive-fibralogy-conditioner,https://cdn0.woolworths.media/content/wowproductimages/medium/856800.jpg,2020-09-20 19:49:44,Average product rating out of 5: 5.0. Product score is based on 1 ratings,1,Was $15.00 04/09/2017,True
407c201d-42f5-4845-9888-bb262c0cea46,Woolworths Supermarket,Health & Beauty,Dove Shampoo Destress Ritual 320ml,856956,$6.90,$2.16 / 100ML,https://www.woolworths.com.au/shop/productdetails/856956/dove-shampoo-destress-ritual,https://cdn0.woolworths.media/content/wowproductimages/medium/856956.jpg,2020-09-20 19:49:44,Average product rating out of 5: 5.0. Product score is based on 2 ratings,2,,True
dd5615d1-a3b7-4611-b9aa-f04954cee87f,Woolworths Supermarket,Health & Beauty,Dove Conditioner Destress Ritual 320ml,856980,$6.90,$2.16 / 100ML,https://www.woolworths.com.au/shop/productdetails/856980/dove-conditioner-destress-ritual,https://cdn0.woolworths.media/content/wowproductimages/medium/856980.jpg,2020-09-20 19:49:44,Average product rating out of 5: 4.7. Product score is based on 3 ratings,3,,True
d097f8b6-2cf4-4ba9-a43e-eff8251dee29,Woolworths Supermarket,Health & Beauty,Batiste Dry Shampoo & Volume 200ml,856988,$6.50,$3.25 / 100ML,https://www.woolworths.com.au/shop/productdetails/856988/batiste-dry-shampoo-volume,https://cdn0.woolworths.media/content/wowproductimages/medium/856988.jpg,2020-09-20 19:49:44,Average product rating out of 5: 4.6. Product score is based on 5 ratings,5,,True
11ddc80c-ddb6-4cbb-ad49-cf0aed6a5490,Woolworths Supermarket,Health & Beauty,Batiste Dry Shampoo & De-frizz 200ml,856989,$6.50,$3.25 / 100ML,https://www.woolworths.com.au/shop/productdetails/856989/batiste-dry-shampoo-de-frizz,https://cdn0.woolworths.media/content/wowproductimages/medium/856989.jpg,2020-09-20 19:49:44,Average product rating out of 5: 5.0. Product score is based on 2 ratings,2,,True
f8c60ae9-b66c-49ea-ada7-6132b3b12bc9,Woolworths Supermarket,Health & Beauty,Batiste Dry Shampoo & Tempt 200ml,856993,$10.00,$5.00 / 100ML,https://www.woolworths.com.au/shop/productdetails/856993/batiste-dry-shampoo-tempt,https://cdn0.woolworths.media/content/wowproductimages/medium/856993.jpg,2020-09-20 19:49:44,Average product rating out of 5: 4.0. Product score is based on 5 ratings,5,,True
4cf0b406-67da-47c9-a22a-ecd2a2bc733d,Woolworths Supermarket,Health & Beauty,Provoke Touch Of Silver Daily Maintenance Purple Shampoo 400ml,857436,$10.00,$2.50 / 100ML,https://www.woolworths.com.au/shop/productdetails/857436/provoke-touch-of-silver-daily-maintenance-purple-shampoo,https://cdn0.woolworths.media/content/wowproductimages/medium/857436.jpg,2020-09-20 19:49:44,Average product rating out of 5: 4.8. Product score is based on 6 ratings,6,,True
013c2a82-d706-49b8-b750-2a7653a279df,Woolworths Supermarket,Health & Beauty,Provoke Touch Of Silver Daily Nourish Purple Conditioner 400ml,857438,$10.00,$2.50 / 100ML,https://www.woolworths.com.au/shop/productdetails/857438/provoke-touch-of-silver-daily-nourish-purple-conditioner,https://cdn0.woolworths.media/content/wowproductimages/medium/857438.jpg,2020-09-20 19:49:44,Average product rating out of 5: 5.0. Product score is based on 3 ratings,3,,True
3caaf023-92d0-4ae5-817a-03f464abf44b,Woolworths Supermarket,Health & Beauty,Provoke Touch Of Silver Intensive Purple Conditioner 200ml,857439,$13.00,$6.50 / 100ML,https://www.woolworths.com.au/shop/productdetails/857439/provoke-touch-of-silver-intensive-purple-conditioner,https://cdn0.woolworths.media/content/wowproductimages/medium/857439.jpg,2020-09-20 19:49:44,Average product rating out of 5: 4.5. Product score is based on 6 ratings,6,,True
8b264842-b767-4bf9-b542-abd764d7ee91,Woolworths Supermarket,Health & Beauty,Provoke Touch Of Silver Brightening Purple Shampoo 200ml,857458,$13.00,$6.50 / 100ML,https://www.woolworths.com.au/shop/productdetails/857458/provoke-touch-of-silver-brightening-purple-shampoo,https://cdn0.woolworths.media/content/wowproductimages/medium/857458.jpg,2020-09-20 19:49:44,Average product rating out of 5: 4.3. Product score is based on 7 ratings,7,,True
acc2bdd2-5096-4def-b1f7-7e784371a8b6,Woolworths Supermarket,Health & Beauty,Tresemme Shampoo Repair & Protect 675ml,857875,$13.00,$1.93 / 100ML,https://www.woolworths.com.au/shop/productdetails/857875/tresemme-shampoo-repair-protect,https://cdn0.woolworths.media/content/wowproductimages/medium/857875.jpg,2020-09-20 19:49:44,,0,,True
04531570-72c7-4d8d-8765-6fe2ee588bd4,Woolworths Supermarket,Health & Beauty,Tresemme Conditioner Repair & Protect 675ml,857877,$13.00,$1.93 / 100ML,https://www.woolworths.com.au/shop/productdetails/857877/tresemme-conditioner-repair-protect,https://cdn0.woolworths.media/content/wowproductimages/medium/857877.jpg,2020-09-20 19:49:44,Average product rating out of 5: 2.0. Product score is based on 1 ratings,1,,True
db92c223-73be-4643-87de-32685c968e62,Woolworths Supermarket,Health & Beauty,Rimmel Wonder Luxe Mascara Black Carded 11ml,858432,$21.00,$19.09 / 10ML,https://www.woolworths.com.au/shop/productdetails/858432/rimmel-wonder-luxe-mascara-black-carded,https://cdn0.woolworths.media/content/wowproductimages/medium/858432.jpg,2020-09-20 19:49:44,,0,,True
d56d2e76-34a0-4f13-b5b4-7a75e73d253b,Woolworths Supermarket,Health & Beauty,Schwarzkopf Extra Care Treatment Normal Balance 150ml,859023,$9.00,$6.00 / 100ML,https://www.woolworths.com.au/shop/productdetails/859023/schwarzkopf-extra-care-treatment-normal-balance,https://cdn0.woolworths.media/content/wowproductimages/medium/859023.jpg,2020-09-20 19:49:44,Average product rating out of 5: 5.0. Product score is based on 3 ratings,3,,True
beaecefd-2c04-457f-959a-de210c55d4ad,Woolworths Supermarket,Health & Beauty,Schwarzkopf Extra Care Shampoo Purple 250ml,859107,$13.00,$5.20 / 100ML,https://www.woolworths.com.au/shop/productdetails/859107/schwarzkopf-extra-care-shampoo-purple,https://cdn0.woolworths.media/content/wowproductimages/medium/859107.jpg,2020-09-20 19:49:44,Average product rating out of 5: 4.6. Product score is based on 9 ratings,9,,True
f2c3b291-fac0-4fef-89c0-1641438e0ee7,Woolworths Supermarket,Health & Beauty,Schwarzkopf Extra Care Conditioner Normal Balance 250ml,859111,$9.00,$3.60 / 100ML,https://www.woolworths.com.au/shop/productdetails/859111/schwarzkopf-extra-care-conditioner-normal-balance,https://cdn0.woolworths.media/content/wowproductimages/medium/859111.jpg,2020-09-20 19:49:44,Average product rating out of 5: 4.9. Product score is based on 7 ratings,7,,True
2cca5221-6e70-41e0-8d1a-d66c4dcdf46e,Woolworths Supermarket,Health & Beauty,Schwarzkopf Brilliance Colour Creme 46 Coffee Brown each,859290,$14.40,$14.40 / 1EA,https://www.woolworths.com.au/shop/productdetails/859290/schwarzkopf-brilliance-colour-creme-46-coffee-brown,https://cdn0.woolworths.media/content/wowproductimages/medium/859290.jpg,2020-09-20 19:49:44,Average product rating out of 5: 4.7. Product score is based on 3 ratings,3,,True
1d397894-0c8a-470b-a034-ff7376bd8512,Woolworths Supermarket,Health & Beauty,Schwarzkopf Nordic Blonde Toner Anti-yellow 200ml,859294,$9.10,$4.55 / 100ML,https://www.woolworths.com.au/shop/productdetails/859294/schwarzkopf-nordic-blonde-toner-anti-yellow,https://cdn0.woolworths.media/content/wowproductimages/medium/859294.jpg,2020-09-20 19:49:44,Average product rating out of 5: 3.5. Product score is based on 2 ratings,2,,True
dbc932cf-c3ec-42d9-aa5d-666cf05269df,Woolworths Supermarket,Health & Beauty,Schwarzkopf Nordic Blonde Shampoo Anti-yellow 200ml,859295,$9.10,$4.55 / 100ML,https://www.woolworths.com.au/shop/productdetails/859295/schwarzkopf-nordic-blonde-shampoo-anti-yellow,https://cdn0.woolworths.media/content/wowproductimages/medium/859295.jpg,2020-09-20 19:49:44,Average product rating out of 5: 5.0. Product score is based on 1 ratings,1,,True
04c51ca3-512c-4311-af57-43adda7768d9,Woolworths Supermarket,Health & Beauty,Schwarzkopf Extra Care Blonde Toner 250ml,860019,$13.00,$5.20 / 100ML,https://www.woolworths.com.au/shop/productdetails/860019/schwarzkopf-extra-care-blonde-toner,https://cdn0.woolworths.media/content/wowproductimages/medium/860019.jpg,2020-09-20 19:49:44,Average product rating out of 5: 5.0. Product score is based on 4 ratings,4,,True
50cee9e0-da1d-43b1-9e2f-8d38827c2b43,Woolworths Supermarket,Health & Beauty,Herbal Essences Bio Renew Shampoo Revitalise Blue Ginger 400ml,860025,$12.00,$3.00 / 100ML,https://www.woolworths.com.au/shop/productdetails/860025/herbal-essences-bio-renew-shampoo-revitalise-blue-ginger,https://cdn0.woolworths.media/content/wowproductimages/medium/860025.jpg,2020-09-20 19:49:44,,0,,True
7154593e-7671-47cb-8359-500280948774,Woolworths Supermarket,Health & Beauty,Cetaphil Baby Gentle Wash & Shampoo 230ml,860684,$8.50,$3.70 / 100ML,https://www.woolworths.com.au/shop/productdetails/860684/cetaphil-baby-gentle-wash-shampoo,https://cdn0.woolworths.media/content/wowproductimages/medium/860684.jpg,2020-09-20 19:49:44,,0,,True
1b79ba36-72d2-45c6-8eb7-a4459d0ae581,Woolworths Supermarket,Health & Beauty,Gaviscon Double Strength Heartburn & Indigestion Chewable Tablets 24 pack,860781,$9.00,$0.38 / 1EA,https://www.woolworths.com.au/shop/productdetails/860781/gaviscon-double-strength-heartburn-indigestion-chewable-tablets,https://cdn0.woolworths.media/content/wowproductimages/medium/860781.jpg,2020-09-20 19:49:44,Average product rating out of 5: 4.3. Product score is based on 3 ratings,3,,True
a68fa6b2-8081-40a6-b5ce-e342dff29f3e,Woolworths Supermarket,Health & Beauty,Bx Earth Amber And Lotus Hand Care Wash 320ml,861015,$5.00,$1.56 / 100ML,https://www.woolworths.com.au/shop/productdetails/861015/bx-earth-amber-and-lotus-hand-care-wash,https://cdn0.woolworths.media/content/wowproductimages/medium/861015.jpg,2020-09-20 19:49:44,Average product rating out of 5: 5.0. Product score is based on 3 ratings,3,,True
7dfa5e46-4eb5-44ed-9f07-377513b3579a,Woolworths Supermarket,Health & Beauty,Slim Secrets Protein Pud With Chia Salted Caramel 115g,863251,$4.50,$3.91 / 100G,https://www.woolworths.com.au/shop/productdetails/863251/slim-secrets-protein-pud-with-chia-salted-caramel,https://cdn0.woolworths.media/content/wowproductimages/medium/863251.jpg,2020-09-20 19:49:44,Average product rating out of 5: 4.7. Product score is based on 3 ratings,3,,True
e9f13b8d-6421-428d-abf2-6ff7ea6a8e86,Woolworths Supermarket,Health & Beauty,Mud Eye Pencil Black each,868205,$4.50,$45.00 / 10ML,https://www.woolworths.com.au/shop/productdetails/868205/mud-eye-pencil-black,https://cdn0.woolworths.media/content/wowproductimages/medium/868205.jpg,2020-09-20 19:49:44,Average product rating out of 5: 1.0. Product score is based on 1 ratings,1,Was $5 23/08/2016,True
823b0ec0-7204-4d1b-875b-94a01479e087,Woolworths Supermarket,Health & Beauty,Mud Volume & Length Mascara Black 15ml,868207,$4.50,$3.00 / 10ML,https://www.woolworths.com.au/shop/productdetails/868207/mud-volume-length-mascara-black,https://cdn0.woolworths.media/content/wowproductimages/medium/868207.jpg,2020-09-20 19:49:44,Average product rating out of 5: 2.7. Product score is based on 3 ratings,3,Was $5 23/08/2016,True
34d794a2-fbc8-4437-a061-628329ac0ef4,Woolworths Supermarket,Health & Beauty,Mud Concealer 001 Ivory 2.1g,868506,$3.00,$14.29 / 10G,https://www.woolworths.com.au/shop/productdetails/868506/mud-concealer-001-ivory,https://cdn0.woolworths.media/content/wowproductimages/medium/868506.jpg,2020-09-20 19:49:44,Average product rating out of 5: 5.0. Product score is based on 1 ratings,1,,True
cdfad321-6a50-4a76-9c2d-630953d8ef00,Woolworths Supermarket,Health & Beauty,Mud Liquid Foundation 001 Ivory 30ml,868509,$5.50,$1.83 / 10ML,https://www.woolworths.com.au/shop/productdetails/868509/mud-liquid-foundation-001-ivory,https://cdn0.woolworths.media/content/wowproductimages/medium/868509.jpg,2020-09-20 19:49:44,Average product rating out of 5: 5.0. Product score is based on 1 ratings,1,Was $6 23/08/2016,True
0037b2df-75bc-4896-987c-86401df6ad4c,Woolworths Supermarket,Health & Beauty,Mud Liquid Foundation 003 Cream Beige 30ml,868513,$5.50,$1.83 / 10ML,https://www.woolworths.com.au/shop/productdetails/868513/mud-liquid-foundation-003-cream-beige,https://cdn0.woolworths.media/content/wowproductimages/medium/868513.jpg,2020-09-20 19:49:44,Average product rating out of 5: 4.0. Product score is based on 1 ratings,1,Was $6 23/08/2016,True
6ad0bac1-bb69-4a4e-b2f6-dda05de35663,Woolworths Supermarket,Health & Beauty,Mud Liquid Foundation 002 Soft Beige 30ml,868537,$5.50,$1.83 / 10ML,https://www.woolworths.com.au/shop/productdetails/868537/mud-liquid-foundation-002-soft-beige,https://cdn0.woolworths.media/content/wowproductimages/medium/868537.jpg,2020-09-20 19:49:44,Average product rating out of 5: 4.0. Product score is based on 2 ratings,2,Was $6 23/08/2016,True
7727197b-9777-401c-91f2-67d1e2bcb213,Woolworths Supermarket,Health & Beauty,Mud Blush 001 Rose 5g,868644,$4.50,$9.00 / 10G,https://www.woolworths.com.au/shop/productdetails/868644/mud-blush-001-rose,https://cdn0.woolworths.media/content/wowproductimages/medium/868644.jpg,2020-09-20 19:49:44,Average product rating out of 5: 5.0. Product score is based on 2 ratings,2,Was $5 23/08/2016,True
db44043d-d555-407b-bfca-01009143acd5,Woolworths Supermarket,Health & Beauty,Mud Bronzer Shade 001 5g,868663,$4.50,$9.00 / 10G,https://www.woolworths.com.au/shop/productdetails/868663/mud-bronzer-shade-001,https://cdn0.woolworths.media/content/wowproductimages/medium/868663.jpg,2020-09-20 19:49:44,,0,Was $5 23/08/2016,True
01e23fef-0934-4ed3-9c31-c83b9f85cf53,Woolworths Supermarket,Health & Beauty,Radox Bath Gel Muscle Soak 500ml,868680,$6.30,$1.26 / 100ML,https://www.woolworths.com.au/shop/productdetails/868680/radox-bath-gel-muscle-soak,https://cdn0.woolworths.media/content/wowproductimages/medium/868680.jpg,2020-09-20 19:49:44,Average product rating out of 5: 5.0. Product score is based on 10 ratings,10,,True
61f052b6-deb2-4028-8bac-fa6f2aefc196,Woolworths Supermarket,Health & Beauty,Mud Pressed Powder 001 Ivory 5g,868708,$4.50,$9.00 / 10G,https://www.woolworths.com.au/shop/productdetails/868708/mud-pressed-powder-001-ivory,https://cdn0.woolworths.media/content/wowproductimages/medium/868708.jpg,2020-09-20 19:49:44,,0,Was $5 23/08/2016,True
b94d79f9-d75b-4f35-bdd5-52fe7d16c89d,Woolworths Supermarket,Health & Beauty,Musashi High Protein Salted Caramel Bar 90g,869161,$5.00,$5.56 / 100G,https://www.woolworths.com.au/shop/productdetails/869161/musashi-high-protein-salted-caramel-bar,https://cdn0.woolworths.media/content/wowproductimages/medium/869161.jpg,2020-09-20 19:49:44,Average product rating out of 5: 5.0. Product score is based on 5 ratings,5,,True
39a2bdb8-f21b-4623-980d-31db28b222c0,Woolworths Supermarket,Health & Beauty,Musashi High Protein Milk Choc Brownie Bar 90g,869169,$5.00,$5.56 / 100G,https://www.woolworths.com.au/shop/productdetails/869169/musashi-high-protein-milk-choc-brownie-bar,https://cdn0.woolworths.media/content/wowproductimages/medium/869169.jpg,2020-09-20 19:49:44,Average product rating out of 5: 4.6. Product score is based on 5 ratings,5,,True
9a4a9a73-826a-4209-8e08-4355eacc6e54,Woolworths Supermarket,Health & Beauty,Health Basics Skin Q Skin Relief Body Wash 1l,869255,$15.00,$1.50 / 100ML,https://www.woolworths.com.au/shop/productdetails/869255/health-basics-skin-q-skin-relief-body-wash,https://cdn0.woolworths.media/content/wowproductimages/medium/869255.jpg,2020-09-20 19:49:44,Average product rating out of 5: 4.9. Product score is based on 7 ratings,7,,True
02bf304b-0f4f-44e2-928a-394030536e9f,Woolworths Supermarket,Health & Beauty,Glow Lab Facial Moisturiser Spf15 75ml,869920,$16.00,$21.33 / 100ML,https://www.woolworths.com.au/shop/productdetails/869920/glow-lab-facial-moisturiser-spf15,https://cdn0.woolworths.media/content/wowproductimages/medium/869920.jpg,2020-09-20 19:49:44,Average product rating out of 5: 5.0. Product score is based on 2 ratings,2,,True
42748a68-d164-42eb-a7b8-948471dce255,Woolworths Supermarket,Health & Beauty,Optislim Life French Vanilla Shake 7 pack,870937,$21.00,$6.00 / 100G,https://www.woolworths.com.au/shop/productdetails/870937/optislim-life-french-vanilla-shake,https://cdn0.woolworths.media/content/wowproductimages/medium/870937.jpg,2020-09-20 19:49:44,Average product rating out of 5: 2.4. Product score is based on 5 ratings,5,,True
aa3ce725-04b6-4e21-89c5-2a404684643d,Woolworths Supermarket,Health & Beauty,Optislim Life Bar Chocolate Berry Crunch 5 pack,870939,$17.00,$5.67 / 100G,https://www.woolworths.com.au/shop/productdetails/870939/optislim-life-bar-chocolate-berry-crunch,https://cdn0.woolworths.media/content/wowproductimages/medium/870939.jpg,2020-09-20 19:49:44,Average product rating out of 5: 4.5. Product score is based on 4 ratings,4,,True
1fe42db2-100d-40ae-85b5-faf5c2ea872d,Woolworths Supermarket,Health & Beauty,Eylure Lashes Definition No 121 each,873549,$12.99,$12.99 / 1EA,https://www.woolworths.com.au/shop/productdetails/873549/eylure-lashes-definition-no-121,https://cdn0.woolworths.media/content/wowproductimages/medium/873549.jpg,2020-09-20 19:49:44,Average product rating out of 5: 4.0. Product score is based on 1 ratings,1,,True
4f724d43-ad1a-4c6f-8128-b68fc13d44b6,Woolworths Supermarket,Health & Beauty,Eylure Lashes Natural Starter No 118 each,873550,$14.00,$14.00 / 1EA,https://www.woolworths.com.au/shop/productdetails/873550/eylure-lashes-natural-starter-no-118,https://cdn0.woolworths.media/content/wowproductimages/medium/873550.jpg,2020-09-20 19:49:44,Average product rating out of 5: 5.0. Product score is based on 1 ratings,1,,True
9585d071-c005-4539-ab50-825edb8ad78e,Woolworths Supermarket,Health & Beauty,Aussie Bodies Protein Fx Lo Carb Bar Rocky Road 40g,873602,$2.80,$7.00 / 100G,https://www.woolworths.com.au/shop/productdetails/873602/aussie-bodies-protein-fx-lo-carb-bar-rocky-road,https://cdn0.woolworths.media/content/wowproductimages/medium/873602.jpg,2020-09-20 19:49:44,Average product rating out of 5: 4.0. Product score is based on 11 ratings,11,,True
344062d6-8891-4ddb-9a30-2786e47f687d,Woolworths Supermarket,Health & Beauty,Aussie Bodies Protein Fx Lo Carb Bar Crunch Choc Blueberry 40g,873845,$2.80,$7.00 / 100G,https://www.woolworths.com.au/shop/productdetails/873845/aussie-bodies-protein-fx-lo-carb-bar-crunch-choc-blueberry,https://cdn0.woolworths.media/content/wowproductimages/medium/873845.jpg,2020-09-20 19:49:44,Average product rating out of 5: 5.0. Product score is based on 5 ratings,5,,True
af5c76ba-8e65-42e1-b5b2-deabd4fd5caf,Woolworths Supermarket,Health & Beauty,Voeu Facial Wipes Normal To Combination Skin 30 pack,876011,$1.35,$0.05 / 1EA,https://www.woolworths.com.au/shop/productdetails/876011/voeu-facial-wipes-normal-to-combination-skin,https://cdn0.woolworths.media/content/wowproductimages/medium/876011.jpg,2020-09-20 19:49:44,Average product rating out of 5: 4.3. Product score is based on 190 ratings,190,,True
65a21e83-6893-4dfa-9280-c0e7192240e2,Woolworths Supermarket,Health & Beauty,Voeu Facial Wipes Sensitive Skin 30 pack,876013,$1.35,$0.05 / 1EA,https://www.woolworths.com.au/shop/productdetails/876013/voeu-facial-wipes-sensitive-skin,https://cdn0.woolworths.media/content/wowproductimages/medium/876013.jpg,2020-09-20 19:49:44,Average product rating out of 5: 4.6. Product score is based on 134 ratings,134,,True
d8ba8d3e-62cc-47ad-a11e-50092dab7ea0,Woolworths Supermarket,Health & Beauty,Voeu Micellar Cleansing Wipes 30 pack,876382,$1.35,$0.05 / 1EA,https://www.woolworths.com.au/shop/productdetails/876382/voeu-micellar-cleansing-wipes,https://cdn0.woolworths.media/content/wowproductimages/medium/876382.jpg,2020-09-20 19:49:44,Average product rating out of 5: 4.6. Product score is based on 26 ratings,26,,True
e14eeddd-f790-4532-83d6-23850113fa1f,Woolworths Supermarket,Health & Beauty,Balnea Exfoliating Towel each,876485,$4.00,$4.00 / 1EA,https://www.woolworths.com.au/shop/productdetails/876485/balnea-exfoliating-towel,https://cdn0.woolworths.media/content/wowproductimages/medium/876485.jpg,2020-09-20 19:49:44,Average product rating out of 5: 4.8. Product score is based on 6 ratings,6,,True
bed95200-5020-46cb-a75d-e08e3fcb31cf,Woolworths Supermarket,Health & Beauty,Nfco Natural Mouthwash 354ml,876799,$10.00,$2.82 / 100ML,https://www.woolworths.com.au/shop/productdetails/876799/nfco-natural-mouthwash,https://cdn0.woolworths.media/content/wowproductimages/medium/876799.jpg,2020-09-20 19:49:44,Average product rating out of 5: 5.0. Product score is based on 1 ratings,1,,True
63fc21a7-fb15-4987-a4b7-757b3f8bee17,Woolworths Supermarket,Health & Beauty,Balnea Sisal Loofah Exfoliationg Pad each,877038,$3.00,$3.00 / 1EA,https://www.woolworths.com.au/shop/productdetails/877038/balnea-sisal-loofah-exfoliationg-pad,https://cdn0.woolworths.media/content/wowproductimages/medium/877038.jpg,2020-09-20 19:49:44,Average product rating out of 5: 1.4. Product score is based on 5 ratings,5,,True
31f9329e-a050-443b-9b4c-e209cea89e5d,Woolworths Supermarket,Health & Beauty,Balnea Bath Sponge each,877056,$2.50,$2.50 / 1EA,https://www.woolworths.com.au/shop/productdetails/877056/balnea-bath-sponge,https://cdn0.woolworths.media/content/wowproductimages/medium/877056.jpg,2020-09-20 19:49:44,Average product rating out of 5: 2.1. Product score is based on 11 ratings,11,,True
f8307a23-118b-4eba-83db-b280fcfdfb4f,Woolworths Supermarket,Health & Beauty,Balnea Bath & Body Brush each,877057,$6.00,$6.00 / 1EA,https://www.woolworths.com.au/shop/productdetails/877057/balnea-bath-body-brush,https://cdn0.woolworths.media/content/wowproductimages/medium/877057.jpg,2020-09-20 19:49:44,Average product rating out of 5: 4.9. Product score is based on 7 ratings,7,,True
ba2a100c-1e88-41ee-a8d1-53e0d7f968d9,Woolworths Supermarket,Health & Beauty,Balnea Make Up Removing Facial Cleansing Cloth each,877058,$6.00,$6.00 / 1EA,https://www.woolworths.com.au/shop/productdetails/877058/balnea-make-up-removing-facial-cleansing-cloth,https://cdn0.woolworths.media/content/wowproductimages/medium/877058.jpg,2020-09-20 19:49:44,Average product rating out of 5: 4.0. Product score is based on 3 ratings,3,,True
fef20e6e-a087-4c84-9042-13f8a4487ab5,Woolworths Supermarket,Health & Beauty,Balnea Pumice Stone each,877059,$4.00,$4.00 / 1EA,https://www.woolworths.com.au/shop/productdetails/877059/balnea-pumice-stone,https://cdn0.woolworths.media/content/wowproductimages/medium/877059.jpg,2020-09-20 19:49:44,Average product rating out of 5: 4.0. Product score is based on 7 ratings,7,,True
20d4097b-ca66-40fc-a236-99df9cca9b39,Woolworths Supermarket,Health & Beauty,Maybelline Lash Sensational Washable Mascara - Blackest Black 9.5ml,877390,$13.80,$14.53 / 10ML,https://www.woolworths.com.au/shop/productdetails/877390/maybelline-lash-sensational-washable-mascara-blackest-black,https://cdn0.woolworths.media/content/wowproductimages/medium/877390.jpg,2020-09-20 19:49:44,Average product rating out of 5: 4.0. Product score is based on 7 ratings,7,,True
526edf8b-ba39-4188-804f-f8f0cef9b999,Woolworths Supermarket,Health & Beauty,Maybelline Fit Me Matte & Poreless Foundation - Classic Ivory 120 30ml,877391,$11.00,$3.67 / 10ML,https://www.woolworths.com.au/shop/productdetails/877391/maybelline-fit-me-matte-poreless-foundation-classic-ivory-120,https://cdn0.woolworths.media/content/wowproductimages/medium/877391.jpg,2020-09-20 19:49:44,Average product rating out of 5: 5.0. Product score is based on 2 ratings,2,,True
236ff8c1-52e8-4c6e-9f10-f30ce4a92186,Woolworths Supermarket,Health & Beauty,Maybelline Fit Me Matte & Poreless Foundation - Natural Beige 30ml,877393,$11.00,$3.67 / 10ML,https://www.woolworths.com.au/shop/productdetails/877393/maybelline-fit-me-matte-poreless-foundation-natural-beige,https://cdn0.woolworths.media/content/wowproductimages/medium/877393.jpg,2020-09-20 19:49:44,Average product rating out of 5: 5.0. Product score is based on 1 ratings,1,,True
ed5e9600-5b2b-4738-8f3e-cc8ef1deeba6,Woolworths Supermarket,Health & Beauty,Maybelline Lash Sensational Lengthening Mascara - Very Black 9ml,877441,$13.80,$15.33 / 10ML,https://www.woolworths.com.au/shop/productdetails/877441/maybelline-lash-sensational-lengthening-mascara-very-black,https://cdn0.woolworths.media/content/wowproductimages/medium/877441.jpg,2020-09-20 19:49:44,Average product rating out of 5: 3.6. Product score is based on 7 ratings,7,,True
2dbda982-7657-4a80-8540-8112fe342d5b,Woolworths Supermarket,Health & Beauty,Maybelline Fit Me Matte & Poreless Foundation - Ivory 115 30ml,877451,$11.00,$3.67 / 10ML,https://www.woolworths.com.au/shop/productdetails/877451/maybelline-fit-me-matte-poreless-foundation-ivory-115,https://cdn0.woolworths.media/content/wowproductimages/medium/877451.jpg,2020-09-20 19:49:44,Average product rating out of 5: 1.0. Product score is based on 1 ratings,1,,True
b42cdc51-b273-4723-a37a-5a8584a12b00,Woolworths Supermarket,Health & Beauty,Rimmel Oh My Gloss Love Bug 6.5ml,878740,$14.00,$21.54 / 10ML,https://www.woolworths.com.au/shop/productdetails/878740/rimmel-oh-my-gloss-love-bug,https://cdn0.woolworths.media/content/wowproductimages/medium/878740.jpg,2020-09-20 19:49:44,Average product rating out of 5: 4.0. Product score is based on 4 ratings,4,,True
d3325698-a4ee-4410-aae9-b58b02fead6d,Woolworths Supermarket,Health & Beauty,Rimmel Oh My Gloss Snog 6.5ml,878745,$14.00,$21.54 / 10ML,https://www.woolworths.com.au/shop/productdetails/878745/rimmel-oh-my-gloss-snog,https://cdn0.woolworths.media/content/wowproductimages/medium/878745.jpg,2020-09-20 19:49:44,Average product rating out of 5: 3.0. Product score is based on 1 ratings,1,,True
3f1d5bc3-ad1b-47bf-b0ad-20d92853fe21,Woolworths Supermarket,Health & Beauty,Rimmel Oh My Gloss Crystal Clear 6.5ml,878798,$14.00,$21.54 / 10ML,https://www.woolworths.com.au/shop/productdetails/878798/rimmel-oh-my-gloss-crystal-clear,https://cdn0.woolworths.media/content/wowproductimages/medium/878798.jpg,2020-09-20 19:49:44,Average product rating out of 5: 5.0. Product score is based on 1 ratings,1,,True
12fc8a3b-6844-4be4-a340-45c01a8306d7,Woolworths Supermarket,Health & Beauty,The Detangler Kids Hair Brush each,879217,$9.99,,https://www.woolworths.com.au/shop/productdetails/879217/the-detangler-kids-hair-brush,https://cdn0.woolworths.media/content/wowproductimages/medium/879217.jpg,2020-09-20 19:49:44,Average product rating out of 5: 3.0. Product score is based on 2 ratings,2,,True
eddf4d91-8604-439f-83e4-f62cbb2dc20e,Woolworths Supermarket,Health & Beauty,Johnson's Baby Cottontouch Newborn Wash & Shampoo 500ml,880529,$10.00,$2.00 / 100ML,https://www.woolworths.com.au/shop/productdetails/880529/johnson-s-baby-cottontouch-newborn-wash-shampoo,https://cdn0.woolworths.media/content/wowproductimages/medium/880529.jpg,2020-09-20 19:49:44,,0,,True
c071da83-0ab4-4d7f-aa72-00c03a67dd00,Woolworths Supermarket,Health & Beauty,Olay Regenerist Anti-aging Serum Advanced Youth Pre-essence 40ml,887272,$28.00,$70.00 / 100ML,https://www.woolworths.com.au/shop/productdetails/887272/olay-regenerist-anti-aging-serum-advanced-youth-pre-essence,https://cdn0.woolworths.media/content/wowproductimages/medium/887272.jpg,2020-09-20 19:49:44,Average product rating out of 5: 5.0. Product score is based on 1 ratings,1,,True
a6c0c8b9-543b-44d6-8b35-dfe7c8b25b6a,Woolworths Supermarket,Health & Beauty,Woolworths Sunscreen Spray Everyday Spf 50+ 175g,888618,$7.50,$4.29 / 100G,https://www.woolworths.com.au/shop/productdetails/888618/woolworths-sunscreen-spray-everyday-spf-50-,https://cdn0.woolworths.media/content/wowproductimages/medium/888618.jpg,2020-09-20 19:49:44,Average product rating out of 5: 5.0. Product score is based on 4 ratings,4,,True
226905d7-913d-4d89-b995-c3cd38ff6b46,Woolworths Supermarket,Health & Beauty,Woolworths After Sun Spray Aloe Vera 175g,888621,$7.50,$4.29 / 100G,https://www.woolworths.com.au/shop/productdetails/888621/woolworths-after-sun-spray-aloe-vera,https://cdn0.woolworths.media/content/wowproductimages/medium/888621.jpg,2020-09-20 19:49:44,Average product rating out of 5: 5.0. Product score is based on 2 ratings,2,Was $9.99 30/11/2017,True
5bbfef38-1f71-4df9-88d9-48430fd2be82,Woolworths Supermarket,Health & Beauty,L'oreal Paris Elvive Extraordinary Oil Shampoo 700ml,891479,$10.00,$1.43 / 100ML,https://www.woolworths.com.au/shop/productdetails/891479/l-oreal-paris-elvive-extraordinary-oil-shampoo,https://cdn0.woolworths.media/content/wowproductimages/medium/891479.jpg,2020-09-20 19:49:44,Average product rating out of 5: 5.0. Product score is based on 3 ratings,3,Was $15.00 04/09/2017,True
f5eb4fc4-0d05-41bf-baea-779b996e7825,Woolworths Supermarket,Health & Beauty,L'oreal Paris Elvive Extraordinary Oil Conditioner 700ml,891480,$10.00,$1.43 / 100ML,https://www.woolworths.com.au/shop/productdetails/891480/l-oreal-paris-elvive-extraordinary-oil-conditioner,https://cdn0.woolworths.media/content/wowproductimages/medium/891480.jpg,2020-09-20 19:49:44,Average product rating out of 5: 4.7. Product score is based on 3 ratings,3,Was $15.00 04/09/2017,True
f84fffb3-df05-46af-981f-7c56f42a919a,Woolworths Supermarket,Health & Beauty,Woolworths Zinc Sticks Spf 50+ 2 pack,892287,$5.50,$55.00 / 100G,https://www.woolworths.com.au/shop/productdetails/892287/woolworths-zinc-sticks-spf-50-,https://cdn0.woolworths.media/content/wowproductimages/medium/892287.jpg,2020-09-20 19:49:44,,0,Was $7.49 30/11/2017,True
eb4369cb-402d-4596-b7c0-63380a194629,Woolworths Supermarket,Health & Beauty,L'oreal Revitalift Filler Day Cream 50ml,892592,$22.50,$45.00 / 100ML,https://www.woolworths.com.au/shop/productdetails/892592/l-oreal-revitalift-filler-day-cream,https://cdn0.woolworths.media/content/wowproductimages/medium/892592.jpg,2020-09-20 19:49:44,Average product rating out of 5: 4.0. Product score is based on 5 ratings,5,,True
121848e1-34cc-4d54-978b-3d68e199585c,Woolworths Supermarket,Health & Beauty,Garnier Micellar Cleansing Water All Skin Types 125ml,892601,$4.86,$3.89 / 100ML,https://www.woolworths.com.au/shop/productdetails/892601/garnier-micellar-cleansing-water-all-skin-types,https://cdn0.woolworths.media/content/wowproductimages/medium/892601.jpg,2020-09-20 19:49:44,Average product rating out of 5: 4.8. Product score is based on 4 ratings,4,,True
252311bd-3ac7-4d9e-912a-384a210201ba,Woolworths Supermarket,Health & Beauty,Ogx Cherry Blossom Shampoo 385ml,892988,$10.00,$2.60 / 100ML,https://www.woolworths.com.au/shop/productdetails/892988/ogx-cherry-blossom-shampoo,https://cdn0.woolworths.media/content/wowproductimages/medium/892988.jpg,2020-09-20 19:49:44,Average product rating out of 5: 4.8. Product score is based on 4 ratings,4,,True
6f2af8fb-6652-419e-ad9c-dd4e2b94780f,Woolworths Supermarket,Health & Beauty,Ogx Cherry Blossom Conditioner 385ml,892991,$10.00,$2.60 / 100ML,https://www.woolworths.com.au/shop/productdetails/892991/ogx-cherry-blossom-conditioner,https://cdn0.woolworths.media/content/wowproductimages/medium/892991.jpg,2020-09-20 19:49:44,Average product rating out of 5: 4.7. Product score is based on 3 ratings,3,,True
b7f1f10b-29fa-4951-a256-bddf85cbd8e0,Woolworths Supermarket,Health & Beauty,Nivea Men Active Clean Shower Gel & Body Wash Active Charcoal 500ml,893149,$6.00,$1.20 / 100ML,https://www.woolworths.com.au/shop/productdetails/893149/nivea-men-active-clean-shower-gel-body-wash-active-charcoal,https://cdn0.woolworths.media/content/wowproductimages/medium/893149.jpg,2020-09-20 19:49:44,Average product rating out of 5: 4.8. Product score is based on 12 ratings,12,Was $7.50 20/02/2017,True
bf917326-4a64-42a6-9b59-f236e455f581,Woolworths Supermarket,Health & Beauty,Blackmores Odourless Fish Oil Mini Caps 200pk,894475,$20.00,$10.00 / 100EA,https://www.woolworths.com.au/shop/productdetails/894475/blackmores-odourless-fish-oil-mini-caps,https://cdn0.woolworths.media/content/wowproductimages/medium/894475.jpg,2020-09-20 19:49:44,Average product rating out of 5: 5.0. Product score is based on 6 ratings,6,Was $26.50 21/11/2016,True
54eb3456-f77d-433a-a20f-2292d4b137c6,Woolworths Supermarket,Health & Beauty,Gillette Venus Simply Venus Women's Razor & 4 Blade Refill each,895452,$5.60,,https://www.woolworths.com.au/shop/productdetails/895452/gillette-venus-simply-venus-women-s-razor-4-blade-refill,https://cdn0.woolworths.media/content/wowproductimages/medium/895452.jpg,2020-09-20 19:49:44,Average product rating out of 5: 3.2. Product score is based on 9 ratings,9,,True
f5f5afbb-65d8-48f7-a535-1561ac0c73d7,Woolworths Supermarket,Health & Beauty,Gillette Fusion Hydra Shaving Gel Sensitive Skin 70g,896064,$4.65,$6.64 / 100G,https://www.woolworths.com.au/shop/productdetails/896064/gillette-fusion-hydra-shaving-gel-sensitive-skin,https://cdn0.woolworths.media/content/wowproductimages/medium/896064.jpg,2020-09-20 19:49:44,,0,,True
619921cf-ecd4-4e54-aaf5-e0650dfe004d,Woolworths Supermarket,Health & Beauty,Rimmel Brow This Way Eyebrow Powder Kit #002 Mid Brown 2.4g,899187,$13.00,$54.17 / 10G,https://www.woolworths.com.au/shop/productdetails/899187/rimmel-brow-this-way-eyebrow-powder-kit-002-mid-brown,https://cdn0.woolworths.media/content/wowproductimages/medium/899187.jpg,2020-09-20 19:49:44,Average product rating out of 5: 4.0. Product score is based on 1 ratings,1,,True
6e2cc5d7-b375-45f9-8021-36e8ff97ae06,Woolworths Supermarket,Health & Beauty,Bic Soleil Disposable Razor Simply 3 pack,901024,$2.00,$0.67 / 1EA,https://www.woolworths.com.au/shop/productdetails/901024/bic-soleil-disposable-razor-simply,https://cdn0.woolworths.media/content/wowproductimages/medium/901024.jpg,2020-09-20 19:49:44,Average product rating out of 5: 4.5. Product score is based on 12 ratings,12,,True
e7bb7a69-e9ed-4dc9-9016-95b09a5034aa,Woolworths Supermarket,Health & Beauty,Nair Sensitive Strip Free Wax 400g,923880,$22.00,$5.50 / 100G,https://www.woolworths.com.au/shop/productdetails/923880/nair-sensitive-strip-free-wax,https://cdn0.woolworths.media/content/wowproductimages/medium/923880.jpg,2020-09-20 19:49:44,Average product rating out of 5: 3.3. Product score is based on 6 ratings,6,,True
eccf98b9-6724-44b2-beb3-500d23e030f5,Woolworths Supermarket,Health & Beauty,Nair Sensitive Hair Removal Cream 150g,923903,$11.00,$7.33 / 100G,https://www.woolworths.com.au/shop/productdetails/923903/nair-sensitive-hair-removal-cream,https://cdn0.woolworths.media/content/wowproductimages/medium/923903.jpg,2020-09-20 19:49:44,Average product rating out of 5: 4.0. Product score is based on 11 ratings,11,,True
2f9f2efc-6a73-4772-be6d-0bb6ec6d518d,Woolworths Supermarket,Health & Beauty,Veet Spawax Refill Lily & Sugar 15g,926301,$15.00,$10.00 / 100G,https://www.woolworths.com.au/shop/productdetails/926301/veet-spawax-refill-lily-sugar,https://cdn0.woolworths.media/content/wowproductimages/medium/926301.jpg,2020-09-20 19:49:44,Average product rating out of 5: 3.4. Product score is based on 5 ratings,5,,True
bbd1013d-df04-4e00-92a1-6f01490d31e2,Woolworths Supermarket,Health & Beauty,Veet Spawax Warm Kit Lily & Sugar 150g,926533,$60.00,$40.00 / 100G,https://www.woolworths.com.au/shop/productdetails/926533/veet-spawax-warm-kit-lily-sugar,https://cdn0.woolworths.media/content/wowproductimages/medium/926533.jpg,2020-09-20 19:49:44,Average product rating out of 5: 2.3. Product score is based on 4 ratings,4,,True
4c397ec1-8049-4d1f-a52e-a5ddd55aae90,Woolworths Supermarket,Health & Beauty,Alpecin Caffeine Shampoo 250ml,927489,$12.50,$5.00 / 100ML,https://www.woolworths.com.au/shop/productdetails/927489/alpecin-caffeine-shampoo,https://cdn0.woolworths.media/content/wowproductimages/medium/927489.jpg,2020-09-20 19:49:44,Average product rating out of 5: 5.0. Product score is based on 3 ratings,3,,True
40b8a3a6-fcef-4f98-b5cb-010aaa7a95f5,Woolworths Supermarket,Health & Beauty,Imodium Advanced Anti Diarrhoeal 6pk,928706,$11.00,$1.83 / 1EA,https://www.woolworths.com.au/shop/productdetails/928706/imodium-advanced-anti-diarrhoeal,https://cdn0.woolworths.media/content/wowproductimages/medium/928706.jpg,2020-09-20 19:49:44,Average product rating out of 5: 4.0. Product score is based on 1 ratings,1,,True
d911be2b-1ffa-4939-913f-8f04cdca2902,Woolworths Supermarket,Health & Beauty,Method Gel Hand Wash Pump Sweet Water 354ml,934964,$4.00,$1.13 / 100ML,https://www.woolworths.com.au/shop/productdetails/934964/method-gel-hand-wash-pump-sweet-water,https://cdn0.woolworths.media/content/wowproductimages/medium/934964.jpg,2020-09-20 19:49:44,,0,,True
8ca0480c-cabf-43aa-8c9e-447e12714013,Woolworths Supermarket,Health & Beauty,Method Gel Hand Wash Pump Waterfall 354ml,934973,$4.00,$1.13 / 100ML,https://www.woolworths.com.au/shop/productdetails/934973/method-gel-hand-wash-pump-waterfall,https://cdn0.woolworths.media/content/wowproductimages/medium/934973.jpg,2020-09-20 19:49:44,,0,,True
bf90ff5a-8a54-48ab-8fbe-b90dd74bc278,Woolworths Supermarket,Health & Beauty,Method Gel Hand Wash Pump Pink Grapefruit 354ml,934974,$4.00,$1.13 / 100ML,https://www.woolworths.com.au/shop/productdetails/934974/method-gel-hand-wash-pump-pink-grapefruit,https://cdn0.woolworths.media/content/wowproductimages/medium/934974.jpg,2020-09-20 19:49:44,,0,,True
61bb9f84-c51c-4798-abb8-e9daf3b8b67c,Woolworths Supermarket,Health & Beauty,Le Tan Classic Express Self Tanning Foam 110ml,935270,$10.50,$9.55 / 100ML,https://www.woolworths.com.au/shop/productdetails/935270/le-tan-classic-express-self-tanning-foam,https://cdn0.woolworths.media/content/wowproductimages/medium/935270.jpg,2020-09-20 19:49:44,,0,,True
8bd021e0-4ea7-4193-b65d-25f5ed39d2c3,Woolworths Supermarket,Health & Beauty,Skyn Elite Ultra Thin & Ultra Soft Non-latex Condoms 6 pack,935878,$7.00,$1.17 / 1EA,https://www.woolworths.com.au/shop/productdetails/935878/skyn-elite-ultra-thin-ultra-soft-non-latex-condoms,https://cdn0.woolworths.media/content/wowproductimages/medium/935878.jpg,2020-09-20 19:49:44,Average product rating out of 5: 5.0. Product score is based on 2 ratings,2,,True
8352353c-46ce-4422-be57-a670be1847d3,Woolworths Supermarket,Health & Beauty,Skyn Maxium Performance Lubricant 80ml,935903,$10.00,$12.50 / 100ML,https://www.woolworths.com.au/shop/productdetails/935903/skyn-maxium-performance-lubricant,https://cdn0.woolworths.media/content/wowproductimages/medium/935903.jpg,2020-09-20 19:49:44,Average product rating out of 5: 5.0. Product score is based on 3 ratings,3,,True
e91dd181-a1fc-4471-8784-745e4e2c3c8b,Woolworths Supermarket,Health & Beauty,Coloxyl & Senna Tablets 45pk,937340,$6.90,$0.15 / 1EA,https://www.woolworths.com.au/shop/productdetails/937340/coloxyl-senna-tablets,https://cdn0.woolworths.media/content/wowproductimages/medium/937340.jpg,2020-09-20 19:49:44,,0,,True
76dbd84d-150c-49b9-b42c-03680abae898,Woolworths Supermarket,Health & Beauty,Ural Sachets Effervescent Powder 4g x20 pack,937345,$7.99,$0.40 / 1EA,https://www.woolworths.com.au/shop/productdetails/937345/ural-sachets-effervescent-powder,https://cdn0.woolworths.media/content/wowproductimages/medium/937345.jpg,2020-09-20 19:49:44,,0,,True
0c4f39f5-6e36-42d8-9563-3ff28166c511,Woolworths Supermarket,Health & Beauty,Otrivin Nasal Spray Natural Seawater & Eucalyptus 20ml,938388,$7.99,$39.95 / 100ML,https://www.woolworths.com.au/shop/productdetails/938388/otrivin-nasal-spray-natural-seawater-eucalyptus,https://cdn0.woolworths.media/content/wowproductimages/medium/938388.jpg,2020-09-20 19:49:44,Average product rating out of 5: 4.5. Product score is based on 4 ratings,4,,True
28fe6cf7-0728-45b8-83e2-1bbdb669671e,Woolworths Supermarket,Health & Beauty,Herron Nicaway Nicotine Lozenges 2mg 72 pack,939553,$17.50,$24.31 / 100EA,https://www.woolworths.com.au/shop/productdetails/939553/herron-nicaway-nicotine-lozenges-2mg,https://cdn0.woolworths.media/content/wowproductimages/medium/939553.jpg,2020-09-20 19:49:44,Average product rating out of 5: 4.3. Product score is based on 7 ratings,7,,True
056f4941-cc8e-42ff-ae81-478d97bcc8df,Woolworths Supermarket,Health & Beauty,Herron Nicaway Nicotine Lozenges 4mg 72 pack,939554,$17.50,$24.31 / 100EA,https://www.woolworths.com.au/shop/productdetails/939554/herron-nicaway-nicotine-lozenges-4mg,https://cdn0.woolworths.media/content/wowproductimages/medium/939554.jpg,2020-09-20 19:49:44,Average product rating out of 5: 4.9. Product score is based on 7 ratings,7,,True
6163e5df-570b-433d-8ffe-ae600d40c3c3,Woolworths Supermarket,Health & Beauty,Red Seal Baking Soda Toothpaste 100g,939733,$4.50,$4.50 / 100G,https://www.woolworths.com.au/shop/productdetails/939733/red-seal-baking-soda-toothpaste,https://cdn0.woolworths.media/content/wowproductimages/medium/939733.jpg,2020-09-20 19:49:44,Average product rating out of 5: 4.8. Product score is based on 5 ratings,5,,True
bbf33d50-bf24-46f8-88d6-f0eecd8824e6,Woolworths Supermarket,Health & Beauty,Cenovis Turmeric 3100 Capsules 80 pack,940032,$17.00,$21.25 / 100EA,https://www.woolworths.com.au/shop/productdetails/940032/cenovis-turmeric-3100-capsules,https://cdn0.woolworths.media/content/wowproductimages/medium/940032.jpg,2020-09-20 19:49:44,Average product rating out of 5: 5.0. Product score is based on 4 ratings,4,,True
de152a2e-b850-4931-b2bb-1b024c227017,Woolworths Supermarket,Health & Beauty,Nature's Own Sleep Ezy Tablets 100 pack,940166,$15.00,$15.00 / 100EA,https://www.woolworths.com.au/shop/productdetails/940166/nature-s-own-sleep-ezy-tablets,https://cdn0.woolworths.media/content/wowproductimages/medium/940166.jpg,2020-09-20 19:49:44,Average product rating out of 5: 4.5. Product score is based on 4 ratings,4,,True
53500874-181a-443d-b03c-a9484a9fb3d6,Woolworths Supermarket,Health & Beauty,Clearblue Plus Pregnancy Test each,940556,$9.00,$9.00 / 1EA,https://www.woolworths.com.au/shop/productdetails/940556/clearblue-plus-pregnancy-test,https://cdn0.woolworths.media/content/wowproductimages/medium/940556.jpg,2020-09-20 19:49:44,Average product rating out of 5: 1.0. Product score is based on 1 ratings,1,,True
7bbeed89-7dff-4ff7-9c68-1b1f3ed2fb84,Woolworths Supermarket,Health & Beauty,Maybelline Brow Satin Pencil & Powder Duo - Medium Brown 0.5g,947195,$10.20,$10.20 / 1EA,https://www.woolworths.com.au/shop/productdetails/947195/maybelline-brow-satin-pencil-powder-duo-medium-brown,https://cdn0.woolworths.media/content/wowproductimages/medium/947195.jpg,2020-09-20 19:49:44,,0,,True
64412587-8695-436b-9f45-573d310bca33,Woolworths Supermarket,Health & Beauty,Maybelline Brow Satin Pencil & Powder Duo - Dark Brown 0.5g,947196,$10.20,$10.20 / 1EA,https://www.woolworths.com.au/shop/productdetails/947196/maybelline-brow-satin-pencil-powder-duo-dark-brown,https://cdn0.woolworths.media/content/wowproductimages/medium/947196.jpg,2020-09-20 19:49:44,,0,,True
d65d562b-4e64-47d2-8c55-c22b140f469d,Woolworths Supermarket,Health & Beauty,Vo5 Plump Me Up Dry Shampoo 250ml,960603,$6.80,$2.72 / 100ML,https://www.woolworths.com.au/shop/productdetails/960603/vo5-plump-me-up-dry-shampoo,https://cdn0.woolworths.media/content/wowproductimages/medium/960603.jpg,2020-09-20 19:49:44,Average product rating out of 5: 3.8. Product score is based on 8 ratings,8,Was $8.00 25/09/2017,True
29d41aad-66eb-4620-a5a7-4b9ec0495b83,Woolworths Supermarket,Health & Beauty,Batiste Dry Shampoo Tropical 400ml,966183,$16.00,$4.00 / 100ML,https://www.woolworths.com.au/shop/productdetails/966183/batiste-dry-shampoo-tropical,https://cdn0.woolworths.media/content/wowproductimages/medium/966183.jpg,2020-09-20 19:49:44,,0,,True
cec4908b-167e-4824-9626-b58b1f2064f0,Woolworths Supermarket,Health & Beauty,Essano Rosehip Visible Lift Eye Crme 15ml,966662,$20.00,$133.33 / 100ML,https://www.woolworths.com.au/shop/productdetails/966662/essano-rosehip-visible-lift-eye-cr-me,https://cdn0.woolworths.media/content/wowproductimages/medium/966662.jpg,2020-09-20 19:49:44,Average product rating out of 5: 5.0. Product score is based on 1 ratings,1,,True
a3842d89-32b1-4439-a199-f683f32ebab5,Woolworths Supermarket,Health & Beauty,Essano Rosehip Collagen Repair Serum 30ml,966792,$30.00,$100.00 / 100ML,https://www.woolworths.com.au/shop/productdetails/966792/essano-rosehip-collagen-repair-serum,https://cdn0.woolworths.media/content/wowproductimages/medium/966792.jpg,2020-09-20 19:49:44,Average product rating out of 5: 4.7. Product score is based on 7 ratings,7,,True
07b82652-125a-4b50-a6cb-6e41d737af42,Woolworths Supermarket,Health & Beauty,Essano Rosehip Facial Cleansing Gentle Micellar Water 400ml,966925,$13.00,$3.25 / 100ML,https://www.woolworths.com.au/shop/productdetails/966925/essano-rosehip-facial-cleansing-gentle-micellar-water,https://cdn0.woolworths.media/content/wowproductimages/medium/966925.jpg,2020-09-20 19:49:44,Average product rating out of 5: 4.7. Product score is based on 3 ratings,3,,True
d38f89e4-d4bc-4a44-bf0d-cfd24c39ae24,Woolworths Supermarket,Health & Beauty,Essano Rosehip Collagen Repair Night Cream 50g,968353,$25.00,,https://www.woolworths.com.au/shop/productdetails/968353/essano-rosehip-collagen-repair-night-cream,https://cdn0.woolworths.media/content/wowproductimages/medium/968353.jpg,2020-09-20 19:49:44,Average product rating out of 5: 4.5. Product score is based on 2 ratings,2,,True
f23b0ad3-da48-4837-9994-0ff292509122,Woolworths Supermarket,Health & Beauty,L'oreal Paris Preference Helsinki Very Light Ash Blonde each,002208,$9.50,,https://www.woolworths.com.au/shop/productdetails/2208/l-oreal-paris-preference-helsinki-very-light-ash-blonde,https://cdn0.woolworths.media/content/wowproductimages/medium/002208.jpg,2020-09-20 19:49:44,Average product rating out of 5: 5.0. Product score is based on 8 ratings,8,,True
b07dfe85-6d0f-4ad6-a473-dbba94321d5f,Woolworths Supermarket,Health & Beauty,Mcobeauty Natural Matte Bronzer Pressed Powder 16g,012880,$9.80,$6.13 / 10G,https://www.woolworths.com.au/shop/productdetails/12880/mcobeauty-natural-matte-bronzer-pressed-powder,https://cdn0.woolworths.media/content/wowproductimages/medium/012880.jpg,2020-09-20 19:49:44,Average product rating out of 5: 5.0. Product score is based on 1 ratings,1,,True
22e84fd6-161c-4cc6-9824-97baf716c1c5,Woolworths Supermarket,Health & Beauty,Mcobeauty Ultra Curl Gloss Mascara 12ml,012886,$11.90,$9.92 / 10ML,https://www.woolworths.com.au/shop/productdetails/12886/mcobeauty-ultra-curl-gloss-mascara,https://cdn0.woolworths.media/content/wowproductimages/medium/012886.jpg,2020-09-20 19:49:44,,0,,True
4000127a-befc-4d55-8511-70062d885bc4,Woolworths Supermarket,Health & Beauty,Revlon Ultra Hd Matte Lip Mousse Spice 5.9ml,015631,$25.00,$42.37 / 10ML,https://www.woolworths.com.au/shop/productdetails/15631/revlon-ultra-hd-matte-lip-mousse-spice,https://cdn0.woolworths.media/content/wowproductimages/medium/015631.jpg,2020-09-20 19:49:44,,0,,True
9b081228-46bc-472a-bb43-1bd19aec4b10,Woolworths Supermarket,Health & Beauty,Revlon Photoready Candid Foundation Sand Beige 22ml,015813,$25.00,$11.36 / 10ML,https://www.woolworths.com.au/shop/productdetails/15813/revlon-photoready-candid-foundation-sand-beige,https://cdn0.woolworths.media/content/wowproductimages/medium/015813.jpg,2020-09-20 19:49:44,Average product rating out of 5: 5.0. Product score is based on 1 ratings,1,,True
8f99b883-8a0c-4209-9b2f-07f1b3880fd7,Woolworths Supermarket,Health & Beauty,Revlon Photoready Candid Foundation Buff 22ml,015818,$25.00,$11.36 / 10ML,https://www.woolworths.com.au/shop/productdetails/15818/revlon-photoready-candid-foundation-buff,https://cdn0.woolworths.media/content/wowproductimages/medium/015818.jpg,2020-09-20 19:49:44,Average product rating out of 5: 5.0. Product score is based on 1 ratings,1,,True
3a3c446a-ebb5-4f01-9bea-ef0a622ba05a,Woolworths Supermarket,Health & Beauty,Revlon Photoready Candid Foundation Medium Beige 22ml,015821,$25.00,$11.36 / 10ML,https://www.woolworths.com.au/shop/productdetails/15821/revlon-photoready-candid-foundation-medium-beige,https://cdn0.woolworths.media/content/wowproductimages/medium/015821.jpg,2020-09-20 19:49:44,Average product rating out of 5: 4.8. Product score is based on 4 ratings,4,,True
c5ab5308-43b0-44e3-ae9e-751d95fcbd41,Woolworths Supermarket,Health & Beauty,Revlon Photoready Candid Foundation Light Honey 22ml,015825,$25.00,$11.36 / 10ML,https://www.woolworths.com.au/shop/productdetails/15825/revlon-photoready-candid-foundation-light-honey,https://cdn0.woolworths.media/content/wowproductimages/medium/015825.jpg,2020-09-20 19:49:44,,0,,True
cf2c6dcb-9b2a-4c70-80f6-08466924b67d,Woolworths Supermarket,Health & Beauty,Revlon Photoready Candid Concealer Banana 10ml,015832,$20.00,$20.00 / 10ML,https://www.woolworths.com.au/shop/productdetails/15832/revlon-photoready-candid-concealer-banana,https://cdn0.woolworths.media/content/wowproductimages/medium/015832.jpg,2020-09-20 19:49:44,Average product rating out of 5: 5.0. Product score is based on 1 ratings,1,,True
80b31fb0-dfe8-4f6b-85e2-6b624a5836e9,Woolworths Supermarket,Health & Beauty,Revlon Colorstay Look Book Palette Maverick 3.6g,015853,$20.00,$55.56 / 10G,https://www.woolworths.com.au/shop/productdetails/15853/revlon-colorstay-look-book-palette-maverick,https://cdn0.woolworths.media/content/wowproductimages/medium/015853.jpg,2020-09-20 19:49:44,,0,,True
d9173a90-4fa9-496c-a585-5eb0d65a64ee,Woolworths Supermarket,Health & Beauty,Body Science Plant Protein Bar Lemon Cashew 50g,016671,$4.00,$8.00 / 100G,https://www.woolworths.com.au/shop/productdetails/16671/body-science-plant-protein-bar-lemon-cashew,https://cdn0.woolworths.media/content/wowproductimages/medium/016671.jpg,2020-09-20 19:49:44,Average product rating out of 5: 4.5. Product score is based on 4 ratings,4,,True
ee20afdb-29ff-423d-adaa-1356e1e2b837,Woolworths Supermarket,Health & Beauty,Body Science Plant Protein Bar Choc Lamington 50g,016687,$4.00,$8.00 / 100G,https://www.woolworths.com.au/shop/productdetails/16687/body-science-plant-protein-bar-choc-lamington,https://cdn0.woolworths.media/content/wowproductimages/medium/016687.jpg,2020-09-20 19:49:44,Average product rating out of 5: 3.5. Product score is based on 4 ratings,4,,True
d4e4b8eb-ea76-4d0d-be4c-ec2d97a83ce9,Woolworths Supermarket,Health & Beauty,Mcobeauty Waterproof Skinny Liquid Liner 0.6ml,016987,$8.40,$140.00 / 10ML,https://www.woolworths.com.au/shop/productdetails/16987/mcobeauty-waterproof-skinny-liquid-liner,https://cdn0.woolworths.media/content/wowproductimages/medium/016987.jpg,2020-09-20 19:49:44,Average product rating out of 5: 5.0. Product score is based on 1 ratings,1,,True
24a38bd8-d4f8-4429-9776-8fcbae48bb04,Woolworths Supermarket,Health & Beauty,Clairol Nice N Easy 9.5 Natural Extra Light Blonde each,017226,$9.00,,https://www.woolworths.com.au/shop/productdetails/17226/clairol-nice-n-easy-9-5-natural-extra-light-blonde,https://cdn0.woolworths.media/content/wowproductimages/medium/017226.jpg,2020-09-20 19:49:44,Average product rating out of 5: 5.0. Product score is based on 1 ratings,1,Was $13.00 06/08/2018,True
24c93143-6715-4382-88b2-0e85a5d4f850,Woolworths Supermarket,Health & Beauty,Fat Blaster Keto Fit Whey Chocolate 300g,017941,$32.00,$10.67 / 100G,https://www.woolworths.com.au/shop/productdetails/17941/fat-blaster-keto-fit-whey-chocolate,https://cdn0.woolworths.media/content/wowproductimages/medium/017941.jpg,2020-09-20 19:49:44,,0,,True
f6029675-280d-4bfe-935a-9e25fb7ea0f5,Woolworths Supermarket,Health & Beauty,Keep It Cleaner Protein Powder Salted Caramel 375g,026091,$27.00,$7.20 / 100G,https://www.woolworths.com.au/shop/productdetails/26091/keep-it-cleaner-protein-powder-salted-caramel,https://cdn0.woolworths.media/content/wowproductimages/medium/026091.jpg,2020-09-20 19:49:44,Average product rating out of 5: 4.2. Product score is based on 6 ratings,6,,True
cac2c625-6e9a-414c-9645-a73ad2029429,Woolworths Supermarket,Health & Beauty,L'oreal Magic Retouch Precision Brush 2 Dark Brown each,052868,$9.00,$112.50 / 100ML,https://www.woolworths.com.au/shop/productdetails/52868/l-oreal-magic-retouch-precision-brush-2-dark-brown,https://cdn0.woolworths.media/content/wowproductimages/medium/052868.jpg,2020-09-20 19:49:44,,0,,True
e5e003e1-2151-4419-862e-f9457361ffb4,Woolworths Supermarket,Health & Beauty,L'oreal Magic Retouch Precision Brush 3 Brown each,052870,$9.00,$112.50 / 100ML,https://www.woolworths.com.au/shop/productdetails/52870/l-oreal-magic-retouch-precision-brush-3-brown,https://cdn0.woolworths.media/content/wowproductimages/medium/052870.jpg,2020-09-20 19:49:44,,0,,True
d5f10e9e-996f-4919-b95b-c7aba889490b,Woolworths Supermarket,Health & Beauty,Oh So Comfy Mini Scrunchies 4 pack,052875,$6.00,,https://www.woolworths.com.au/shop/productdetails/52875/oh-so-comfy-mini-scrunchies,https://cdn0.woolworths.media/content/wowproductimages/medium/052875.jpg,2020-09-20 19:49:44,Average product rating out of 5: 4.5. Product score is based on 4 ratings,4,,True
b2efd183-a2e8-4bdd-8dfc-2d4662636f74,Woolworths Supermarket,Health & Beauty,J Bronze Luxe Application Mitt each,057074,$6.00,$6.00 / 1EA,https://www.woolworths.com.au/shop/productdetails/57074/j-bronze-luxe-application-mitt,https://cdn0.woolworths.media/content/wowproductimages/medium/057074.jpg,2020-09-20 19:49:44,Average product rating out of 5: 5.0. Product score is based on 3 ratings,3,,True
d65998ad-a291-4669-a768-bfbdd5ed2983,Woolworths Supermarket,Health & Beauty,Nature's Way Kids Smart Iron Chewable Tablets 50 pack,057335,$15.00,$30.00 / 100EA,https://www.woolworths.com.au/shop/productdetails/57335/nature-s-way-kids-smart-iron-chewable-tablets,https://cdn0.woolworths.media/content/wowproductimages/medium/057335.jpg,2020-09-20 19:49:44,Average product rating out of 5: 5.0. Product score is based on 1 ratings,1,,True
48df515c-0a68-45f4-b1e9-73b00fb39167,Woolworths Supermarket,Health & Beauty,Nature's Way Kids Smart Vita Gummies Vitamin C Plus Zinc 120 pack,057343,$13.00,$10.83 / 100EA,https://www.woolworths.com.au/shop/productdetails/57343/nature-s-way-kids-smart-vita-gummies-vitamin-c-plus-zinc,https://cdn0.woolworths.media/content/wowproductimages/medium/057343.jpg,2020-09-20 19:49:44,Average product rating out of 5: 4.5. Product score is based on 13 ratings,13,,True
163cc5ad-b484-435d-88ee-163d2a89c517,Woolworths Supermarket,Health & Beauty,Go Natural Focus Capsules 30 pack,058186,$20.00,$66.67 / 100EA,https://www.woolworths.com.au/shop/productdetails/58186/go-natural-focus-capsules,https://cdn0.woolworths.media/content/wowproductimages/medium/058186.jpg,2020-09-20 19:49:44,,0,,True
5e5f79fb-4bb3-4970-8ff7-1a3db4712b81,Woolworths Supermarket,Health & Beauty,Voost Effervescent Zinc Tablets 10 pack,058700,$3.50,$35.00 / 100EA,https://www.woolworths.com.au/shop/productdetails/58700/voost-effervescent-zinc-tablets,https://cdn0.woolworths.media/content/wowproductimages/medium/058700.jpg,2020-09-20 19:49:44,Average product rating out of 5: 5.0. Product score is based on 1 ratings,1,Was $4.00 08/05/2017,True
50d0884d-7a0f-4b28-95da-fa5b186b26f5,Woolworths Supermarket,Health & Beauty,Voost Effervescent Collagen Tablets 40 pack,058866,$6.50,$16.25 / 100EA,https://www.woolworths.com.au/shop/productdetails/58866/voost-effervescent-collagen-tablets,https://cdn0.woolworths.media/content/wowproductimages/medium/058866.jpg,2020-09-20 19:49:44,Average product rating out of 5: 4.0. Product score is based on 2 ratings,2,,True
bf8785c8-0166-4d6e-af65-516cb43b6872,Woolworths Supermarket,Health & Beauty,Nature's Way Beauty Collagen Liquid Apple Flavoured 500ml,058910,$30.00,$6.00 / 100ML,https://www.woolworths.com.au/shop/productdetails/58910/nature-s-way-beauty-collagen-liquid-apple-flavoured,https://cdn0.woolworths.media/content/wowproductimages/medium/058910.jpg,2020-09-20 19:49:44,Average product rating out of 5: 3.0. Product score is based on 1 ratings,1,,True
3cc08bc4-c728-4118-accb-21b21b28eb49,Woolworths Supermarket,Health & Beauty,Clairol Nice N Easy 4bg Natural Burgundy each,059241,$9.00,,https://www.woolworths.com.au/shop/productdetails/59241/clairol-nice-n-easy-4bg-natural-burgundy,https://cdn0.woolworths.media/content/wowproductimages/medium/059241.jpg,2020-09-20 19:49:44,Average product rating out of 5: 5.0. Product score is based on 1 ratings,1,Was $13.00 06/08/2018,True
3a3b9152-9d02-478e-bd31-05656d9b792b,Woolworths Supermarket,Health & Beauty,Revlon So Fierce Mascara 7.5ml,060779,$22.00,$29.33 / 10ML,https://www.woolworths.com.au/shop/productdetails/60779/revlon-so-fierce-mascara,https://cdn0.woolworths.media/content/wowproductimages/medium/060779.jpg,2020-09-20 19:49:44,Average product rating out of 5: 3.0. Product score is based on 3 ratings,3,,True
5132a378-a67e-412c-b432-962d7532896b,Woolworths Supermarket,Health & Beauty,L'oreal Excellence Creme Hair Colour 4.3 Dark Golden Brown each,061188,$10.00,,https://www.woolworths.com.au/shop/productdetails/61188/l-oreal-excellence-creme-hair-colour-4-3-dark-golden-brown,https://cdn0.woolworths.media/content/wowproductimages/medium/061188.jpg,2020-09-20 19:49:44,,0,,True
d737a600-aa06-42f2-9cb1-41bb9edf2fcd,Woolworths Supermarket,Health & Beauty,L'oreal Excellence Creme Hair Colour 4.15 Dark Frosted Brown each,061209,$10.00,,https://www.woolworths.com.au/shop/productdetails/61209/l-oreal-excellence-creme-hair-colour-4-15-dark-frosted-brown,https://cdn0.woolworths.media/content/wowproductimages/medium/061209.jpg,2020-09-20 19:49:44,,0,,True
87bfcdfc-e389-4435-9fc5-f4c836182a60,Woolworths Supermarket,Health & Beauty,L'oreal Magic Retouch Precision Brush 1 Black each,062171,$9.00,$112.50 / 100ML,https://www.woolworths.com.au/shop/productdetails/62171/l-oreal-magic-retouch-precision-brush-1-black,https://cdn0.woolworths.media/content/wowproductimages/medium/062171.jpg,2020-09-20 19:49:44,Average product rating out of 5: 1.0. Product score is based on 1 ratings,1,,True
f34841d1-5418-430f-be3a-83df5e984251,Woolworths Supermarket,Health & Beauty,L'oreal Magic Retouch Precision Brush 4 Light Brown each,062177,$9.00,$112.50 / 100ML,https://www.woolworths.com.au/shop/productdetails/62177/l-oreal-magic-retouch-precision-brush-4-light-brown,https://cdn0.woolworths.media/content/wowproductimages/medium/062177.jpg,2020-09-20 19:49:44,,0,,True
5c84f381-8154-4915-bc0d-2ece398cc361,Woolworths Supermarket,Health & Beauty,Rapid Loss Meal Replacement Shake - Strawberry 740g,063697,$23.70,$3.20 / 100G,https://www.woolworths.com.au/shop/productdetails/63697/rapid-loss-meal-replacement-shake-strawberry,https://cdn0.woolworths.media/content/wowproductimages/medium/063697.jpg,2020-09-20 19:49:44,,0,,True
b5932956-5dc2-4c55-9c07-d2ec2bcc6290,Woolworths Supermarket,Health & Beauty,Kleenex Anti-bacterial Wet Wipes 40 pack,063758,,,https://www.woolworths.com.au/shop/productdetails/63758/kleenex-anti-bacterial-wet-wipes,https://cdn0.woolworths.media/content/wowproductimages/medium/063758.jpg,2020-09-20 19:49:44,,0,,False
ea793440-eb4c-4b50-96f0-2e5a9931cbf8,Woolworths Supermarket,Health & Beauty,Mcobeauty Mineral Powder Shine Free Foundation - Nude 5g,063860,$10.50,$21.00 / 10G,https://www.woolworths.com.au/shop/productdetails/63860/mcobeauty-mineral-powder-shine-free-foundation-nude,https://cdn0.woolworths.media/content/wowproductimages/medium/063860.jpg,2020-09-20 19:49:44,,0,,True
89160908-fffb-4a19-ba05-e32d06e66cc7,Woolworths Supermarket,Health & Beauty,Mcobeauty Eyeshadow Palette Peachy/nudes 8.1g,063868,$10.50,$12.96 / 10G,https://www.woolworths.com.au/shop/productdetails/63868/mcobeauty-eyeshadow-palette-peachy-nudes,https://cdn0.woolworths.media/content/wowproductimages/medium/063868.jpg,2020-09-20 19:49:44,Average product rating out of 5: 5.0. Product score is based on 2 ratings,2,,True
bf1a9c4d-ba2c-4b8c-b493-77151ec43427,Woolworths Supermarket,Health & Beauty,Mcobeauty Mineral Powder Shine Free Foundation - Classic Ivory 5g,064215,$10.50,$21.00 / 10G,https://www.woolworths.com.au/shop/productdetails/64215/mcobeauty-mineral-powder-shine-free-foundation-classic-ivory,https://cdn0.woolworths.media/content/wowproductimages/medium/064215.jpg,2020-09-20 19:49:44,Average product rating out of 5: 2.0. Product score is based on 1 ratings,1,,True
77c33a3e-546c-4753-abb8-bc826f97b7d7,Woolworths Supermarket,Health & Beauty,Mcobeauty Brow Stroke Blonde 1.5ml,064662,$9.80,$65.33 / 10ML,https://www.woolworths.com.au/shop/productdetails/64662/mcobeauty-brow-stroke-blonde,https://cdn0.woolworths.media/content/wowproductimages/medium/064662.jpg,2020-09-20 19:49:44,Average product rating out of 5: 3.0. Product score is based on 2 ratings,2,,True
eb758f03-40cc-4bc2-9fef-8b15aa38f5a4,Woolworths Supermarket,Health & Beauty,Rapid Loss Meal Replacement Shake - Vanilla 740g,065687,$23.70,$3.20 / 100G,https://www.woolworths.com.au/shop/productdetails/65687/rapid-loss-meal-replacement-shake-vanilla,https://cdn0.woolworths.media/content/wowproductimages/medium/065687.jpg,2020-09-20 19:49:44,,0,,True
138c8e79-3b37-4b88-ad33-7acfa11704a4,Woolworths Supermarket,Health & Beauty,Rapid Loss Meal Replacement Shake - Latte 740g,066073,$23.70,$3.20 / 100G,https://www.woolworths.com.au/shop/productdetails/66073/rapid-loss-meal-replacement-shake-latte,https://cdn0.woolworths.media/content/wowproductimages/medium/066073.jpg,2020-09-20 19:49:44,,0,,True
8b9e751f-23d6-4d85-bae4-9aded7454907,Woolworths Supermarket,Health & Beauty,Clairol Nice N Easy 8g Natural Golden Blonde each,068016,$9.00,,https://www.woolworths.com.au/shop/productdetails/68016/clairol-nice-n-easy-8g-natural-golden-blonde,https://cdn0.woolworths.media/content/wowproductimages/medium/068016.jpg,2020-09-20 19:49:44,Average product rating out of 5: 5.0. Product score is based on 1 ratings,1,Was $13.00 06/08/2018,True
df36a76f-28bd-49c1-9c7e-34aadae084c0,Woolworths Supermarket,Health & Beauty,Maybelline Hyper Easy Brush Tip Lip Liner Black each,074975,$10.80,,https://www.woolworths.com.au/shop/productdetails/74975/maybelline-hyper-easy-brush-tip-lip-liner-black,https://cdn0.woolworths.media/content/wowproductimages/medium/074975.jpg,2020-09-20 19:49:44,,0,,True
301e504d-9b79-4dcf-b1db-ca90825c015d,Woolworths Supermarket,Health & Beauty,Revlon Prime Plus Mattifying+pore Reducing 30ml,075789,$30.00,$10.00 / 10ML,https://www.woolworths.com.au/shop/productdetails/75789/revlon-prime-plus-mattifying-pore-reducing,https://cdn0.woolworths.media/content/wowproductimages/medium/075789.jpg,2020-09-20 19:49:44,Average product rating out of 5: 3.0. Product score is based on 1 ratings,1,,True
cd489bd9-6b44-44e8-9151-aede751054c1,Woolworths Supermarket,Health & Beauty,Revlon So Fierce! Vinyl Eyeliner Midnight 1.2g,075790,$24.00,$100.00 / 5G,https://www.woolworths.com.au/shop/productdetails/75790/revlon-so-fierce-vinyl-eyeliner-midnight,https://cdn0.woolworths.media/content/wowproductimages/medium/075790.jpg,2020-09-20 19:49:44,,0,,True
6804cc12-9410-4426-9bbd-0e00ac727648,Woolworths Supermarket,Health & Beauty,Revlon Colorstay Eyebrow Liner Soft Blonde each,076842,$23.00,$65.71 / 1G,https://www.woolworths.com.au/shop/productdetails/76842/revlon-colorstay-eyebrow-liner-soft-blonde,https://cdn0.woolworths.media/content/wowproductimages/medium/076842.jpg,2020-09-20 19:49:44,,0,,True
9938192a-c4b8-4392-abff-93f51a568952,Woolworths Supermarket,Health & Beauty,Revlon Kiss Glow Lip Oil Berry 6ml,076843,$20.00,$33.33 / 10ML,https://www.woolworths.com.au/shop/productdetails/76843/revlon-kiss-glow-lip-oil-berry,https://cdn0.woolworths.media/content/wowproductimages/medium/076843.jpg,2020-09-20 19:49:44,,0,,True
5715f748-588c-49aa-b0c3-da40a2189346,Woolworths Supermarket,Health & Beauty,Revlon Kiss Glow Lip Oil Beige 6ml,076844,$20.00,$33.33 / 10ML,https://www.woolworths.com.au/shop/productdetails/76844/revlon-kiss-glow-lip-oil-beige,https://cdn0.woolworths.media/content/wowproductimages/medium/076844.jpg,2020-09-20 19:49:44,Average product rating out of 5: 1.0. Product score is based on 1 ratings,1,,True
7d01fe57-3759-4f13-9f10-a0b3b9016346,Woolworths Supermarket,Health & Beauty,Bulldog Original Bamboo Razor Handle each,077871,$18.00,$18.00 / 1EA,https://www.woolworths.com.au/shop/productdetails/77871/bulldog-original-bamboo-razor-handle,https://cdn0.woolworths.media/content/wowproductimages/medium/077871.jpg,2020-09-20 19:49:44,,0,,True
a8b0eda5-823b-4023-a372-59640ebdab29,Woolworths Supermarket,Health & Beauty,Maybelline Tattoo Brow Gel Tint Medium 5g,078217,$15.00,$30.00 / 10G,https://www.woolworths.com.au/shop/productdetails/78217/maybelline-tattoo-brow-gel-tint-medium,https://cdn0.woolworths.media/content/wowproductimages/medium/078217.jpg,2020-09-20 19:49:44,,0,,True
51a5e169-e67e-4564-9f47-730fdee5a9f4,Woolworths Supermarket,Health & Beauty,Clairol Root Touch-up Color Blending Gel Medium Brown 45ml,082359,$18.00,$40.00 / 100ML,https://www.woolworths.com.au/shop/productdetails/82359/clairol-root-touch-up-color-blending-gel-medium-brown,https://cdn0.woolworths.media/content/wowproductimages/medium/082359.jpg,2020-09-20 19:49:44,,0,,True
b7d30d79-9da0-4bdc-b5de-25515262071a,Woolworths Supermarket,Health & Beauty,Clairol Root Touch Up Colour Blending Gel Light Brown each,082360,$18.00,$40.00 / 100ML,https://www.woolworths.com.au/shop/productdetails/82360/clairol-root-touch-up-colour-blending-gel-light-brown,https://cdn0.woolworths.media/content/wowproductimages/medium/082360.jpg,2020-09-20 19:49:44,,0,,True
fa15a9a2-3535-432b-943f-0e32cc147e5b,Woolworths Supermarket,Health & Beauty,Schwarzkopf Colour Specialist 4-0 Medium Natural Brown each,082619,$11.40,$6.83 / 100ML,https://www.woolworths.com.au/shop/productdetails/82619/schwarzkopf-colour-specialist-4-0-medium-natural-brown,https://cdn0.woolworths.media/content/wowproductimages/medium/082619.jpg,2020-09-20 19:49:44,,0,,True
8709bc93-ab87-4401-8826-a894ba0d17e6,Woolworths Supermarket,Health & Beauty,Schwarzkopf Colour Specialist 5-0 Light Natural Brown each,082620,$11.40,$6.83 / 100ML,https://www.woolworths.com.au/shop/productdetails/82620/schwarzkopf-colour-specialist-5-0-light-natural-brown,https://cdn0.woolworths.media/content/wowproductimages/medium/082620.jpg,2020-09-20 19:49:44,,0,,True
58eda5f4-4628-4355-b6d0-0b6237913687,Woolworths Supermarket,Health & Beauty,Schwarzkopf Colour Specialist 9-0 Light Natural Blonde each,082622,$11.40,$6.83 / 100ML,https://www.woolworths.com.au/shop/productdetails/82622/schwarzkopf-colour-specialist-9-0-light-natural-blonde,https://cdn0.woolworths.media/content/wowproductimages/medium/082622.jpg,2020-09-20 19:49:44,,0,,True
dd358f12-fd86-410b-aa39-40e689260602,Woolworths Supermarket,Health & Beauty,Ogx Extra Volume Biotin & Collagen Conditioner 385ml,084912,$10.50,$2.73 / 100ML,https://www.woolworths.com.au/shop/productdetails/84912/ogx-extra-volume-biotin-collagen-conditioner,https://cdn0.woolworths.media/content/wowproductimages/medium/084912.jpg,2020-09-20 19:49:44,,0,,True
6ed2e9ac-4406-4727-8ff7-c5c13bc9a5c8,Woolworths Supermarket,Health & Beauty,Maui Moisture Thicken & Restore Bamboo Fibres Blow Out Mist 236ml,085107,$22.00,$9.32 / 100ML,https://www.woolworths.com.au/shop/productdetails/85107/maui-moisture-thicken-restore-bamboo-fibres-blow-out-mist,https://cdn0.woolworths.media/content/wowproductimages/medium/085107.jpg,2020-09-20 19:49:44,,0,,True
d1bdc3a7-421d-4659-a934-8827b69b9fff,Woolworths Supermarket,Health & Beauty,Nature's Way Triple Action Joint Restore Powder Lemon Flavour 150g,086789,$35.00,$23.33 / 100G,https://www.woolworths.com.au/shop/productdetails/86789/nature-s-way-triple-action-joint-restore-powder-lemon-flavour,https://cdn0.woolworths.media/content/wowproductimages/medium/086789.jpg,2020-09-20 19:49:44,,0,,True
0e8cedee-d281-4ae9-96a0-4328218bdd39,Woolworths Supermarket,Health & Beauty,L'oreal Men Expert Invincible Sport Shower Gel 300ml,088594,$3.00,$1.00 / 100ML,https://www.woolworths.com.au/shop/productdetails/88594/l-oreal-men-expert-invincible-sport-shower-gel,https://cdn0.woolworths.media/content/wowproductimages/medium/088594.jpg,2020-09-20 19:49:44,,0,,True
c919aa79-d2d1-405e-bf02-0e34e28942f0,Woolworths Supermarket,Health & Beauty,Nature's Way Plant Wisdom Vegan Multivitamin Coated Tablets 60 pack,088952,$25.00,$41.67 / 100EA,https://www.woolworths.com.au/shop/productdetails/88952/nature-s-way-plant-wisdom-vegan-multivitamin-coated-tablets,https://cdn0.woolworths.media/content/wowproductimages/medium/088952.jpg,2020-09-20 19:49:44,Average product rating out of 5: 5.0. Product score is based on 1 ratings,1,,True
faa6fa16-78ba-4696-929d-850503c0ce02,Woolworths Supermarket,Health & Beauty,Clairol Root Touch-up Color Blending Gel Blonde 45ml,091145,$18.00,$40.00 / 100ML,https://www.woolworths.com.au/shop/productdetails/91145/clairol-root-touch-up-color-blending-gel-blonde,https://cdn0.woolworths.media/content/wowproductimages/medium/091145.jpg,2020-09-20 19:49:44,,0,,True
ddf2c2eb-07db-4c32-9e10-59f9fa02eb23,Woolworths Supermarket,Health & Beauty,Nature's Way Slim Right Instant Natural High Protein Vegan Choc Fudge 400g,091414,$30.00,$7.50 / 100G,https://www.woolworths.com.au/shop/productdetails/91414/nature-s-way-slim-right-instant-natural-high-protein-vegan-choc-fudge,https://cdn0.woolworths.media/content/wowproductimages/medium/091414.jpg,2020-09-20 19:49:44,,0,,True
81b18474-3d85-4c61-b238-f74242c7b3f1,Woolworths Supermarket,Health & Beauty,Clairol Root Touch-up Color Blending Gel Black 45ml,091442,$18.00,$40.00 / 100ML,https://www.woolworths.com.au/shop/productdetails/91442/clairol-root-touch-up-color-blending-gel-black,https://cdn0.woolworths.media/content/wowproductimages/medium/091442.jpg,2020-09-20 19:49:44,,0,,True
f6e05b02-3cbd-4b5e-b89e-d26b6b11ca32,Woolworths Supermarket,Health & Beauty,Nature's Way Slim Right One-a-day Easy Meal Vanilla Flavour 400g,091800,$25.00,$6.25 / 100G,https://www.woolworths.com.au/shop/productdetails/91800/nature-s-way-slim-right-one-a-day-easy-meal-vanilla-flavour,https://cdn0.woolworths.media/content/wowproductimages/medium/091800.jpg,2020-09-20 19:49:44,,0,,True
fa73e8d6-0b84-4fc9-8102-a55f07c8ffa1,Woolworths Supermarket,Health & Beauty,Naturopathica Fat Blaster Keto-fit Mct Oil Softgels 60 pack,091901,$25.00,$41.67 / 100EA,https://www.woolworths.com.au/shop/productdetails/91901/naturopathica-fat-blaster-keto-fit-mct-oil-softgels,https://cdn0.woolworths.media/content/wowproductimages/medium/091901.jpg,2020-09-20 19:49:44,,0,,True
b53844e5-c2cd-477b-978d-ca7181ab938f,Woolworths Supermarket,Health & Beauty,Clairol Root Touch-up Color Blending Gel Auburn Red 45ml,091911,$18.00,$40.00 / 100ML,https://www.woolworths.com.au/shop/productdetails/91911/clairol-root-touch-up-color-blending-gel-auburn-red,https://cdn0.woolworths.media/content/wowproductimages/medium/091911.jpg,2020-09-20 19:49:44,,0,,True
43dbb8a6-1a3a-4e61-a47c-6587cc56088c,Woolworths Supermarket,Health & Beauty,Nature's Way Instant Natural High Protein Vegan Vanilla Salted Caramel 400g,092771,$30.00,$7.50 / 100G,https://www.woolworths.com.au/shop/productdetails/92771/nature-s-way-instant-natural-high-protein-vegan-vanilla-salted-caramel,https://cdn0.woolworths.media/content/wowproductimages/medium/092771.jpg,2020-09-20 19:49:44,,0,,True
9539b401-3843-4a84-80a4-3fa764759e74,Woolworths Supermarket,Health & Beauty,Aussie Bodies Collagen Berry Ripe Delight Bar 45g,094289,$3.00,,https://www.woolworths.com.au/shop/productdetails/94289/aussie-bodies-collagen-berry-ripe-delight-bar,https://cdn0.woolworths.media/content/wowproductimages/medium/094289.jpg,2020-09-20 19:49:44,,0,,True
25763b86-d903-4c57-b15a-0c2527fd902a,Woolworths Supermarket,Health & Beauty,Gillette Skinguard Razor Starter Kit each,094302,$36.00,$36.00 / 1EA,https://www.woolworths.com.au/shop/productdetails/94302/gillette-skinguard-razor-starter-kit,https://cdn0.woolworths.media/content/wowproductimages/medium/094302.jpg,2020-09-20 19:49:44,,0,,True
e41d497e-4456-4573-a5d3-0a99feb877df,Woolworths Supermarket,Health & Beauty,Naturopathica Fat Blaster Keto-fit Plant Protein Chocolate Flavour 300g,094323,$30.00,$10.00 / 100G,https://www.woolworths.com.au/shop/productdetails/94323/naturopathica-fat-blaster-keto-fit-plant-protein-chocolate-flavour,https://cdn0.woolworths.media/content/wowproductimages/medium/094323.jpg,2020-09-20 19:49:44,,0,,True
e8aa289e-dacc-4e6f-b886-63299c208630,Woolworths Supermarket,Health & Beauty,Aussie Bodies Lo Carb Whipped Chocolate Bar 50g,094334,$3.00,$6.00 / 100G,https://www.woolworths.com.au/shop/productdetails/94334/aussie-bodies-lo-carb-whipped-chocolate-bar,https://cdn0.woolworths.media/content/wowproductimages/medium/094334.jpg,2020-09-20 19:49:44,,0,,True
5fe44f35-202c-46b8-9ac6-0613c70dc678,Woolworths Supermarket,Health & Beauty,Schwarzkopf Brilliance Iconic Blondes 11 Scandinavian Blonde each,094362,$14.40,$14.40 / 1EA,https://www.woolworths.com.au/shop/productdetails/94362/schwarzkopf-brilliance-iconic-blondes-11-scandinavian-blonde,https://cdn0.woolworths.media/content/wowproductimages/medium/094362.jpg,2020-09-20 19:49:44,,0,,True
203cf210-da24-4428-a5b0-7b2a763820ee,Woolworths Supermarket,Health & Beauty,Schwarzkopf Brilliance Iconic Blondes 35 Champagne Blonde each,094482,$14.40,$14.40 / 1EA,https://www.woolworths.com.au/shop/productdetails/94482/schwarzkopf-brilliance-iconic-blondes-35-champagne-blonde,https://cdn0.woolworths.media/content/wowproductimages/medium/094482.jpg,2020-09-20 19:49:44,,0,,True
591a31b3-74bd-48ea-88d3-dfb6fdc59999,Woolworths Supermarket,Health & Beauty,Aussie Bodies Keto Berry Cream Wafer 35g,095022,$3.00,$8.57 / 100G,https://www.woolworths.com.au/shop/productdetails/95022/aussie-bodies-keto-berry-cream-wafer,https://cdn0.woolworths.media/content/wowproductimages/medium/095022.jpg,2020-09-20 19:49:44,,0,,True
4ba8701b-c6e7-42c6-b1e2-e25166a5f718,Woolworths Supermarket,Health & Beauty,Aussie Bodies Lo Carb Whipped Salted Caramel Bar 50g,095178,$3.00,$6.00 / 100G,https://www.woolworths.com.au/shop/productdetails/95178/aussie-bodies-lo-carb-whipped-salted-caramel-bar,https://cdn0.woolworths.media/content/wowproductimages/medium/095178.jpg,2020-09-20 19:49:44,,0,,True
95965c2c-6594-45be-92a3-3d8d42c5385b,Woolworths Supermarket,Health & Beauty,Crankt Max Premium Protein Bar Raspberry & Coconut 60g,095613,$3.75,$6.25 / 100G,https://www.woolworths.com.au/shop/productdetails/95613/crankt-max-premium-protein-bar-raspberry-coconut,https://cdn0.woolworths.media/content/wowproductimages/medium/095613.jpg,2020-09-20 19:49:44,,0,,True
e8c69e1a-41e8-45c9-a719-3131c5a42abc,Woolworths Supermarket,Health & Beauty,Body Science High Protein Bar Low Carb Rich Milk Chocolate 5 pack,095785,$15.00,$5.00 / 100G,https://www.woolworths.com.au/shop/productdetails/95785/body-science-high-protein-bar-low-carb-rich-milk-chocolate,https://cdn0.woolworths.media/content/wowproductimages/medium/095785.jpg,2020-09-20 19:49:44,,0,,True
e82ed1b4-17eb-4cbb-95e0-b47dac60d4c5,Woolworths Supermarket,Health & Beauty,Aussie Bodies Protein Bar Coconut Almond Crisp 36g,095829,$3.00,$8.33 / 100G,https://www.woolworths.com.au/shop/productdetails/95829/aussie-bodies-protein-bar-coconut-almond-crisp,https://cdn0.woolworths.media/content/wowproductimages/medium/095829.jpg,2020-09-20 19:49:44,,0,,True
d8f9e1c6-2e71-4890-a5fc-ac8c8f300d0c,Woolworths Supermarket,Health & Beauty,Bodiez Isotonic Protein Water - Tropic Crush 500ml,095857,$5.00,$1.00 / 100ML,https://www.woolworths.com.au/shop/productdetails/95857/bodiez-isotonic-protein-water-tropic-crush,https://cdn0.woolworths.media/content/wowproductimages/medium/095857.jpg,2020-09-20 19:49:44,,0,,True
488d2b95-7664-42a6-8d29-1e5c3395cb43,Woolworths Supermarket,Health & Beauty,Body Science Collagen Low Carb Protein Bar Choc Coconut 60g,096202,$4.00,$6.67 / 100G,https://www.woolworths.com.au/shop/productdetails/96202/body-science-collagen-low-carb-protein-bar-choc-coconut,https://cdn0.woolworths.media/content/wowproductimages/medium/096202.jpg,2020-09-20 19:49:44,,0,,True
841f81c6-f8ae-4c78-a0f6-a91ab992f29a,Woolworths Supermarket,Health & Beauty,Revlon Super Lustrous Matte Lipstick Show Off 4.2g,096423,$25.00,$59.52 / 10G,https://www.woolworths.com.au/shop/productdetails/96423/revlon-super-lustrous-matte-lipstick-show-off,https://cdn0.woolworths.media/content/wowproductimages/medium/096423.jpg,2020-09-20 19:49:44,,0,,True
3a2d105d-f52b-4fd0-b372-379748670be4,Woolworths Supermarket,Health & Beauty,Prana On Plant Protein Shake Salted Caramel Flavour 405g,096831,$30.00,$7.41 / 100G,https://www.woolworths.com.au/shop/productdetails/96831/prana-on-plant-protein-shake-salted-caramel-flavour,https://cdn0.woolworths.media/content/wowproductimages/medium/096831.jpg,2020-09-20 19:49:44,,0,,True
e2ccb16e-fa62-4e82-9257-d2533a64c1a6,Woolworths Supermarket,Health & Beauty,Cellucor C4 Ripped Sport Fruit Punch 255g,096920,$44.00,$17.25 / 100G,https://www.woolworths.com.au/shop/productdetails/96920/cellucor-c4-ripped-sport-fruit-punch,https://cdn0.woolworths.media/content/wowproductimages/medium/096920.jpg,2020-09-20 19:49:44,,0,,True
38ff6e21-4b01-4c35-87b8-72efbeed8890,Woolworths Supermarket,Health & Beauty,Musashi Shred & Burn Protein Powder Chocolate Milkshake Flavour 900g,097217,$50.50,$5.61 / 100G,https://www.woolworths.com.au/shop/productdetails/97217/musashi-shred-burn-protein-powder-chocolate-milkshake-flavour,https://cdn0.woolworths.media/content/wowproductimages/medium/097217.jpg,2020-09-20 19:49:44,,0,,True
c3034c41-4f45-4688-8249-dca75455807d,Woolworths Supermarket,Health & Beauty,Aussie Bodies Nourish Protein Cocoa Bean 450g,097296,$20.00,$4.44 / 100G,https://www.woolworths.com.au/shop/productdetails/97296/aussie-bodies-nourish-protein-cocoa-bean,https://cdn0.woolworths.media/content/wowproductimages/medium/097296.jpg,2020-09-20 19:49:44,,0,,True
f4a15136-2608-46c2-b622-401943d1cc7e,Woolworths Supermarket,Health & Beauty,Revlon Super Lustrous Matte Lipstick Pick Me Up 4.2g,097372,$25.00,$59.52 / 10G,https://www.woolworths.com.au/shop/productdetails/97372/revlon-super-lustrous-matte-lipstick-pick-me-up,https://cdn0.woolworths.media/content/wowproductimages/medium/097372.jpg,2020-09-20 19:49:44,,0,,True
e6379469-c7ef-4a0c-abe6-7aa5f50d48e0,Woolworths Supermarket,Health & Beauty,Aussie Bodies Keto Choc Hazelnut Wafer 35g,097542,$3.00,,https://www.woolworths.com.au/shop/productdetails/97542/aussie-bodies-keto-choc-hazelnut-wafer,https://cdn0.woolworths.media/content/wowproductimages/medium/097542.jpg,2020-09-20 19:49:44,,0,,True
aa11a821-d663-463c-ac8c-57ff2d3efa97,Woolworths Supermarket,Health & Beauty,Keep It Cleaner Plant Based Protein Powder Natural Flavour 375g,097916,$21.00,$5.60 / 100G,https://www.woolworths.com.au/shop/productdetails/97916/keep-it-cleaner-plant-based-protein-powder-natural-flavour,https://cdn0.woolworths.media/content/wowproductimages/medium/097916.jpg,2020-09-20 19:49:44,,0,,True
7c7b5854-c455-4390-98ff-ae707d23945a,Woolworths Supermarket,Health & Beauty,Keep It Cleaner Plant Based Protein Powder Dark Choc Coconut Flavour 375g,097965,$21.00,$5.60 / 100G,https://www.woolworths.com.au/shop/productdetails/97965/keep-it-cleaner-plant-based-protein-powder-dark-choc-coconut-flavour,https://cdn0.woolworths.media/content/wowproductimages/medium/097965.jpg,2020-09-20 19:49:44,,0,,True
0a986983-4d7f-4386-86cb-4565a96f95d1,Woolworths Supermarket,Health & Beauty,Aussie Bodies Shape Lo Carb Almond Caramel Deluxe Bars 4 pack,097966,$9.00,$7.50 / 100G,https://www.woolworths.com.au/shop/productdetails/97966/aussie-bodies-shape-lo-carb-almond-caramel-deluxe-bars,https://cdn0.woolworths.media/content/wowproductimages/medium/097966.jpg,2020-09-20 19:49:44,,0,,True
2e9095fa-1573-4bd1-b8e4-0f4d804a4aa3,Woolworths Supermarket,Health & Beauty,Keep It Cleaner Plant Based Protein Crunch Honey Roast Almond Bar 40g,098972,$2.80,$7.00 / 100G,https://www.woolworths.com.au/shop/productdetails/98972/keep-it-cleaner-plant-based-protein-crunch-honey-roast-almond-bar,https://cdn0.woolworths.media/content/wowproductimages/medium/098972.jpg,2020-09-20 19:49:44,,0,,True
2fd0e9b7-7237-4de9-a3c9-bc14a26ad725,Woolworths Supermarket,Health & Beauty,Aussie Bodies Shine Collagen Crisp Apple Mango 455g,099055,$22.40,$4.92 / 100G,https://www.woolworths.com.au/shop/productdetails/99055/aussie-bodies-shine-collagen-crisp-apple-mango,https://cdn0.woolworths.media/content/wowproductimages/medium/099055.jpg,2020-09-20 19:49:44,,0,,True
8e780900-c25e-45c6-92ab-b6bbd1e0f6f4,Woolworths Supermarket,Health & Beauty,Body Science Collagen Low Carb Protein Bar Caramel Choc Chunk 60g,099063,$4.00,$6.67 / 100G,https://www.woolworths.com.au/shop/productdetails/99063/body-science-collagen-low-carb-protein-bar-caramel-choc-chunk,https://cdn0.woolworths.media/content/wowproductimages/medium/099063.jpg,2020-09-20 19:49:44,,0,,True
71af4bc7-e4e2-4bfe-be02-bdbddeeb25e1,Woolworths Supermarket,Health & Beauty,Musashi Bulk Protein Chocolate Milkshake Flavour 900g,100829,$50.50,$5.61 / 100G,https://www.woolworths.com.au/shop/productdetails/100829/musashi-bulk-protein-chocolate-milkshake-flavour,https://cdn0.woolworths.media/content/wowproductimages/medium/100829.jpg,2020-09-20 19:49:44,,0,,True
96c58356-a282-42be-8c7a-2d4be1a0b679,Woolworths Supermarket,Health & Beauty,Mcobeauty The Beauty Edit 5 Piece Brush Set each,102652,$10.00,$2.00 / 1EA,https://www.woolworths.com.au/shop/productdetails/102652/mcobeauty-the-beauty-edit-5-piece-brush-set,https://cdn0.woolworths.media/content/wowproductimages/medium/102652.jpg,2020-09-20 19:49:44,,0,,True
81ddcc20-d31c-4ffc-adf0-cbc598607c1e,Woolworths Supermarket,Health & Beauty,Musashi Growling Dog Chocolate Bar 65g,108285,$3.00,$4.62 / 100G,https://www.woolworths.com.au/shop/productdetails/108285/musashi-growling-dog-chocolate-bar,https://cdn0.woolworths.media/content/wowproductimages/medium/108285.jpg,2020-09-20 19:49:44,,0,,True
45e77eaf-1a9c-40be-8dc3-977099f3e0f5,Woolworths Supermarket,Health & Beauty,Neutrogena Norwegian Formula Hand Cream Fragrance Free 56g,114319,$8.00,$14.29 / 100G,https://www.woolworths.com.au/shop/productdetails/114319/neutrogena-norwegian-formula-hand-cream-fragrance-free,https://cdn0.woolworths.media/content/wowproductimages/medium/114319.jpg,2020-09-20 19:49:44,Average product rating out of 5: 5.0. Product score is based on 6 ratings,6,,True
f5ce4e44-c0a7-4599-9746-487ce29f2f63,Woolworths Supermarket,Health & Beauty,Sally Hansen Nail Hardener Diamond Strength 13.3ml,193352,,,https://www.woolworths.com.au/shop/productdetails/193352/sally-hansen-nail-hardener-diamond-strength,https://cdn0.woolworths.media/content/wowproductimages/medium/193352.jpg,2020-09-20 19:49:44,Average product rating out of 5: 5.0. Product score is based on 2 ratings,2,,False
a583a8b6-30c2-4331-b49d-570907641e90,Woolworths Supermarket,Health & Beauty,Clairol Nice N Easy 6rb Natural Chestnut Brown each,201069,$9.00,,https://www.woolworths.com.au/shop/productdetails/201069/clairol-nice-n-easy-6rb-natural-chestnut-brown,https://cdn0.woolworths.media/content/wowproductimages/medium/201069.jpg,2020-09-20 19:49:44,,0,Was $13.00 06/08/2018,True
87650ec4-4a63-452c-8e70-54baaf84ac00,Woolworths Supermarket,Health & Beauty,Clairol Nice N Easy 8cb Natural Medium Champagne Blonde each,201070,$9.00,,https://www.woolworths.com.au/shop/productdetails/201070/clairol-nice-n-easy-8cb-natural-medium-champagne-blonde,https://cdn0.woolworths.media/content/wowproductimages/medium/201070.jpg,2020-09-20 19:49:44,,0,Was $13.00 06/08/2018,True
3d123f3c-6441-4939-97af-128b8a32c65c,Woolworths Supermarket,Health & Beauty,Nature's Own High Strength Vitamin B12 1000mcg Tablets 60 pack,205300,$7.50,$12.50 / 100EA,https://www.woolworths.com.au/shop/productdetails/205300/nature-s-own-high-strength-vitamin-b12-1000mcg-tablets,https://cdn0.woolworths.media/content/wowproductimages/medium/205300.jpg,2020-09-20 19:49:44,Average product rating out of 5: 4.4. Product score is based on 16 ratings,16,,True
ddbfd1d8-63bf-4ce6-b229-386e02f262e8,Woolworths Supermarket,Health & Beauty,Nature's Own Odourless Fish Oil 1000mg Capsules 200 pack,205326,$16.50,$8.25 / 100EA,https://www.woolworths.com.au/shop/productdetails/205326/nature-s-own-odourless-fish-oil-1000mg-capsules,https://cdn0.woolworths.media/content/wowproductimages/medium/205326.jpg,2020-09-20 19:49:44,,0,,True
b3e4ad71-143c-4af1-a63f-49dcf616cae9,Woolworths Supermarket,Health & Beauty,Nature's Own Magnesium Chelate 500mg Capsules 75 pack,205353,$12.00,$16.00 / 100EA,https://www.woolworths.com.au/shop/productdetails/205353/nature-s-own-magnesium-chelate-500mg-capsules,https://cdn0.woolworths.media/content/wowproductimages/medium/205353.jpg,2020-09-20 19:49:44,Average product rating out of 5: 4.9. Product score is based on 7 ratings,7,,True
57f3261a-e36a-4b4c-a5fc-94f2b0cb3d0e,Woolworths Supermarket,Health & Beauty,Clairol Nice N Easy 7cb Natural Dark Champgne Blonde each,215929,$9.00,,https://www.woolworths.com.au/shop/productdetails/215929/clairol-nice-n-easy-7cb-natural-dark-champgne-blonde,https://cdn0.woolworths.media/content/wowproductimages/medium/215929.jpg,2020-09-20 19:49:44,Average product rating out of 5: 5.0. Product score is based on 2 ratings,2,Was $13.00 06/08/2018,True
b0338938-3e29-4b7d-a85e-9233dfe3d27b,Woolworths Supermarket,Health & Beauty,Clairol Nice N Easy 120a Natural Dark Golden Brown each,226534,$9.00,,https://www.woolworths.com.au/shop/productdetails/226534/clairol-nice-n-easy-120a-natural-dark-golden-brown,https://cdn0.woolworths.media/content/wowproductimages/medium/226534.jpg,2020-09-20 19:49:44,,0,Was $13.00 06/08/2018,True
0e6a56c1-c52e-4ffa-a12f-d991b36ccb0c,Woolworths Supermarket,Health & Beauty,Clairol Nice N Easy 6.5g Natural Lightest Golden Brown each,226536,$9.00,,https://www.woolworths.com.au/shop/productdetails/226536/clairol-nice-n-easy-6-5g-natural-lightest-golden-brown,https://cdn0.woolworths.media/content/wowproductimages/medium/226536.jpg,2020-09-20 19:49:44,Average product rating out of 5: 5.0. Product score is based on 2 ratings,2,Was $13.00 06/08/2018,True
2cf5e74f-69dd-4bfd-adc7-9d3e7f5aff22,Woolworths Supermarket,Health & Beauty,Maybelline Unstoppable Eyeliner - Onyx 0.28g,230139,$10.20,$364.29 / 10G,https://www.woolworths.com.au/shop/productdetails/230139/maybelline-unstoppable-eyeliner-onyx,https://cdn0.woolworths.media/content/wowproductimages/medium/230139.jpg,2020-09-20 19:49:44,Average product rating out of 5: 5.0. Product score is based on 1 ratings,1,,True
8d18a1ea-322b-4f18-9146-d5f4e1fed94f,Woolworths Supermarket,Health & Beauty,Colgate Advanced Whitening Fluoride Whiter Teeth Toothpaste 110g,248894,$2.40,$2.18 / 100G,https://www.woolworths.com.au/shop/productdetails/248894/colgate-advanced-whitening-fluoride-whiter-teeth-toothpaste,https://cdn0.woolworths.media/content/wowproductimages/medium/248894.jpg,2020-09-20 19:49:44,Average product rating out of 5: 4.6. Product score is based on 19 ratings,19,,True
79bc81ea-6983-4776-be24-7ca2dd735e94,Woolworths Supermarket,Health & Beauty,Blackmores Pregnancy & Breast Feeding Gold 120pk,258736,$41.00,$34.17 / 100EA,https://www.woolworths.com.au/shop/productdetails/258736/blackmores-pregnancy-breast-feeding-gold,https://cdn0.woolworths.media/content/wowproductimages/medium/258736.jpg,2020-09-20 19:49:44,Average product rating out of 5: 4.0. Product score is based on 5 ratings,5,,True
8415d85b-bf5c-49bb-bce8-d1288bc916a9,Woolworths Supermarket,Health & Beauty,Schwarzkopf Brilliance 90 Black 1pk,285793,$14.40,,https://www.woolworths.com.au/shop/productdetails/285793/schwarzkopf-brilliance-90-black,https://cdn0.woolworths.media/content/wowproductimages/medium/285793.jpg,2020-09-20 19:49:44,Average product rating out of 5: 4.5. Product score is based on 2 ratings,2,,True
c3322734-67d0-43cb-841f-e70507c1b74e,Woolworths Supermarket,Health & Beauty,Schwarzkopf Brilliance 37 Hype Red 1pk,285796,$14.40,,https://www.woolworths.com.au/shop/productdetails/285796/schwarzkopf-brilliance-37-hype-red,https://cdn0.woolworths.media/content/wowproductimages/medium/285796.jpg,2020-09-20 19:49:44,Average product rating out of 5: 5.0. Product score is based on 2 ratings,2,,True
3c4c6c02-cfe4-4913-b433-bae6d1c7f741,Woolworths Supermarket,Health & Beauty,Blackmores Pre-conception Conceive Well Gold 56pk,294622,$38.00,$67.86 / 100EA,https://www.woolworths.com.au/shop/productdetails/294622/blackmores-pre-conception-conceive-well-gold,https://cdn0.woolworths.media/content/wowproductimages/medium/294622.jpg,2020-09-20 19:49:44,Average product rating out of 5: 4.0. Product score is based on 3 ratings,3,,True
4a63cef2-506b-43d1-969b-51e73573e9c2,Woolworths Supermarket,Health & Beauty,L'oreal Paris Preference 4.15 Rome Deep Brown each,313710,$9.50,,https://www.woolworths.com.au/shop/productdetails/313710/l-oreal-paris-preference-4-15-rome-deep-brown,https://cdn0.woolworths.media/content/wowproductimages/medium/313710.jpg,2020-09-20 19:49:44,Average product rating out of 5: 4.5. Product score is based on 2 ratings,2,,True
00d818c7-d6f5-4ef9-bf55-89aeaba6629d,Woolworths Supermarket,Health & Beauty,Clairol Nice N Easy 8 Natural Medium Blonde each,313722,$9.00,,https://www.woolworths.com.au/shop/productdetails/313722/clairol-nice-n-easy-8-natural-medium-blonde,https://cdn0.woolworths.media/content/wowproductimages/medium/313722.jpg,2020-09-20 19:49:44,Average product rating out of 5: 5.0. Product score is based on 2 ratings,2,Was $13.00 06/08/2018,True
1c818498-5b20-4c06-a8a9-31e949bc6af6,Woolworths Supermarket,Health & Beauty,Clairol Nice N Easy 3.5bg Natural Dark Burgundy Brown each,313725,$9.00,,https://www.woolworths.com.au/shop/productdetails/313725/clairol-nice-n-easy-3-5bg-natural-dark-burgundy-brown,https://cdn0.woolworths.media/content/wowproductimages/medium/313725.jpg,2020-09-20 19:49:44,Average product rating out of 5: 4.7. Product score is based on 3 ratings,3,Was $13.00 06/08/2018,True
68f13774-244a-4d21-ba87-0d306c7d4687,Woolworths Supermarket,Health & Beauty,Xenadrine Ultra Tablets 60pk,324644,$25.00,$41.67 / 100EA,https://www.woolworths.com.au/shop/productdetails/324644/xenadrine-ultra-tablets,https://cdn0.woolworths.media/content/wowproductimages/medium/324644.jpg,2020-09-20 19:49:44,,0,,True
7de59fa0-347e-4e3b-b118-4ae39dcba7d2,Woolworths Supermarket,Health & Beauty,Atkins Advantage Bar Chocolate Brownie 60g,324645,$4.50,$7.50 / 100G,https://www.woolworths.com.au/shop/productdetails/324645/atkins-advantage-bar-chocolate-brownie,https://cdn0.woolworths.media/content/wowproductimages/medium/324645.jpg,2020-09-20 19:49:44,,0,,True
61dbe615-914a-4bc9-85c0-e275ce9c7b2f,Woolworths Supermarket,Health & Beauty,Nature's Way Joint Restore Triple Action 60 pack,324685,$27.50,$45.83 / 100EA,https://www.woolworths.com.au/shop/productdetails/324685/nature-s-way-joint-restore-triple-action,https://cdn0.woolworths.media/content/wowproductimages/medium/324685.jpg,2020-09-20 19:49:44,Average product rating out of 5: 5.0. Product score is based on 1 ratings,1,,True
739f7f86-bd03-4618-a185-0acf99366712,Woolworths Supermarket,Health & Beauty,Clairol Nice N Easy Permanent Hair 118b Medium Caramel Brown each,340814,$9.00,,https://www.woolworths.com.au/shop/productdetails/340814/clairol-nice-n-easy-permanent-hair-118b-medium-caramel-brown,https://cdn0.woolworths.media/content/wowproductimages/medium/340814.jpg,2020-09-20 19:49:44,Average product rating out of 5: 4.0. Product score is based on 1 ratings,1,Was $13.00 06/08/2018,True
117c0ba4-db87-41d2-a5ac-c58d122c53e5,Woolworths Supermarket,Health & Beauty,Clairol Nice N Easy Frost & Tip Max Blonde Highlight each,358113,$18.50,$18.50 / 1EA,https://www.woolworths.com.au/shop/productdetails/358113/clairol-nice-n-easy-frost-tip-max-blonde-highlight,https://cdn0.woolworths.media/content/wowproductimages/medium/358113.jpg,2020-09-20 19:49:44,Average product rating out of 5: 5.0. Product score is based on 1 ratings,1,,True
62a71348-86fa-40dd-bbb0-e49e6477a480,Woolworths Supermarket,Health & Beauty,Blackmores Sleep Support Sleep Sound Formula 30pk,360038,$19.00,$63.33 / 100EA,https://www.woolworths.com.au/shop/productdetails/360038/blackmores-sleep-support-sleep-sound-formula,https://cdn0.woolworths.media/content/wowproductimages/medium/360038.jpg,2020-09-20 19:49:44,Average product rating out of 5: 4.8. Product score is based on 4 ratings,4,Was $29.58 21/11/2016,True
cb85e92b-06c8-4c53-b25a-4270f5a7a926,Woolworths Supermarket,Health & Beauty,Rimmel Exaggerate Liquid Eye Liner 100% Black 2.50ml,365926,$14.00,$56.00 / 10ML,https://www.woolworths.com.au/shop/productdetails/365926/rimmel-exaggerate-liquid-eye-liner-100-black,https://cdn0.woolworths.media/content/wowproductimages/medium/365926.jpg,2020-09-20 19:49:44,,0,,True
1160b00f-0afc-45c3-9a39-667a9237c5be,Woolworths Supermarket,Health & Beauty,Sally Hansen Xtreme Wear Nail Color Disco Ball 11.8ml,369597,$7.00,$5.93 / 10ML,https://www.woolworths.com.au/shop/productdetails/369597/sally-hansen-xtreme-wear-nail-color-disco-ball,https://cdn0.woolworths.media/content/wowproductimages/medium/369597.jpg,2020-09-20 19:49:44,Average product rating out of 5: 5.0. Product score is based on 1 ratings,1,,True
80159ab7-6800-406a-ae6e-0c19144f5f0d,Woolworths Supermarket,Health & Beauty,Nature's Way True Odourless High Strength Fish Oil 1500mg 400 pack,376791,$35.00,$8.75 / 100EA,https://www.woolworths.com.au/shop/productdetails/376791/nature-s-way-true-odourless-high-strength-fish-oil-1500mg,https://cdn0.woolworths.media/content/wowproductimages/medium/376791.jpg,2020-09-20 19:49:44,,0,,True
efb0b0d8-fea7-4420-bafb-e53bfa785151,Woolworths Supermarket,Health & Beauty,Brite Organix Semi Permanent Hair Colour Lavender 75ml,445321,$10.00,$13.33 / 100ML,https://www.woolworths.com.au/shop/productdetails/445321/brite-organix-semi-permanent-hair-colour-lavender,https://cdn0.woolworths.media/content/wowproductimages/medium/445321.jpg,2020-09-20 19:49:44,Average product rating out of 5: 5.0. Product score is based on 1 ratings,1,,True
d0f8a1ea-78c5-43ff-94d4-1542ef9a47dd,Woolworths Supermarket,Health & Beauty,Schwarzkopf Brilliance Hair Colour 3.0 Romantic Brown each,446813,$14.40,$10.11 / 100ML,https://www.woolworths.com.au/shop/productdetails/446813/schwarzkopf-brilliance-hair-colour-3-0-romantic-brown,https://cdn0.woolworths.media/content/wowproductimages/medium/446813.jpg,2020-09-20 19:49:44,Average product rating out of 5: 3.3. Product score is based on 3 ratings,3,,True
fc67830e-b035-4cc3-86fc-941c36312afd,Woolworths Supermarket,Health & Beauty,L'oreal Paris Preference Hair Colour 11.21 Very Very Light Cool each,447461,$9.50,,https://www.woolworths.com.au/shop/productdetails/447461/l-oreal-paris-preference-hair-colour-11-21-very-very-light-cool,https://cdn0.woolworths.media/content/wowproductimages/medium/447461.jpg,2020-09-20 19:49:44,Average product rating out of 5: 3.0. Product score is based on 2 ratings,2,,True
ada04e7f-ba66-4be1-b871-0aa797c72b45,Woolworths Supermarket,Health & Beauty,L'oreal Paris Magic Retouch Hair Colour 1 Black each,452051,$7.95,$10.60 / 100ML,https://www.woolworths.com.au/shop/productdetails/452051/l-oreal-paris-magic-retouch-hair-colour-1-black,https://cdn0.woolworths.media/content/wowproductimages/medium/452051.jpg,2020-09-20 19:49:44,Average product rating out of 5: 5.0. Product score is based on 2 ratings,2,,True
5680954e-6cef-4026-9a89-a9e84d688584,Woolworths Supermarket,Health & Beauty,Quest Protein Bar Choc Brownie 60g,473741,$4.00,$6.67 / 100G,https://www.woolworths.com.au/shop/productdetails/473741/quest-protein-bar-choc-brownie,https://cdn0.woolworths.media/content/wowproductimages/medium/473741.jpg,2020-09-20 19:49:44,Average product rating out of 5: 4.8. Product score is based on 4 ratings,4,,True
5fc42f55-d857-49c2-bf4f-5fef237b7f36,Woolworths Supermarket,Health & Beauty,Mud Lipstick Barely Blushing 2.1g,476733,$3.00,$3.00 / 1EA,https://www.woolworths.com.au/shop/productdetails/476733/mud-lipstick-barely-blushing,https://cdn0.woolworths.media/content/wowproductimages/medium/476733.jpg,2020-09-20 19:49:44,Average product rating out of 5: 3.0. Product score is based on 1 ratings,1,,True
48af7acc-70e3-40af-b68b-408c796eb211,Woolworths Supermarket,Health & Beauty,Benefiber Natural Fibre Supplement 500g,477035,$23.00,$4.60 / 100G,https://www.woolworths.com.au/shop/productdetails/477035/benefiber-natural-fibre-supplement,https://cdn0.woolworths.media/content/wowproductimages/medium/477035.jpg,2020-09-20 19:49:44,Average product rating out of 5: 4.7. Product score is based on 12 ratings,12,,True
98c43831-bd45-4f16-930d-d2f84d6ea4a2,Woolworths Supermarket,Health & Beauty,Ardell Lashes 120 Black each,480025,$11.00,$11.00 / 1EA,https://www.woolworths.com.au/shop/productdetails/480025/ardell-lashes-120-black,https://cdn0.woolworths.media/content/wowproductimages/medium/480025.jpg,2020-09-20 19:49:44,,0,,True
f8c80d2e-62a9-4fc9-83db-3d0aaae1855e,Woolworths Supermarket,Health & Beauty,Ogx Quenching & Coconut Curls Shampoo 385ml,486567,$10.00,$2.60 / 100ML,https://www.woolworths.com.au/shop/productdetails/486567/ogx-quenching-coconut-curls-shampoo,https://cdn0.woolworths.media/content/wowproductimages/medium/486567.jpg,2020-09-20 19:49:44,Average product rating out of 5: 4.1. Product score is based on 11 ratings,11,,True
9b1d3c51-5528-49be-a6de-ab3483f6eb1a,Woolworths Supermarket,Health & Beauty,Ogx Quenching & Coconut Curls Conditioner 385ml,486571,$10.00,$2.60 / 100ML,https://www.woolworths.com.au/shop/productdetails/486571/ogx-quenching-coconut-curls-conditioner,https://cdn0.woolworths.media/content/wowproductimages/medium/486571.jpg,2020-09-20 19:49:44,Average product rating out of 5: 4.3. Product score is based on 10 ratings,10,,True
abcc1b1e-5c4c-4878-bd48-b795673a926c,Woolworths Supermarket,Health & Beauty,Crankt Hplc Protein Shake Banana 375ml,506793,$4.00,$1.07 / 100ML,https://www.woolworths.com.au/shop/productdetails/506793/crankt-hplc-protein-shake-banana,https://cdn0.woolworths.media/content/wowproductimages/medium/506793.jpg,2020-09-20 19:49:44,Average product rating out of 5: 4.2. Product score is based on 5 ratings,5,,True
514d24c5-9cfe-432a-bc26-8c6f11caa9b5,Woolworths Supermarket,Health & Beauty,Vital Strength Muscle Plus Protein Powder Vanilla 720g,508146,$35.00,$4.86 / 100G,https://www.woolworths.com.au/shop/productdetails/508146/vital-strength-muscle-plus-protein-powder-vanilla,https://cdn0.woolworths.media/content/wowproductimages/medium/508146.jpg,2020-09-20 19:49:44,Average product rating out of 5: 2.7. Product score is based on 3 ratings,3,,True
9475e548-4a74-4932-98d3-723bb10a6077,Woolworths Supermarket,Health & Beauty,Vital Strength Lean Whey High Protein Powder Chocolate 720g,508149,$35.00,$4.86 / 100G,https://www.woolworths.com.au/shop/productdetails/508149/vital-strength-lean-whey-high-protein-powder-chocolate,https://cdn0.woolworths.media/content/wowproductimages/medium/508149.jpg,2020-09-20 19:49:44,Average product rating out of 5: 4.0. Product score is based on 2 ratings,2,,True
075c9a2b-383e-41f8-8f56-f9ac80081eb9,Woolworths Supermarket,Health & Beauty,Vital Strength Lean Whey High Protein Powder Vanilla 720g,508160,,,https://www.woolworths.com.au/shop/productdetails/508160/vital-strength-lean-whey-high-protein-powder-vanilla,https://cdn0.woolworths.media/content/wowproductimages/medium/508160.jpg,2020-09-20 19:49:44,Average product rating out of 5: 4.0. Product score is based on 1 ratings,1,,False
2805218a-95fd-453b-b708-4a7aaa34b17b,Woolworths Supermarket,Health & Beauty,Mud Velvet Matte Lipstick Timeless Taupe 3g,559226,$3.00,$10.00 / 10G,https://www.woolworths.com.au/shop/productdetails/559226/mud-velvet-matte-lipstick-timeless-taupe,https://cdn0.woolworths.media/content/wowproductimages/medium/559226.jpg,2020-09-20 19:49:44,,0,,True
34251de2-76cd-4a7c-864d-ec7af3b8201e,Woolworths Supermarket,Health & Beauty,Mud Full Colour Lip Lacquer Wild Mauve 14ml,559270,$3.00,$2.14 / 10ML,https://www.woolworths.com.au/shop/productdetails/559270/mud-full-colour-lip-lacquer-wild-mauve,https://cdn0.woolworths.media/content/wowproductimages/medium/559270.jpg,2020-09-20 19:49:44,,0,,True
1dfdcca0-e447-475b-b88a-4edfd2b017c5,Woolworths Supermarket,Health & Beauty,Nature's Way Activated Curcumin Turmeric Concentrate Joint Ease 50 pack,566520,$36.00,$72.00 / 100EA,https://www.woolworths.com.au/shop/productdetails/566520/nature-s-way-activated-curcumin-turmeric-concentrate-joint-ease,https://cdn0.woolworths.media/content/wowproductimages/medium/566520.jpg,2020-09-20 19:49:44,Average product rating out of 5: 4.3. Product score is based on 3 ratings,3,,True
da568cea-dc0b-4d7a-96e5-8d5af28fad20,Woolworths Supermarket,Health & Beauty,Listerine Total Care Zero Alcohol Mouthwash 500ml,569369,$7.00,$1.40 / 100ML,https://www.woolworths.com.au/shop/productdetails/569369/listerine-total-care-zero-alcohol-mouthwash,https://cdn0.woolworths.media/content/wowproductimages/medium/569369.jpg,2020-09-20 19:49:44,Average product rating out of 5: 4.4. Product score is based on 11 ratings,11,,True
1e1935e5-5886-4c2a-8fd9-7d6f6d0302a7,Woolworths Supermarket,Health & Beauty,Nature's Way Kids Smart Triple Strength Dha 50 pack,572117,$22.00,$44.00 / 100EA,https://www.woolworths.com.au/shop/productdetails/572117/nature-s-way-kids-smart-triple-strength-dha,https://cdn0.woolworths.media/content/wowproductimages/medium/572117.jpg,2020-09-20 19:49:44,Average product rating out of 5: 5.0. Product score is based on 1 ratings,1,,True
92d263ba-610b-467c-a29b-600308a1afa8,Woolworths Supermarket,Health & Beauty,Body Science High Protein Low Carb Bar Rocky Road 60g,600474,$4.00,$6.67 / 100G,https://www.woolworths.com.au/shop/productdetails/600474/body-science-high-protein-low-carb-bar-rocky-road,https://cdn0.woolworths.media/content/wowproductimages/medium/600474.jpg,2020-09-20 19:49:44,Average product rating out of 5: 4.2. Product score is based on 5 ratings,5,,True
0306d1b1-5d27-4d20-8d03-df4d2faeb366,Woolworths Supermarket,Health & Beauty,Ogx Coconut Miracle Oil Extra Strength Conditioner 385ml,601150,$10.50,$2.73 / 100ML,https://www.woolworths.com.au/shop/productdetails/601150/ogx-coconut-miracle-oil-extra-strength-conditioner,https://cdn0.woolworths.media/content/wowproductimages/medium/601150.jpg,2020-09-20 19:49:44,Average product rating out of 5: 4.3. Product score is based on 4 ratings,4,,True
101218c3-0507-49a7-b4b2-49bfa84a666f,Woolworths Supermarket,Health & Beauty,Garnier Micellar Cleansing Water 700ml,611753,$14.00,$2.00 / 100ML,https://www.woolworths.com.au/shop/productdetails/611753/garnier-micellar-cleansing-water,https://cdn0.woolworths.media/content/wowproductimages/medium/611753.jpg,2020-09-20 19:49:44,,0,,True
63e8b59c-1ba7-47e0-92a4-98d221650a2a,Woolworths Supermarket,Health & Beauty,L'oreal Paris Colorista Wash Out Turquoise each,620885,$8.25,,https://www.woolworths.com.au/shop/productdetails/620885/l-oreal-paris-colorista-wash-out-turquoise,https://cdn0.woolworths.media/content/wowproductimages/medium/620885.jpg,2020-09-20 19:49:44,,0,,True
d506dfd6-f071-4f1c-8019-b3feea3c6586,Woolworths Supermarket,Health & Beauty,Cellucor C4 Sport Powder Watermelon 285g,624030,$40.00,$14.04 / 100G,https://www.woolworths.com.au/shop/productdetails/624030/cellucor-c4-sport-powder-watermelon,https://cdn0.woolworths.media/content/wowproductimages/medium/624030.jpg,2020-09-20 19:49:44,Average product rating out of 5: 5.0. Product score is based on 1 ratings,1,,True
a617b092-39ce-41ec-a4a3-9f873498804a,Woolworths Supermarket,Health & Beauty,Naturopathica Fat Blaster Raspberry Shake 430g,627673,$20.00,$4.65 / 100G,https://www.woolworths.com.au/shop/productdetails/627673/naturopathica-fat-blaster-raspberry-shake,https://cdn0.woolworths.media/content/wowproductimages/medium/627673.jpg,2020-09-20 19:49:44,Average product rating out of 5: 4.5. Product score is based on 2 ratings,2,,True
77c8c63d-c29f-41f7-b092-f92ed9162ed0,Woolworths Supermarket,Health & Beauty,Musashi Shred & Burn Protein Bar Cookies & Cream 60g,631240,$4.20,$7.00 / 100G,https://www.woolworths.com.au/shop/productdetails/631240/musashi-shred-burn-protein-bar-cookies-cream,https://cdn0.woolworths.media/content/wowproductimages/medium/631240.jpg,2020-09-20 19:49:44,,0,,True
e00e96dd-e45f-49f1-8994-6715c196d95a,Woolworths Supermarket,Health & Beauty,Nature's Way Daily Probiotic Capsules 30 pack,642323,$15.00,$50.00 / 100EA,https://www.woolworths.com.au/shop/productdetails/642323/nature-s-way-daily-probiotic-capsules,https://cdn0.woolworths.media/content/wowproductimages/medium/642323.jpg,2020-09-20 19:49:44,Average product rating out of 5: 4.8. Product score is based on 4 ratings,4,,True
9b0dd442-aaab-44fa-8fa7-53b968faced9,Woolworths Supermarket,Health & Beauty,Revlon Colorstay For Normal & Dry Skin Buff Foundation 30ml,668717,$35.00,$11.67 / 10ML,https://www.woolworths.com.au/shop/productdetails/668717/revlon-colorstay-for-normal-dry-skin-buff-foundation,https://cdn0.woolworths.media/content/wowproductimages/medium/668717.jpg,2020-09-20 19:49:44,,0,,True
0f2de27c-198b-4448-9aa5-054747215ad2,Woolworths Supermarket,Health & Beauty,Revlon Colorstay Skin Nude Foundation 30ml,668727,$35.00,$11.67 / 10ML,https://www.woolworths.com.au/shop/productdetails/668727/revlon-colorstay-skin-nude-foundation,https://cdn0.woolworths.media/content/wowproductimages/medium/668727.jpg,2020-09-20 19:49:44,Average product rating out of 5: 5.0. Product score is based on 2 ratings,2,,True
5eaa4405-fe2e-4f84-9345-d4e4d0dec018,Woolworths Supermarket,Health & Beauty,Revlon Colorstay For Normal & Dry Skin Natural Beige Foundation 30ml,668728,$35.00,$11.67 / 10ML,https://www.woolworths.com.au/shop/productdetails/668728/revlon-colorstay-for-normal-dry-skin-natural-beige-foundation,https://cdn0.woolworths.media/content/wowproductimages/medium/668728.jpg,2020-09-20 19:49:44,Average product rating out of 5: 4.0. Product score is based on 1 ratings,1,,True
a3fb5e2a-0ba9-4eb6-aea4-d38dc20d2f73,Woolworths Supermarket,Health & Beauty,Revlon Colorstay For Normal & Dry Skin Medium Beige Foundation 30ml,668729,$35.00,$11.67 / 10ML,https://www.woolworths.com.au/shop/productdetails/668729/revlon-colorstay-for-normal-dry-skin-medium-beige-foundation,https://cdn0.woolworths.media/content/wowproductimages/medium/668729.jpg,2020-09-20 19:49:44,Average product rating out of 5: 5.0. Product score is based on 1 ratings,1,,True
c8761c8a-0901-484c-af16-65fd48adf097,Woolworths Supermarket,Health & Beauty,Revlon Colorstay For Normal & Dry Skin Sand Beige Foundation each,668730,$35.00,$11.67 / 10ML,https://www.woolworths.com.au/shop/productdetails/668730/revlon-colorstay-for-normal-dry-skin-sand-beige-foundation,https://cdn0.woolworths.media/content/wowproductimages/medium/668730.jpg,2020-09-20 19:49:44,Average product rating out of 5: 5.0. Product score is based on 2 ratings,2,,True
a3e207aa-8436-4468-a1c7-9db87c380040,Woolworths Supermarket,Health & Beauty,Revlon Colorstay Concealer Light 6.2ml,668731,$27.00,$43.55 / 10ML,https://www.woolworths.com.au/shop/productdetails/668731/revlon-colorstay-concealer-light,https://cdn0.woolworths.media/content/wowproductimages/medium/668731.jpg,2020-09-20 19:49:44,Average product rating out of 5: 4.0. Product score is based on 1 ratings,1,,True
bb69d41d-580c-4e17-b2cd-a454b19ec97d,Woolworths Supermarket,Health & Beauty,Revlon Colorstay For Normal & Dry Skin Fresh Beige Foundation 30ml,668741,$35.00,$11.67 / 10ML,https://www.woolworths.com.au/shop/productdetails/668741/revlon-colorstay-for-normal-dry-skin-fresh-beige-foundation,https://cdn0.woolworths.media/content/wowproductimages/medium/668741.jpg,2020-09-20 19:49:44,,0,,True
1f7417dd-e894-4569-bb90-ed595d600f9d,Woolworths Supermarket,Health & Beauty,Revlon Colorstay Concealer Light Medium 6.2ml,668749,$27.00,$43.55 / 10ML,https://www.woolworths.com.au/shop/productdetails/668749/revlon-colorstay-concealer-light-medium,https://cdn0.woolworths.media/content/wowproductimages/medium/668749.jpg,2020-09-20 19:49:44,,0,,True
9ae1165c-2cad-480d-a3e3-330571ef05f5,Woolworths Supermarket,Health & Beauty,Revlon Powder Blush Naughty Nude 5.0g,668760,$27.00,$54.00 / 10G,https://www.woolworths.com.au/shop/productdetails/668760/revlon-powder-blush-naughty-nude,https://cdn0.woolworths.media/content/wowproductimages/medium/668760.jpg,2020-09-20 19:49:44,,0,,True
1c4ce6c3-0431-401f-82f6-2e8d368b57ab,Woolworths Supermarket,Health & Beauty,Revlon Ultimate All-in-one Mascara Blackest Black 8.5ml,669166,$24.00,$28.24 / 10ML,https://www.woolworths.com.au/shop/productdetails/669166/revlon-ultimate-all-in-one-mascara-blackest-black,https://cdn0.woolworths.media/content/wowproductimages/medium/669166.jpg,2020-09-20 19:49:44,Average product rating out of 5: 5.0. Product score is based on 1 ratings,1,,True
ac8ad5a5-4f51-4769-8039-35712ada1278,Woolworths Supermarket,Health & Beauty,Revlon Volume + Length Magnified Mascara Blackest Black 8.5ml,669176,$22.00,$25.88 / 10ML,https://www.woolworths.com.au/shop/productdetails/669176/revlon-volume-length-magnified-mascara-blackest-black,https://cdn0.woolworths.media/content/wowproductimages/medium/669176.jpg,2020-09-20 19:49:44,Average product rating out of 5: 4.0. Product score is based on 1 ratings,1,,True
77dd0763-9dbc-477e-89bf-019ff2a7bf33,Woolworths Supermarket,Health & Beauty,Revlon Volume + Length Blackest Black Waterproof Magnified Mascara 8.5ml,669187,$22.00,$25.88 / 10ML,https://www.woolworths.com.au/shop/productdetails/669187/revlon-volume-length-blackest-black-waterproof-magnified-mascara,https://cdn0.woolworths.media/content/wowproductimages/medium/669187.jpg,2020-09-20 19:49:44,Average product rating out of 5: 4.5. Product score is based on 2 ratings,2,,True
a7e5b32b-1456-458e-b4d3-f1a259613cd4,Woolworths Supermarket,Health & Beauty,Revlon Colorstay Lipliner Blush 0.28g,669208,$23.00,$821.43 / 10G,https://www.woolworths.com.au/shop/productdetails/669208/revlon-colorstay-lipliner-blush,https://cdn0.woolworths.media/content/wowproductimages/medium/669208.jpg,2020-09-20 19:49:44,,0,,True
1acc3c30-6077-42a2-95d4-39e5f9d7795d,Woolworths Supermarket,Health & Beauty,Revlon Colorstay Lipliner Nude 0.28g,669209,$23.00,$821.43 / 10G,https://www.woolworths.com.au/shop/productdetails/669209/revlon-colorstay-lipliner-nude,https://cdn0.woolworths.media/content/wowproductimages/medium/669209.jpg,2020-09-20 19:49:44,,0,,True
7d68e1a2-ed17-43a4-b344-519363d039ff,Woolworths Supermarket,Health & Beauty,Revlon Ultra Hd Matte Lipcolor Seduction Lipstick 5.9ml,669211,$25.00,$42.37 / 10ML,https://www.woolworths.com.au/shop/productdetails/669211/revlon-ultra-hd-matte-lipcolor-seduction-lipstick,https://cdn0.woolworths.media/content/wowproductimages/medium/669211.jpg,2020-09-20 19:49:44,Average product rating out of 5: 5.0. Product score is based on 1 ratings,1,,True
ff6b63ef-1b01-438d-9209-aa3e28dea5a8,Woolworths Supermarket,Health & Beauty,Revlon Colorstay Pressed Powder Light 8.4g,669220,$35.00,$41.67 / 10G,https://www.woolworths.com.au/shop/productdetails/669220/revlon-colorstay-pressed-powder-light,https://cdn0.woolworths.media/content/wowproductimages/medium/669220.jpg,2020-09-20 19:49:44,,0,,True
a80d92d9-25aa-44dc-8d4b-05bbba8bf81a,Woolworths Supermarket,Health & Beauty,Revlon Colorstay Brow Makeup Pencil Dark Brown 0.35g,669223,$23.00,$657.14 / 10G,https://www.woolworths.com.au/shop/productdetails/669223/revlon-colorstay-brow-makeup-pencil-dark-brown,https://cdn0.woolworths.media/content/wowproductimages/medium/669223.jpg,2020-09-20 19:49:44,Average product rating out of 5: 3.0. Product score is based on 1 ratings,1,,True
c4615705-aaaa-4ebc-9d58-4517fa2ce98e,Woolworths Supermarket,Health & Beauty,Revlon Colorstay Pressed Powder Medium 8.4g,669232,$35.00,$41.67 / 10G,https://www.woolworths.com.au/shop/productdetails/669232/revlon-colorstay-pressed-powder-medium,https://cdn0.woolworths.media/content/wowproductimages/medium/669232.jpg,2020-09-20 19:49:44,Average product rating out of 5: 4.0. Product score is based on 1 ratings,1,,True
3809caef-e5cb-40ea-9d6b-bdf35d2fc854,Woolworths Supermarket,Health & Beauty,Revlon Photoready Perfecting Makeup Primer 27ml,669233,$30.00,$11.11 / 10ML,https://www.woolworths.com.au/shop/productdetails/669233/revlon-photoready-perfecting-makeup-primer,https://cdn0.woolworths.media/content/wowproductimages/medium/669233.jpg,2020-09-20 19:49:44,Average product rating out of 5: 4.8. Product score is based on 6 ratings,6,,True
63eec5c6-34dd-41ae-816d-10ca1f10a861,Woolworths Supermarket,Health & Beauty,Revlon Colorstay 16hr Eyeshadow Addictive 4.8g,669234,$25.00,$52.08 / 10G,https://www.woolworths.com.au/shop/productdetails/669234/revlon-colorstay-16hr-eyeshadow-addictive,https://cdn0.woolworths.media/content/wowproductimages/medium/669234.jpg,2020-09-20 19:49:44,,0,,True
59b0af42-f318-4257-8005-fc877da5708e,Woolworths Supermarket,Health & Beauty,Revlon Colorstay Eye Liner Black 0.28g,669242,$24.00,$857.14 / 10G,https://www.woolworths.com.au/shop/productdetails/669242/revlon-colorstay-eye-liner-black,https://cdn0.woolworths.media/content/wowproductimages/medium/669242.jpg,2020-09-20 19:49:44,Average product rating out of 5: 5.0. Product score is based on 1 ratings,1,,True
b03660db-49c6-4df8-b8b9-c7352d154d10,Woolworths Supermarket,Health & Beauty,Revlon Colorstay Eye Liner Black Brown 0.28g,669254,$24.00,$857.14 / 10G,https://www.woolworths.com.au/shop/productdetails/669254/revlon-colorstay-eye-liner-black-brown,https://cdn0.woolworths.media/content/wowproductimages/medium/669254.jpg,2020-09-20 19:49:44,,0,,True
b4c7717f-968d-4e1a-b9da-c8a96c948151,Woolworths Supermarket,Health & Beauty,Revlon Colorstay Overtime Lipcolor Endless Spice Lipstick 2.0ml,669963,$28.00,$140.00 / 10ML,https://www.woolworths.com.au/shop/productdetails/669963/revlon-colorstay-overtime-lipcolor-endless-spice-lipstick,https://cdn0.woolworths.media/content/wowproductimages/medium/669963.jpg,2020-09-20 19:49:44,Average product rating out of 5: 5.0. Product score is based on 1 ratings,1,,True
95f17eb4-4660-4fc4-99ff-51594dcc3d15,Woolworths Supermarket,Health & Beauty,Revlon Colorstay Overtime Lipcolor Bare Maximum Lipstick 2.0ml,669965,$28.00,$140.00 / 10ML,https://www.woolworths.com.au/shop/productdetails/669965/revlon-colorstay-overtime-lipcolor-bare-maximum-lipstick,https://cdn0.woolworths.media/content/wowproductimages/medium/669965.jpg,2020-09-20 19:49:44,,0,,True
06ca5747-fb8d-4a8f-b7b8-bfb66f6fd2dc,Woolworths Supermarket,Health & Beauty,Revlon Colorstay Overtime Lipcolor Infinite Raspberry Lipstick 2.0ml,669971,$28.00,$140.00 / 10ML,https://www.woolworths.com.au/shop/productdetails/669971/revlon-colorstay-overtime-lipcolor-infinite-raspberry-lipstick,https://cdn0.woolworths.media/content/wowproductimages/medium/669971.jpg,2020-09-20 19:49:44,Average product rating out of 5: 4.0. Product score is based on 1 ratings,1,,True
8914080f-00a9-4853-b1eb-2aab70791f4d,Woolworths Supermarket,Health & Beauty,Mud 2in1 Nail Polish Base Top Coat each,671355,$3.00,$3.00 / 1EA,https://www.woolworths.com.au/shop/productdetails/671355/mud-2in1-nail-polish-base-top-coat,https://cdn0.woolworths.media/content/wowproductimages/medium/671355.jpg,2020-09-20 19:49:44,Average product rating out of 5: 4.0. Product score is based on 1 ratings,1,Was $3.50 08/05/2017,True
30eefc48-ca66-4050-a22d-30c6386e1cbc,Woolworths Supermarket,Health & Beauty,Mud Silicone Blender each,671454,$3.00,$3.00 / 1EA,https://www.woolworths.com.au/shop/productdetails/671454/mud-silicone-blender,https://cdn0.woolworths.media/content/wowproductimages/medium/671454.jpg,2020-09-20 19:49:44,,0,,True
e9ca1300-a556-4af8-9cdf-3031394cf5b2,Woolworths Supermarket,Health & Beauty,Revlon Mega Multiplier Mascara Blackest Black 8.5ml,672023,$24.00,$28.24 / 10ML,https://www.woolworths.com.au/shop/productdetails/672023/revlon-mega-multiplier-mascara-blackest-black,https://cdn0.woolworths.media/content/wowproductimages/medium/672023.jpg,2020-09-20 19:49:44,Average product rating out of 5: 3.0. Product score is based on 2 ratings,2,,True
7191c5e6-cc9c-4183-9587-6d223dba1d3a,Woolworths Supermarket,Health & Beauty,Skin Republic Facial Mask Charcoal Peel Off each,675414,$5.00,$20.00 / 100ML,https://www.woolworths.com.au/shop/productdetails/675414/skin-republic-facial-mask-charcoal-peel-off,https://cdn0.woolworths.media/content/wowproductimages/medium/675414.jpg,2020-09-20 19:49:44,Average product rating out of 5: 4.0. Product score is based on 5 ratings,5,,True
00cef9e6-a96a-4743-a8b2-0255d7462897,Woolworths Supermarket,Health & Beauty,Swisse Odourless High Strength Wild Fish Oil 400 capsules,679056,$17.50,$4.38 / 100EA,https://www.woolworths.com.au/shop/productdetails/679056/swisse-odourless-high-strength-wild-fish-oil,https://cdn0.woolworths.media/content/wowproductimages/medium/679056.jpg,2020-09-20 19:49:44,Average product rating out of 5: 4.5. Product score is based on 4 ratings,4,,True
9c4f7919-1a0e-4034-a4bc-71985a7333af,Woolworths Supermarket,Health & Beauty,Garnier Olia Bold Permanent Hair Colour 4.26 Rose Violet each,683526,$11.90,,https://www.woolworths.com.au/shop/productdetails/683526/garnier-olia-bold-permanent-hair-colour-4-26-rose-violet,https://cdn0.woolworths.media/content/wowproductimages/medium/683526.jpg,2020-09-20 19:49:44,,0,,True
ce73ea8f-93df-47de-89cc-92f27051c5cf,Woolworths Supermarket,Health & Beauty,Garnier Olia Bold Permanent Hair Colour 7.22 Deep Rose each,683527,$11.90,,https://www.woolworths.com.au/shop/productdetails/683527/garnier-olia-bold-permanent-hair-colour-7-22-deep-rose,https://cdn0.woolworths.media/content/wowproductimages/medium/683527.jpg,2020-09-20 19:49:44,,0,,True
e6980eae-0625-42dd-ba22-0338df5a0adf,Woolworths Supermarket,Health & Beauty,Organic Care Shampoo Coco Repair 400ml,683735,$1.75,$0.44 / 100ML,https://www.woolworths.com.au/shop/productdetails/683735/organic-care-shampoo-coco-repair,https://cdn0.woolworths.media/content/wowproductimages/medium/683735.jpg,2020-09-20 19:49:44,Average product rating out of 5: 4.6. Product score is based on 11 ratings,11,,True
5f374a65-b0c9-4a79-b107-843b32116133,Woolworths Supermarket,Health & Beauty,Schwarzkopf Colour Specialist 1.0 Opulent Black each,683756,$11.40,$11.40 / 1EA,https://www.woolworths.com.au/shop/productdetails/683756/schwarzkopf-colour-specialist-1-0-opulent-black,https://cdn0.woolworths.media/content/wowproductimages/medium/683756.jpg,2020-09-20 19:49:44,,0,,True
954af414-b802-48ac-a765-f090a9bad3a1,Woolworths Supermarket,Health & Beauty,L'oreal Men Expert Carbon Shower Gel Total Action 300ml,687981,$3.00,$1.00 / 100ML,https://www.woolworths.com.au/shop/productdetails/687981/l-oreal-men-expert-carbon-shower-gel-total-action,https://cdn0.woolworths.media/content/wowproductimages/medium/687981.jpg,2020-09-20 19:49:44,,0,,True
608a63c2-d0d8-4e00-8408-74930f094163,Woolworths Supermarket,Health & Beauty,Mud Transparent Loose Finishing Powder each,688192,$4.50,$4.50 / 10G,https://www.woolworths.com.au/shop/productdetails/688192/mud-transparent-loose-finishing-powder,https://cdn0.woolworths.media/content/wowproductimages/medium/688192.jpg,2020-09-20 19:49:44,Average product rating out of 5: 5.0. Product score is based on 1 ratings,1,,True
0aa8b2fb-cb35-4e95-821e-8e6cde5adfde,Woolworths Supermarket,Health & Beauty,Schwarzkopf Brilliance 23 Burgundy Chic each,697249,$14.40,,https://www.woolworths.com.au/shop/productdetails/697249/schwarzkopf-brilliance-23-burgundy-chic,https://cdn0.woolworths.media/content/wowproductimages/medium/697249.jpg,2020-09-20 19:49:44,Average product rating out of 5: 4.5. Product score is based on 2 ratings,2,,True
276517a0-a167-47b5-88af-91c4af42de57,Woolworths Supermarket,Health & Beauty,Hydralyte Sports Ready To Drink Orange 600ml,700311,$4.00,$0.67 / 100ML,https://www.woolworths.com.au/shop/productdetails/700311/hydralyte-sports-ready-to-drink-orange,https://cdn0.woolworths.media/content/wowproductimages/medium/700311.jpg,2020-09-20 19:49:44,,0,,True
6d1e3b9e-eeec-49ce-9185-24cab94d197f,Woolworths Supermarket,Health & Beauty,Schwarzkopf Live Salon Hair Colour 4.0 Medium Brown each,705146,$14.00,,https://www.woolworths.com.au/shop/productdetails/705146/schwarzkopf-live-salon-hair-colour-4-0-medium-brown,https://cdn0.woolworths.media/content/wowproductimages/medium/705146.jpg,2020-09-20 19:49:44,Average product rating out of 5: 2.5. Product score is based on 2 ratings,2,,True
1f72d44f-d92c-40ef-8d20-938da4cc7cc7,Woolworths Supermarket,Health & Beauty,Schwarzkopf Live Salon Hair Colour 1.1 Blue Black each,705173,$14.00,,https://www.woolworths.com.au/shop/productdetails/705173/schwarzkopf-live-salon-hair-colour-1-1-blue-black,https://cdn0.woolworths.media/content/wowproductimages/medium/705173.jpg,2020-09-20 19:49:44,Average product rating out of 5: 3.0. Product score is based on 2 ratings,2,,True
5b39fb55-779e-409b-964a-43ab67d54e4b,Woolworths Supermarket,Health & Beauty,Centrum Kids Incremin Iron 200ml,706479,$17.00,$8.50 / 100ML,https://www.woolworths.com.au/shop/productdetails/706479/centrum-kids-incremin-iron,https://cdn0.woolworths.media/content/wowproductimages/medium/706479.jpg,2020-09-20 19:49:44,Average product rating out of 5: 5.0. Product score is based on 1 ratings,1,,True
9fcb4dc5-d99e-4c74-b98d-93793b7f8a4c,Woolworths Supermarket,Health & Beauty,Revlon Mineral Powder Make Up Light/medium 28.3g,710897,$30.00,$10.60 / 10G,https://www.woolworths.com.au/shop/productdetails/710897/revlon-mineral-powder-make-up-light-medium,https://cdn0.woolworths.media/content/wowproductimages/medium/710897.jpg,2020-09-20 19:49:44,Average product rating out of 5: 4.0. Product score is based on 4 ratings,4,,True
9ee7fee5-3fe5-4459-9a2e-a8698f234f9f,Woolworths Supermarket,Health & Beauty,Atkins Advantage Bar Chocolate & Mint 60g,730676,$4.50,$7.50 / 100G,https://www.woolworths.com.au/shop/productdetails/730676/atkins-advantage-bar-chocolate-mint,https://cdn0.woolworths.media/content/wowproductimages/medium/730676.jpg,2020-09-20 19:49:44,,0,,True
2bc78951-3d2e-41a7-9484-8df6fb8bd89f,Woolworths Supermarket,Health & Beauty,Celebrity Slim Low Carb Shake Mix 7 Day Meal Replacement Assort 14pk,738842,$43.00,$3.07 / 1EA,https://www.woolworths.com.au/shop/productdetails/738842/celebrity-slim-low-carb-shake-mix-7-day-meal-replacement-assort,https://cdn0.woolworths.media/content/wowproductimages/medium/738842.jpg,2020-09-20 19:49:44,Average product rating out of 5: 4.0. Product score is based on 10 ratings,10,,True
e1ee5e46-9bba-485e-8681-6d4df5c71554,Woolworths Supermarket,Health & Beauty,Eylure Eyelashes Ready To Wear 117 each,741308,$10.00,,https://www.woolworths.com.au/shop/productdetails/741308/eylure-eyelashes-ready-to-wear-117,https://cdn0.woolworths.media/content/wowproductimages/medium/741308.jpg,2020-09-20 19:49:44,,0,,True
bc98ec46-c976-485f-bb45-2d5a9585572b,Woolworths Supermarket,Health & Beauty,Schwarzkopf Hair Mascara Temporary Grey Cover Up Medium Brown each,742018,$22.00,$137.50 / 100ML,https://www.woolworths.com.au/shop/productdetails/742018/schwarzkopf-hair-mascara-temporary-grey-cover-up-medium-brown,https://cdn0.woolworths.media/content/wowproductimages/medium/742018.jpg,2020-09-20 19:49:44,,0,,True
1b24fbf6-1aa8-4e17-a4be-39b1e4cbfa59,Woolworths Supermarket,Health & Beauty,Schwarzkopf Hair Mascara Temporary Grey Dark Blonde each,742050,$22.00,$137.50 / 100ML,https://www.woolworths.com.au/shop/productdetails/742050/schwarzkopf-hair-mascara-temporary-grey-dark-blonde,https://cdn0.woolworths.media/content/wowproductimages/medium/742050.jpg,2020-09-20 19:49:44,,0,,True
0c11f1ee-fcf3-41a3-b4d7-6d7a1ca40354,Woolworths Supermarket,Health & Beauty,Schwarzkopf Hair Mascara Temporary Grey Cover Up Black each,742088,$22.00,$137.50 / 100ML,https://www.woolworths.com.au/shop/productdetails/742088/schwarzkopf-hair-mascara-temporary-grey-cover-up-black,https://cdn0.woolworths.media/content/wowproductimages/medium/742088.jpg,2020-09-20 19:49:44,,0,,True
eb2aaa94-6735-4578-b498-50f18e73bb9c,Woolworths Supermarket,Health & Beauty,U By Kotex Ultrathin Pads Regular Non Wings 14pk,748416,$2.80,$0.20 / 1EA,https://www.woolworths.com.au/shop/productdetails/748416/u-by-kotex-ultrathin-pads-regular-non-wings,https://cdn0.woolworths.media/content/wowproductimages/medium/748416.jpg,2020-09-20 19:49:44,,0,,True
60a9aa02-57a8-49dc-bd44-014e3bf6e4ba,Woolworths Supermarket,Health & Beauty,Depend Real Fit For Men Underwear Medium 8pk,748532,$13.00,$1.63 / 1EA,https://www.woolworths.com.au/shop/productdetails/748532/depend-real-fit-for-men-underwear-medium,https://cdn0.woolworths.media/content/wowproductimages/medium/748532.jpg,2020-09-20 19:49:44,,0,Was $13.99 18/04/2017,True
d9103efe-2d74-4bea-9294-ede39d5bf419,Woolworths Supermarket,Health & Beauty,Maybelline Dream Satin Bb Cream - Fair 30ml,749337,$10.20,$3.40 / 10ML,https://www.woolworths.com.au/shop/productdetails/749337/maybelline-dream-satin-bb-cream-fair,https://cdn0.woolworths.media/content/wowproductimages/medium/749337.jpg,2020-09-20 19:49:44,Average product rating out of 5: 5.0. Product score is based on 1 ratings,1,,True
c357f736-75b0-4926-b49b-e424c95447ce,Woolworths Supermarket,Health & Beauty,Maybelline Dream Satin Bb Cream - Light/medium each,749374,$10.20,$3.40 / 10ML,https://www.woolworths.com.au/shop/productdetails/749374/maybelline-dream-satin-bb-cream-light-medium,https://cdn0.woolworths.media/content/wowproductimages/medium/749374.jpg,2020-09-20 19:49:44,Average product rating out of 5: 4.5. Product score is based on 4 ratings,4,,True
9f3dca62-3848-4a51-8cdd-93d58d5d198c,Woolworths Supermarket,Health & Beauty,Garnier Olia Permanent Hair Colour 1.0 Deep Black each,754004,$11.90,,https://www.woolworths.com.au/shop/productdetails/754004/garnier-olia-permanent-hair-colour-1-0-deep-black,https://cdn0.woolworths.media/content/wowproductimages/medium/754004.jpg,2020-09-20 19:49:44,Average product rating out of 5: 4.0. Product score is based on 1 ratings,1,,True
2a594342-b6a4-4e44-b3fc-60a293b4ce5d,Woolworths Supermarket,Health & Beauty,Garnier Olia Permanent Hair Colour 5.3 Golden Brown each,754006,$11.90,,https://www.woolworths.com.au/shop/productdetails/754006/garnier-olia-permanent-hair-colour-5-3-golden-brown,https://cdn0.woolworths.media/content/wowproductimages/medium/754006.jpg,2020-09-20 19:49:44,Average product rating out of 5: 5.0. Product score is based on 2 ratings,2,,True
d84a7831-cf46-4a6e-95a3-b8899146147e,Woolworths Supermarket,Health & Beauty,Organic Care Dry Shampoo 725ml,759539,$3.00,$0.41 / 100ML,https://www.woolworths.com.au/shop/productdetails/759539/organic-care-dry-shampoo,https://cdn0.woolworths.media/content/wowproductimages/medium/759539.jpg,2020-09-20 19:49:44,,0,,True
e64b7c6c-b8bf-4cfa-a05b-57093e6890cd,Woolworths Supermarket,Health & Beauty,Mcobeauty Xtendlash each,763392,$11.90,$17.00 / 10ML,https://www.woolworths.com.au/shop/productdetails/763392/mcobeauty-xtendlash,https://cdn0.woolworths.media/content/wowproductimages/medium/763392.jpg,2020-09-20 19:49:44,Average product rating out of 5: 4.3. Product score is based on 24 ratings,24,,True
df268252-7f27-459a-9167-86317eedee4b,Woolworths Supermarket,Health & Beauty,Old Spice Aftershave Lotion 125ml,764726,$15.00,$12.00 / 100ML,https://www.woolworths.com.au/shop/productdetails/764726/old-spice-aftershave-lotion,https://cdn0.woolworths.media/content/wowproductimages/medium/764726.jpg,2020-09-20 19:49:44,Average product rating out of 5: 5.0. Product score is based on 2 ratings,2,,True
f9e69efa-5a04-487a-b9cc-d49fc4fcddc4,Woolworths Supermarket,Health & Beauty,Urbane Mess Wax Molding Clay 85g,765970,$8.00,$9.41 / 100G,https://www.woolworths.com.au/shop/productdetails/765970/urbane-mess-wax-molding-clay,https://cdn0.woolworths.media/content/wowproductimages/medium/765970.jpg,2020-09-20 19:49:44,,0,,True
37d89cdf-edf1-4988-9451-3420dbdb05b0,Woolworths Supermarket,Health & Beauty,Blackmores Horseradish Garlic Plus 50pk,771915,$17.50,$35.00 / 100EA,https://www.woolworths.com.au/shop/productdetails/771915/blackmores-horseradish-garlic-plus,https://cdn0.woolworths.media/content/wowproductimages/medium/771915.jpg,2020-09-20 19:49:44,Average product rating out of 5: 5.0. Product score is based on 3 ratings,3,,True
ef154838-ef15-4f52-9cd1-6409bb3e9590,Woolworths Supermarket,Health & Beauty,Brite Semi Permanent Hair Colour Colour Limited Edition Red 75ml,781823,$10.00,$13.33 / 100ML,https://www.woolworths.com.au/shop/productdetails/781823/brite-semi-permanent-hair-colour-colour-limited-edition-red,https://cdn0.woolworths.media/content/wowproductimages/medium/781823.jpg,2020-09-20 19:49:44,Average product rating out of 5: 4.7. Product score is based on 3 ratings,3,,True
26198386-2dee-4984-99ad-3bd323a7aaa2,Woolworths Supermarket,Health & Beauty,Lux Velvety Skin Bar Soap Soft Caress 8x85g,786204,$4.80,$0.71 / 100G,https://www.woolworths.com.au/shop/productdetails/786204/lux-velvety-skin-bar-soap-soft-caress,https://cdn0.woolworths.media/content/wowproductimages/medium/786204.jpg,2020-09-20 19:49:44,Average product rating out of 5: 4.8. Product score is based on 16 ratings,16,,True
e5fca2fd-948b-4f23-b728-36ddcafd273e,Woolworths Supermarket,Health & Beauty,Schwarzkopf Live Colour Ultra Brights Pillar Box Red each,789225,$5.50,,https://www.woolworths.com.au/shop/productdetails/789225/schwarzkopf-live-colour-ultra-brights-pillar-box-red,https://cdn0.woolworths.media/content/wowproductimages/medium/789225.jpg,2020-09-20 19:49:44,,0,,True
adc65a7c-9054-4cab-bef3-c043e042e636,Woolworths Supermarket,Health & Beauty,L'oreal Revitalift Day Cream Spf15 50ml,794274,$16.50,$33.00 / 100ML,https://www.woolworths.com.au/shop/productdetails/794274/l-oreal-revitalift-day-cream-spf15,https://cdn0.woolworths.media/content/wowproductimages/medium/794274.jpg,2020-09-20 19:49:44,Average product rating out of 5: 4.5. Product score is based on 8 ratings,8,,True
376754a2-b92a-4d37-874f-a099d4ff268b,Woolworths Supermarket,Health & Beauty,Crampeze Night Cramps Tablets Forte 30 pack,800057,$20.00,$66.67 / 100EA,https://www.woolworths.com.au/shop/productdetails/800057/crampeze-night-cramps-tablets-forte,https://cdn0.woolworths.media/content/wowproductimages/medium/800057.jpg,2020-09-20 19:49:44,,0,,True
2b73c82a-9db6-4691-a2dd-f53bfb427f99,Woolworths Supermarket,Health & Beauty,Duo Striplash Adhesive Clear 7g,803630,$10.00,$10.00 / 1EA,https://www.woolworths.com.au/shop/productdetails/803630/duo-striplash-adhesive-clear,https://cdn0.woolworths.media/content/wowproductimages/medium/803630.jpg,2020-09-20 19:49:44,,0,,True
dd6ec333-4542-417f-9c07-ae45c4717716,Woolworths Supermarket,Health & Beauty,Ardell Faux Mink 811 Eyelashes each,803633,$13.00,$13.00 / 1EA,https://www.woolworths.com.au/shop/productdetails/803633/ardell-faux-mink-811-eyelashes,https://cdn0.woolworths.media/content/wowproductimages/medium/803633.jpg,2020-09-20 19:49:44,,0,,True
4eddff7e-11a8-47b7-a60f-e85e39ae1911,Woolworths Supermarket,Health & Beauty,Revlon Super Lustrous Lipstick Soft Silver Rose each,815298,$25.00,$59.52 / 10G,https://www.woolworths.com.au/shop/productdetails/815298/revlon-super-lustrous-lipstick-soft-silver-rose,https://cdn0.woolworths.media/content/wowproductimages/medium/815298.jpg,2020-09-20 19:49:44,Average product rating out of 5: 5.0. Product score is based on 2 ratings,2,,True
cd83560d-6ec7-460b-84f0-247fba6ad32b,Woolworths Supermarket,Health & Beauty,Revlon Age Defying Firm & Lift Make Up Soft Beige 30ml,815301,$40.00,$13.33 / 10ML,https://www.woolworths.com.au/shop/productdetails/815301/revlon-age-defying-firm-lift-make-up-soft-beige,https://cdn0.woolworths.media/content/wowproductimages/medium/815301.jpg,2020-09-20 19:49:44,Average product rating out of 5: 3.0. Product score is based on 1 ratings,1,,True
049832a2-c93d-4081-9ab8-2723cbd03c1f,Woolworths Supermarket,Health & Beauty,Revlon Super Lustrous Lipstick Wine Everything each,815304,$25.00,$59.52 / 10G,https://www.woolworths.com.au/shop/productdetails/815304/revlon-super-lustrous-lipstick-wine-everything,https://cdn0.woolworths.media/content/wowproductimages/medium/815304.jpg,2020-09-20 19:49:44,Average product rating out of 5: 5.0. Product score is based on 1 ratings,1,,True
ae4888fc-6a5c-4ce4-828f-0c73a0474d30,Woolworths Supermarket,Health & Beauty,Revlon Color Stay Brow Pencil Soft Brown each,815308,$23.00,$657.14 / 10G,https://www.woolworths.com.au/shop/productdetails/815308/revlon-color-stay-brow-pencil-soft-brown,https://cdn0.woolworths.media/content/wowproductimages/medium/815308.jpg,2020-09-20 19:49:44,Average product rating out of 5: 5.0. Product score is based on 2 ratings,2,,True
7d8f63b6-c820-4cbf-9d15-78ecbe1bc19c,Woolworths Supermarket,Health & Beauty,Revlon Super Lustrous Lipstick Smokey Rose each,815310,$25.00,$59.52 / 10G,https://www.woolworths.com.au/shop/productdetails/815310/revlon-super-lustrous-lipstick-smokey-rose,https://cdn0.woolworths.media/content/wowproductimages/medium/815310.jpg,2020-09-20 19:49:44,Average product rating out of 5: 5.0. Product score is based on 1 ratings,1,,True
785a8be0-c940-41b5-b2a1-5b6fe457f36b,Woolworths Supermarket,Health & Beauty,Revlon Super Lustrous Lipstick Blushed each,815311,$25.00,$59.52 / 10G,https://www.woolworths.com.au/shop/productdetails/815311/revlon-super-lustrous-lipstick-blushed,https://cdn0.woolworths.media/content/wowproductimages/medium/815311.jpg,2020-09-20 19:49:44,Average product rating out of 5: 3.0. Product score is based on 1 ratings,1,,True
ca63e83e-36bd-4ce0-ae99-d19b3f45ac19,Woolworths Supermarket,Health & Beauty,Revlon Age Defying Firm & Lift Make Up Natural Beige 30ml,815312,$40.00,$13.33 / 10ML,https://www.woolworths.com.au/shop/productdetails/815312/revlon-age-defying-firm-lift-make-up-natural-beige,https://cdn0.woolworths.media/content/wowproductimages/medium/815312.jpg,2020-09-20 19:49:44,Average product rating out of 5: 5.0. Product score is based on 1 ratings,1,,True
54cd47bf-179a-4a7f-a33c-547cef39bf3a,Woolworths Supermarket,Health & Beauty,Revlon Age Defying Firm & Lift Make Up Medium Beige 30ml,815313,$40.00,$13.33 / 10ML,https://www.woolworths.com.au/shop/productdetails/815313/revlon-age-defying-firm-lift-make-up-medium-beige,https://cdn0.woolworths.media/content/wowproductimages/medium/815313.jpg,2020-09-20 19:49:44,,0,,True
29a66a01-e0fe-461e-9452-f69075d40796,Woolworths Supermarket,Health & Beauty,Revlon Volumazing Mascara Blackest Black 9ml,815314,$20.00,$22.22 / 10ML,https://www.woolworths.com.au/shop/productdetails/815314/revlon-volumazing-mascara-blackest-black,https://cdn0.woolworths.media/content/wowproductimages/medium/815314.jpg,2020-09-20 19:49:44,,0,,True
cf96b767-7417-4d00-bbe7-7ef9014cb381,Woolworths Supermarket,Health & Beauty,Revlon Volumazing Mascara Blackest Black Waterprooof 9ml,815315,$20.00,$22.22 / 10ML,https://www.woolworths.com.au/shop/productdetails/815315/revlon-volumazing-mascara-blackest-black-waterprooof,https://cdn0.woolworths.media/content/wowproductimages/medium/815315.jpg,2020-09-20 19:49:44,Average product rating out of 5: 5.0. Product score is based on 1 ratings,1,,True
9baefc81-e802-48ba-a0ce-5bd4edd16dfc,Woolworths Supermarket,Health & Beauty,Voost Effervescent Vitamin B+ Performance 40 pack,815326,,,https://www.woolworths.com.au/shop/productdetails/815326/voost-effervescent-vitamin-b-performance,https://cdn0.woolworths.media/content/wowproductimages/medium/815326.jpg,2020-09-20 19:49:44,Average product rating out of 5: 4.8. Product score is based on 4 ratings,4,,False
2366d6c6-fe24-494e-abb1-a390c04b6e6e,Woolworths Supermarket,Health & Beauty,Nature's Way Magnesium Sleep Well With Kava 60 pack,815336,$26.00,$43.33 / 100EA,https://www.woolworths.com.au/shop/productdetails/815336/nature-s-way-magnesium-sleep-well-with-kava,https://cdn0.woolworths.media/content/wowproductimages/medium/815336.jpg,2020-09-20 19:49:44,Average product rating out of 5: 4.5. Product score is based on 2 ratings,2,,True
c60b1897-a6c0-444b-9cdb-6a89a9880eaa,Woolworths Supermarket,Health & Beauty,L'oreal Magic Retouch Precision Brush 7.3 Medium To Dark Blonde each,820057,$7.95,$10.60 / 100ML,https://www.woolworths.com.au/shop/productdetails/820057/l-oreal-magic-retouch-precision-brush-7-3-medium-to-dark-blonde,https://cdn0.woolworths.media/content/wowproductimages/medium/820057.jpg,2020-09-20 19:49:44,,0,,True
bbe4c2e9-a1c4-4d9d-87b8-d26123e7c3f8,Woolworths Supermarket,Health & Beauty,Clairol Natural Instincts 8a Medium Cool Blonde each,820078,$16.00,$16.00 / 1EA,https://www.woolworths.com.au/shop/productdetails/820078/clairol-natural-instincts-8a-medium-cool-blonde,https://cdn0.woolworths.media/content/wowproductimages/medium/820078.jpg,2020-09-20 19:49:44,,0,,True
adf26f1f-9b8f-46b1-b4f3-dacccbe86a79,Woolworths Supermarket,Health & Beauty,Clairol Natural Instincts 5 Medium Brown each,820091,$16.00,$16.00 / 1EA,https://www.woolworths.com.au/shop/productdetails/820091/clairol-natural-instincts-5-medium-brown,https://cdn0.woolworths.media/content/wowproductimages/medium/820091.jpg,2020-09-20 19:49:44,,0,,True
1840b6ca-0b86-4947-8719-96c53a2aa677,Woolworths Supermarket,Health & Beauty,Clairol Natural Instincts 4 Dark Brown each,820092,$16.00,$16.00 / 1EA,https://www.woolworths.com.au/shop/productdetails/820092/clairol-natural-instincts-4-dark-brown,https://cdn0.woolworths.media/content/wowproductimages/medium/820092.jpg,2020-09-20 19:49:44,,0,,True
c67e3eee-f443-4d50-b220-5e6a5b787a23,Woolworths Supermarket,Health & Beauty,Clairol Natural Instincts 2 Midnight Black each,820094,$16.00,$16.00 / 1EA,https://www.woolworths.com.au/shop/productdetails/820094/clairol-natural-instincts-2-midnight-black,https://cdn0.woolworths.media/content/wowproductimages/medium/820094.jpg,2020-09-20 19:49:44,,0,,True
da7c674f-b906-4384-8398-eb1ebd0feb09,Woolworths Supermarket,Health & Beauty,Strepsils Extra Honey And Lemon Sore Throat Fast Numb Lozenges 36 pack,821282,$10.00,$0.28 / 1EA,https://www.woolworths.com.au/shop/productdetails/821282/strepsils-extra-honey-and-lemon-sore-throat-fast-numb-lozenges,https://cdn0.woolworths.media/content/wowproductimages/medium/821282.jpg,2020-09-20 19:49:44,Average product rating out of 5: 4.7. Product score is based on 3 ratings,3,,True
87a25dd9-da4f-4b73-aa25-d22e8d6e1b8c,Woolworths Supermarket,Health & Beauty,Skin Republic Retinol Under Eye Patch 9.6g,821369,$5.00,$5.00 / 1EA,https://www.woolworths.com.au/shop/productdetails/821369/skin-republic-retinol-under-eye-patch,https://cdn0.woolworths.media/content/wowproductimages/medium/821369.jpg,2020-09-20 19:49:44,Average product rating out of 5: 4.2. Product score is based on 5 ratings,5,,True
05707357-6684-433b-97c1-67b8deb0479d,Woolworths Supermarket,Health & Beauty,Nature's Way Coq10 150mg 60 pack,826881,$30.00,$50.00 / 100EA,https://www.woolworths.com.au/shop/productdetails/826881/nature-s-way-coq10-150mg,https://cdn0.woolworths.media/content/wowproductimages/medium/826881.jpg,2020-09-20 19:49:44,Average product rating out of 5: 4.3. Product score is based on 3 ratings,3,,True
e96997cc-3963-465b-903f-b24165b7a357,Woolworths Supermarket,Health & Beauty,"Nature's Own Triple Strength Garlic + C, Horseradish Tablets 60 pack",827709,$20.00,$33.33 / 100EA,https://www.woolworths.com.au/shop/productdetails/827709/nature-s-own-triple-strength-garlic-c-horseradish-tablets,https://cdn0.woolworths.media/content/wowproductimages/medium/827709.jpg,2020-09-20 19:49:44,Average product rating out of 5: 3.6. Product score is based on 5 ratings,5,,True
a87f5af4-f52c-455d-a00c-fbe5acb1e007,Woolworths Supermarket,Health & Beauty,Blackmores Fish Oil 1000mg 200 pack,828172,$9.00,$4.50 / 100EA,https://www.woolworths.com.au/shop/productdetails/828172/blackmores-fish-oil-1000mg,https://cdn0.woolworths.media/content/wowproductimages/medium/828172.jpg,2020-09-20 19:49:44,Average product rating out of 5: 4.6. Product score is based on 5 ratings,5,,True
629e502d-41ee-453f-8851-b13b316dcc13,Woolworths Supermarket,Health & Beauty,Brite Semi Permanent Hair Colour Colour Pastel Pink 75ml,840410,$10.00,$13.33 / 100ML,https://www.woolworths.com.au/shop/productdetails/840410/brite-semi-permanent-hair-colour-colour-pastel-pink,https://cdn0.woolworths.media/content/wowproductimages/medium/840410.jpg,2020-09-20 19:49:44,Average product rating out of 5: 5.0. Product score is based on 3 ratings,3,,True
d81c6a40-1f36-4953-86f6-33fdbe338874,Woolworths Supermarket,Health & Beauty,Garnier Olia Permanent Hair Colour 6.66 Very Intense Red each,841103,$11.90,,https://www.woolworths.com.au/shop/productdetails/841103/garnier-olia-permanent-hair-colour-6-66-very-intense-red,https://cdn0.woolworths.media/content/wowproductimages/medium/841103.jpg,2020-09-20 19:49:44,Average product rating out of 5: 3.8. Product score is based on 4 ratings,4,,True
e6076fbc-a5de-483d-a18d-f4f6e233eb79,Woolworths Supermarket,Health & Beauty,Bx Earth Body Wash Sensitive Soul 600ml,846979,$9.00,$1.50 / 100ML,https://www.woolworths.com.au/shop/productdetails/846979/bx-earth-body-wash-sensitive-soul,https://cdn0.woolworths.media/content/wowproductimages/medium/846979.jpg,2020-09-20 19:49:44,Average product rating out of 5: 1.0. Product score is based on 1 ratings,1,,True
fdf5d5fe-a705-4343-bf0e-c0fd1c26d540,Woolworths Supermarket,Health & Beauty,Clairol Nice'n Easy Repair Summer Blonde Sb2 each,852101,$16.00,$16.00 / 100ML,https://www.woolworths.com.au/shop/productdetails/852101/clairol-nice-n-easy-repair-summer-blonde-sb2,https://cdn0.woolworths.media/content/wowproductimages/medium/852101.jpg,2020-09-20 19:49:44,Average product rating out of 5: 5.0. Product score is based on 1 ratings,1,,True
1ab966af-0159-4628-b03a-c79f6ca538cb,Woolworths Supermarket,Health & Beauty,Clairol Nice'n Easy Repair Medium Ash Blonde 8a each,852108,$16.00,$16.00 / 100ML,https://www.woolworths.com.au/shop/productdetails/852108/clairol-nice-n-easy-repair-medium-ash-blonde-8a,https://cdn0.woolworths.media/content/wowproductimages/medium/852108.jpg,2020-09-20 19:49:44,,0,,True
1b27c5cd-55f9-4b32-8b7e-6da2ae68c040,Woolworths Supermarket,Health & Beauty,Clairol Nice'n Easy Repair Light Auburn 6r each,852161,$16.00,$16.00 / 100ML,https://www.woolworths.com.au/shop/productdetails/852161/clairol-nice-n-easy-repair-light-auburn-6r,https://cdn0.woolworths.media/content/wowproductimages/medium/852161.jpg,2020-09-20 19:49:44,Average product rating out of 5: 4.0. Product score is based on 1 ratings,1,,True
58678bd8-ed2c-458f-a647-0921a3bcb092,Woolworths Supermarket,Health & Beauty,Clairol Nice'n Easy Repair Dark Brown 4 each,852196,$16.00,$16.00 / 100ML,https://www.woolworths.com.au/shop/productdetails/852196/clairol-nice-n-easy-repair-dark-brown-4,https://cdn0.woolworths.media/content/wowproductimages/medium/852196.jpg,2020-09-20 19:49:44,Average product rating out of 5: 5.0. Product score is based on 2 ratings,2,,True
c9c3d59a-8d16-49af-9934-e3581647c54b,Woolworths Supermarket,Health & Beauty,Schwarzkopf Brilliance Colour Creme 50 Venetian Sunset each,859114,$14.40,$14.40 / 1EA,https://www.woolworths.com.au/shop/productdetails/859114/schwarzkopf-brilliance-colour-creme-50-venetian-sunset,https://cdn0.woolworths.media/content/wowproductimages/medium/859114.jpg,2020-09-20 19:49:44,Average product rating out of 5: 4.0. Product score is based on 1 ratings,1,,True
abc31f4d-54e3-4357-9584-74fd33f95941,Woolworths Supermarket,Health & Beauty,Mud Concealer 002 Natural Beige 2.1g,868517,$3.00,$14.29 / 10G,https://www.woolworths.com.au/shop/productdetails/868517/mud-concealer-002-natural-beige,https://cdn0.woolworths.media/content/wowproductimages/medium/868517.jpg,2020-09-20 19:49:44,,0,,True
e34e6fc2-0fef-495e-b2fc-ff1782043d4e,Woolworths Supermarket,Health & Beauty,Maybelline Hypersharp Eyeliner - Black each,877442,$10.80,$10.80 / 1EA,https://www.woolworths.com.au/shop/productdetails/877442/maybelline-hypersharp-eyeliner-black,https://cdn0.woolworths.media/content/wowproductimages/medium/877442.jpg,2020-09-20 19:49:44,Average product rating out of 5: 5.0. Product score is based on 4 ratings,4,,True
eb9040b6-1ef2-44ea-8626-26116e1de8d1,Woolworths Supermarket,Health & Beauty,Brite Organix Semi Permanent Hair Colour Pastel Blue 75ml,966493,$10.00,$13.33 / 100ML,https://www.woolworths.com.au/shop/productdetails/966493/brite-organix-semi-permanent-hair-colour-pastel-blue,https://cdn0.woolworths.media/content/wowproductimages/medium/966493.jpg,2020-09-20 19:49:44,Average product rating out of 5: 2.3. Product score is based on 3 ratings,3,,True
844077b6-c93e-4064-a521-8a522aa4e1fa,Woolworths Supermarket,Health & Beauty,Crankt Vanilla 375ml,065786,$4.00,$1.07 / 100ML,https://www.woolworths.com.au/shop/productdetails/65786/crankt-vanilla,https://cdn0.woolworths.media/content/wowproductimages/medium/065786.jpg,2020-09-20 19:49:44,Average product rating out of 5: 4.4. Product score is based on 5 ratings,5,,True
10ae66d1-0664-4fe1-9c32-a986865dda34,Woolworths Supermarket,Health & Beauty,Careline Care Touch Instant Hand Sanitiser 50ml,089473,$2.80,$5.60 / 100ML,https://www.woolworths.com.au/shop/productdetails/89473/careline-care-touch-instant-hand-sanitiser,https://cdn0.woolworths.media/content/wowproductimages/medium/089473.jpg,2020-09-20 19:49:44,Average product rating out of 5: 5.0. Product score is based on 4 ratings,4,,True
60d20cd2-0285-41f5-be6f-a61f13ae46dd,Woolworths Supermarket,Health & Beauty,Olay Vitamin C & Aha Resurfacing Peel each,116027,$38.50,$38.50 / 1EA,https://www.woolworths.com.au/shop/productdetails/116027/olay-vitamin-c-aha-resurfacing-peel,https://cdn0.woolworths.media/content/wowproductimages/medium/116027.jpg,2020-09-20 19:49:44,,0,,True
8f7c9f22-2e2e-4bc6-bd8e-95cc730ac76b,Woolworths Supermarket,Health & Beauty,Skin Republic Collagen Hydro Under Eye Patch each,409977,$5.00,$5.00 / 1EA,https://www.woolworths.com.au/shop/productdetails/409977/skin-republic-collagen-hydro-under-eye-patch,https://cdn0.woolworths.media/content/wowproductimages/medium/409977.jpg,2020-09-20 19:49:44,Average product rating out of 5: 3.5. Product score is based on 4 ratings,4,,True
91128968-84bb-48ac-9967-1c26ec7bb727,Woolworths Supermarket,Health & Beauty,Organic Care Conditioner Normal 725ml,759589,$3.00,$0.41 / 100ML,https://www.woolworths.com.au/shop/productdetails/759589/organic-care-conditioner-normal,https://cdn0.woolworths.media/content/wowproductimages/medium/759589.jpg,2020-09-20 19:49:44,Average product rating out of 5: 4.7. Product score is based on 25 ratings,25,,True
dd15a46f-cbbb-4910-8edb-94e8007451de,Woolworths Supermarket,Health & Beauty,Bx Earth Body Wash Refresh Thyself 600ml,846990,$9.00,$1.50 / 100ML,https://www.woolworths.com.au/shop/productdetails/846990/bx-earth-body-wash-refresh-thyself,https://cdn0.woolworths.media/content/wowproductimages/medium/846990.jpg,2020-09-20 19:49:44,,0,,True
306cbd30-2838-4107-86dc-8d6cd6eb95f5,Woolworths Supermarket,Health & Beauty,Mud Blush Sculpting Nudes 5g,868653,$3.00,$6.00 / 10G,https://www.woolworths.com.au/shop/productdetails/868653/mud-blush-sculpting-nudes,https://cdn0.woolworths.media/content/wowproductimages/medium/868653.jpg,2020-09-20 19:49:44,Average product rating out of 5: 5.0. Product score is based on 1 ratings,1,,True
633ac5a9-4a91-4008-af07-547058e8ba2d,Woolworths Supermarket,Health & Beauty,Revlon Colorstay Ultimate Suede Supermodel 2.55g,015630,$27.00,$105.88 / 10G,https://www.woolworths.com.au/shop/productdetails/15630/revlon-colorstay-ultimate-suede-supermodel,https://cdn0.woolworths.media/content/wowproductimages/medium/015630.jpg,2020-09-20 19:49:44,Average product rating out of 5: 4.0. Product score is based on 2 ratings,2,,True
c916c25f-067f-47d3-98b6-691cd7f25cac,Woolworths Supermarket,Health & Beauty,Revlon Colorstay Ultimate Suede Iconic 2.55g,015707,$27.00,$105.88 / 10G,https://www.woolworths.com.au/shop/productdetails/15707/revlon-colorstay-ultimate-suede-iconic,https://cdn0.woolworths.media/content/wowproductimages/medium/015707.jpg,2020-09-20 19:49:44,,0,,True
c048d58d-0ee4-40ef-85cb-c1f66d02e85b,Woolworths Supermarket,Health & Beauty,Revlon Photoready Candid Concealer Creme Brule 10ml,015837,$20.00,$20.00 / 10ML,https://www.woolworths.com.au/shop/productdetails/15837/revlon-photoready-candid-concealer-creme-brule,https://cdn0.woolworths.media/content/wowproductimages/medium/015837.jpg,2020-09-20 19:49:44,,0,,True
626cefb3-651e-4311-8eea-6b9989a4d5b5,Woolworths Supermarket,Health & Beauty,Revlon Powder Bronzer Cannes Tan 6.9g,015849,$25.00,$36.23 / 10G,https://www.woolworths.com.au/shop/productdetails/15849/revlon-powder-bronzer-cannes-tan,https://cdn0.woolworths.media/content/wowproductimages/medium/015849.jpg,2020-09-20 19:49:44,Average product rating out of 5: 3.0. Product score is based on 1 ratings,1,,True
9ba29898-98ab-44a5-81a4-a50561a736d4,Woolworths Supermarket,Health & Beauty,Revlon Colorstay Look Book Palette Original 3.6g,015868,$20.00,$55.56 / 10G,https://www.woolworths.com.au/shop/productdetails/15868/revlon-colorstay-look-book-palette-original,https://cdn0.woolworths.media/content/wowproductimages/medium/015868.jpg,2020-09-20 19:49:44,,0,,True
7ae8a4c2-3456-4646-a8ca-b78b1fadd7eb,Woolworths Supermarket,Health & Beauty,Revlon Photoready Candid Foundation Butter Scotch 22ml,018180,$25.00,$11.36 / 10ML,https://www.woolworths.com.au/shop/productdetails/18180/revlon-photoready-candid-foundation-butter-scotch,https://cdn0.woolworths.media/content/wowproductimages/medium/018180.jpg,2020-09-20 19:49:44,,0,,True
83019566-4135-404c-95a4-23ad82ae1e73,Woolworths Supermarket,Health & Beauty,L'oreal La Petite Palette Eyeshadow Nudist 4g,025158,$25.00,$62.50 / 10G,https://www.woolworths.com.au/shop/productdetails/25158/l-oreal-la-petite-palette-eyeshadow-nudist,https://cdn0.woolworths.media/content/wowproductimages/medium/025158.jpg,2020-09-20 19:49:44,Average product rating out of 5: 5.0. Product score is based on 1 ratings,1,,True
5df97789-dd6f-4d98-ab85-8198fce3d496,Woolworths Supermarket,Health & Beauty,Sally Hansen Acetone Free Polish Remover 150ml,026263,$5.00,,https://www.woolworths.com.au/shop/productdetails/26263/sally-hansen-acetone-free-polish-remover,https://cdn0.woolworths.media/content/wowproductimages/medium/026263.jpg,2020-09-20 19:49:44,,0,,True
59a1cfba-d9ba-4183-87bc-b5557353c63d,Woolworths Supermarket,Health & Beauty,L'oreal Super Liner Flash Cat Eye 9g,026951,$28.00,$31.11 / 10G,https://www.woolworths.com.au/shop/productdetails/26951/l-oreal-super-liner-flash-cat-eye,https://cdn0.woolworths.media/content/wowproductimages/medium/026951.jpg,2020-09-20 19:49:44,,0,,True
a092299b-a45f-4a93-bda1-15f03ef6618c,Woolworths Supermarket,Health & Beauty,L'oreal Infallible 24hr Lipstick 3.3g,027588,$30.00,$90.91 / 10G,https://www.woolworths.com.au/shop/productdetails/27588/l-oreal-infallible-24hr-lipstick,https://cdn0.woolworths.media/content/wowproductimages/medium/027588.jpg,2020-09-20 19:49:44,,0,,True
6936ad5f-476e-4cef-a74a-086207e800c5,Woolworths Supermarket,Health & Beauty,L'oreal Life's A Peach Blush 7g,027609,$30.00,$42.86 / 10G,https://www.woolworths.com.au/shop/productdetails/27609/l-oreal-life-s-a-peach-blush,https://cdn0.woolworths.media/content/wowproductimages/medium/027609.jpg,2020-09-20 19:49:44,,0,,True
4b6a7780-7bbf-4991-aa65-6914063535c7,Woolworths Supermarket,Health & Beauty,L'oreal Glow Mon Amour Highlighting Drops 15ml,028414,$30.00,$20.00 / 10ML,https://www.woolworths.com.au/shop/productdetails/28414/l-oreal-glow-mon-amour-highlighting-drops,https://cdn0.woolworths.media/content/wowproductimages/medium/028414.jpg,2020-09-20 19:49:44,,0,,True
514dac79-6cfd-4ac7-a062-471856118a36,Woolworths Supermarket,Health & Beauty,L'oreal La Terra 01 Portofino 18g,028503,$30.00,$16.67 / 10G,https://www.woolworths.com.au/shop/productdetails/28503/l-oreal-la-terra-01-portofino,https://cdn0.woolworths.media/content/wowproductimages/medium/028503.jpg,2020-09-20 19:49:44,,0,,True
505928ae-a9e9-4ad2-9de4-40c4046e2081,Woolworths Supermarket,Health & Beauty,L'oreal False Lash Superstar Mascara 13ml,040525,$29.00,$22.31 / 10ML,https://www.woolworths.com.au/shop/productdetails/40525/l-oreal-false-lash-superstar-mascara,https://cdn0.woolworths.media/content/wowproductimages/medium/040525.jpg,2020-09-20 19:49:44,,0,,True
ba7a11b1-cf02-46cd-88ff-8913f8eefd91,Woolworths Supermarket,Health & Beauty,L'oreal Paradise Extatic Mascara Black each,040528,$25.00,$39.06 / 10ML,https://www.woolworths.com.au/shop/productdetails/40528/l-oreal-paradise-extatic-mascara-black,https://cdn0.woolworths.media/content/wowproductimages/medium/040528.jpg,2020-09-20 19:49:44,,0,,True
6bed6331-1ff5-4ac2-b526-6c3d046e5be6,Woolworths Supermarket,Health & Beauty,L'oreal Paradise Extatic Mascara Black each,040529,$25.00,$39.06 / 10ML,https://www.woolworths.com.au/shop/productdetails/40529/l-oreal-paradise-extatic-mascara-black,https://cdn0.woolworths.media/content/wowproductimages/medium/040529.jpg,2020-09-20 19:49:44,,0,,True
39f57831-55a5-4c55-b0f9-e6961ff3cede,Woolworths Supermarket,Health & Beauty,L'oreal Miss Baby Roll Mascara Black 9.1ml,040536,$22.00,$24.18 / 10ML,https://www.woolworths.com.au/shop/productdetails/40536/l-oreal-miss-baby-roll-mascara-black,https://cdn0.woolworths.media/content/wowproductimages/medium/040536.jpg,2020-09-20 19:49:44,,0,,True
263502e1-6abb-4ec5-b988-4cb3cab1cf29,Woolworths Supermarket,Health & Beauty,Mud Lip Defining Pencil Latte each,066067,$3.00,$31.58 / 10G,https://www.woolworths.com.au/shop/productdetails/66067/mud-lip-defining-pencil-latte,https://cdn0.woolworths.media/content/wowproductimages/medium/066067.jpg,2020-09-20 19:49:44,,0,,True
86600192-73f5-47b6-9e36-47b052b203cd,Woolworths Supermarket,Health & Beauty,L'oreal Mascara False Lash Bambi Black each,068123,$26.00,$28.89 / 10ML,https://www.woolworths.com.au/shop/productdetails/68123/l-oreal-mascara-false-lash-bambi-black,https://cdn0.woolworths.media/content/wowproductimages/medium/068123.jpg,2020-09-20 19:49:44,,0,,True
7aa102e7-81d6-454a-8ddf-8d1bb497df82,Woolworths Supermarket,Health & Beauty,Revlon Skinlights Day Break Glimmer Highlighter 8g,075788,$25.00,$31.25 / 10G,https://www.woolworths.com.au/shop/productdetails/75788/revlon-skinlights-day-break-glimmer-highlighter,https://cdn0.woolworths.media/content/wowproductimages/medium/075788.jpg,2020-09-20 19:49:44,,0,,True
dded2cfd-a348-4932-a3a1-17e66f942537,Woolworths Supermarket,Health & Beauty,Olay Daily Facial Hydrating Grapeseed Extract Dry Cloths 7 pack,076118,$3.50,$0.50 / 1EA,https://www.woolworths.com.au/shop/productdetails/76118/olay-daily-facial-hydrating-grapeseed-extract-dry-cloths,https://cdn0.woolworths.media/content/wowproductimages/medium/076118.jpg,2020-09-20 19:49:44,Average product rating out of 5: 4.5. Product score is based on 2 ratings,2,,True
eba986db-a211-464d-8afc-8263dfc53021,Woolworths Supermarket,Health & Beauty,L'oreal True Match Concealer 3n Creamy Beige 6.8ml,077854,$20.00,$29.41 / 10ML,https://www.woolworths.com.au/shop/productdetails/77854/l-oreal-true-match-concealer-3n-creamy-beige,https://cdn0.woolworths.media/content/wowproductimages/medium/077854.jpg,2020-09-20 19:49:44,,0,,True
fa67f400-56b8-4f02-968b-c98a6766f4b6,Woolworths Supermarket,Health & Beauty,L'oreal True Match Liquid Foundation 6n Honey 30ml,078105,$30.00,$10.00 / 10ML,https://www.woolworths.com.au/shop/productdetails/78105/l-oreal-true-match-liquid-foundation-6n-honey,https://cdn0.woolworths.media/content/wowproductimages/medium/078105.jpg,2020-09-20 19:49:44,,0,,True
91f702e1-e8d4-494f-bc69-a44eff7441be,Woolworths Supermarket,Health & Beauty,L'oreal True Match Concealer Rose Ivory 6.8ml,078206,$20.00,$29.41 / 10ML,https://www.woolworths.com.au/shop/productdetails/78206/l-oreal-true-match-concealer-rose-ivory,https://cdn0.woolworths.media/content/wowproductimages/medium/078206.jpg,2020-09-20 19:49:44,,0,,True
24db3d38-2203-4f0d-b803-fa2becd79207,Woolworths Supermarket,Health & Beauty,L'oreal Infallable More Than Concealer 322 Ivory 11ml,079901,$30.00,$27.27 / 10ML,https://www.woolworths.com.au/shop/productdetails/79901/l-oreal-infallable-more-than-concealer-322-ivory,https://cdn0.woolworths.media/content/wowproductimages/medium/079901.jpg,2020-09-20 19:49:44,,0,,True
757ca222-59b7-4df0-b9bd-c8270225186c,Woolworths Supermarket,Health & Beauty,L'oreal Infallable More Than Concealer 328 Biscuit 11ml,079976,$30.00,$27.27 / 10ML,https://www.woolworths.com.au/shop/productdetails/79976/l-oreal-infallable-more-than-concealer-328-biscuit,https://cdn0.woolworths.media/content/wowproductimages/medium/079976.jpg,2020-09-20 19:49:44,,0,,True
737d7a55-097d-42ed-9941-6f4b70ccdc36,Woolworths Supermarket,Health & Beauty,L'oreal Infallable More Than Concealer 326 Vanilla 11ml,080112,$30.00,$27.27 / 10ML,https://www.woolworths.com.au/shop/productdetails/80112/l-oreal-infallable-more-than-concealer-326-vanilla,https://cdn0.woolworths.media/content/wowproductimages/medium/080112.jpg,2020-09-20 19:49:44,,0,,True
58779614-db37-411f-9bc5-f2dad0b4012b,Woolworths Supermarket,Health & Beauty,L'oreal True Match Concealer 4n Beige 10ml,080682,$20.00,$20.00 / 10ML,https://www.woolworths.com.au/shop/productdetails/80682/l-oreal-true-match-concealer-4n-beige,https://cdn0.woolworths.media/content/wowproductimages/medium/080682.jpg,2020-09-20 19:49:44,,0,,True
55bdc371-9d69-43d0-ac69-9d5b1af2c03b,Woolworths Supermarket,Health & Beauty,L'oreal Color Riche 303 Rose Tendre 5ml,095831,$22.00,$44.00 / 10ML,https://www.woolworths.com.au/shop/productdetails/95831/l-oreal-color-riche-303-rose-tendre,https://cdn0.woolworths.media/content/wowproductimages/medium/095831.jpg,2020-09-20 19:49:44,,0,,True
2ff3a681-40a4-40fa-a88f-38dc2cadf074,Woolworths Supermarket,Health & Beauty,L'oreal Infallible Matte Foundation 290 Golden Amber 30ml,097104,$30.00,$10.00 / 10ML,https://www.woolworths.com.au/shop/productdetails/97104/l-oreal-infallible-matte-foundation-290-golden-amber,https://cdn0.woolworths.media/content/wowproductimages/medium/097104.jpg,2020-09-20 19:49:44,,0,,True
7dcda3b1-eab7-49a2-9cdf-5f8784650e77,Woolworths Supermarket,Health & Beauty,L'oreal Infallible Matte Foundation 200 Golden Sand 30ml,097125,$30.00,$10.00 / 10ML,https://www.woolworths.com.au/shop/productdetails/97125/l-oreal-infallible-matte-foundation-200-golden-sand,https://cdn0.woolworths.media/content/wowproductimages/medium/097125.jpg,2020-09-20 19:49:44,,0,,True
f101d13e-3029-4f70-bbb3-570e14652650,Woolworths Supermarket,Health & Beauty,Revlon Super Lustrous Matte Lipstick Shameless 4.2g,097374,$25.00,$59.52 / 10G,https://www.woolworths.com.au/shop/productdetails/97374/revlon-super-lustrous-matte-lipstick-shameless,https://cdn0.woolworths.media/content/wowproductimages/medium/097374.jpg,2020-09-20 19:49:44,,0,,True
ce324551-2ae8-4a08-8dc4-8600b0730edb,Woolworths Supermarket,Health & Beauty,Revlon Super Lustrous Matte Lipstick On Fire 4.2g,097452,$25.00,$59.52 / 10G,https://www.woolworths.com.au/shop/productdetails/97452/revlon-super-lustrous-matte-lipstick-on-fire,https://cdn0.woolworths.media/content/wowproductimages/medium/097452.jpg,2020-09-20 19:49:44,,0,,True
7fe9ba10-5827-4e70-9cc1-f3a3ca51270e,Woolworths Supermarket,Health & Beauty,L'oreal Lash Paradise Mascara Intense Black 6.4ml,099380,$25.00,$39.06 / 10ML,https://www.woolworths.com.au/shop/productdetails/99380/l-oreal-lash-paradise-mascara-intense-black,https://cdn0.woolworths.media/content/wowproductimages/medium/099380.jpg,2020-09-20 19:49:44,,0,,True
609ac021-7e8f-4881-93a0-4bd09f33288f,Woolworths Supermarket,Health & Beauty,L'oreal Infallible Matte Foundation 175 Sand 30ml,100139,$30.00,$10.00 / 10ML,https://www.woolworths.com.au/shop/productdetails/100139/l-oreal-infallible-matte-foundation-175-sand,https://cdn0.woolworths.media/content/wowproductimages/medium/100139.jpg,2020-09-20 19:49:44,,0,,True
60b22534-0815-4269-b2dd-ad4b64274335,Woolworths Supermarket,Health & Beauty,L'oreal Infallible Matte Foundation 145 Rose Beige 30ml,100753,$30.00,$10.00 / 10ML,https://www.woolworths.com.au/shop/productdetails/100753/l-oreal-infallible-matte-foundation-145-rose-beige,https://cdn0.woolworths.media/content/wowproductimages/medium/100753.jpg,2020-09-20 19:49:44,,0,,True
b8ff7c13-a07e-40f8-b1ae-56e79aacc612,Woolworths Supermarket,Health & Beauty,L'oreal Paris True Match Liquid Foundation 2n Vanilla 30ml,403165,$30.00,$10.00 / 10ML,https://www.woolworths.com.au/shop/productdetails/403165/l-oreal-paris-true-match-liquid-foundation-2n-vanilla,https://cdn0.woolworths.media/content/wowproductimages/medium/403165.jpg,2020-09-20 19:49:44,Average product rating out of 5: 4.0. Product score is based on 1 ratings,1,,True
f632d5ff-4fce-4723-bfc3-a9b791c8a120,Woolworths Supermarket,Health & Beauty,Revlon Kiss Lip Balm Tropical Coconut 2.6g,548418,$8.00,$30.77 / 10G,https://www.woolworths.com.au/shop/productdetails/548418/revlon-kiss-lip-balm-tropical-coconut,https://cdn0.woolworths.media/content/wowproductimages/medium/548418.jpg,2020-09-20 19:49:44,,0,,True
cce695f7-2d1c-4f7a-89c2-7eccaed6d4c0,Woolworths Supermarket,Health & Beauty,Revlon Kiss Lip Balm Fresh Strawberry 2.6g,548420,$8.00,$30.77 / 10G,https://www.woolworths.com.au/shop/productdetails/548420/revlon-kiss-lip-balm-fresh-strawberry,https://cdn0.woolworths.media/content/wowproductimages/medium/548420.jpg,2020-09-20 19:49:44,,0,,True
87d846af-a06a-4408-88b6-6b6fa2749890,Woolworths Supermarket,Health & Beauty,Revlon Kiss Lip Balm Crisp Apple 2.6g,548422,$8.00,$30.77 / 10G,https://www.woolworths.com.au/shop/productdetails/548422/revlon-kiss-lip-balm-crisp-apple,https://cdn0.woolworths.media/content/wowproductimages/medium/548422.jpg,2020-09-20 19:49:44,,0,,True
e1b8d9bc-5c7e-44c6-b80e-4d534f453185,Woolworths Supermarket,Health & Beauty,Revlon Kiss Lip Balm Berry Burst 2.6g,548423,$8.00,$30.77 / 10G,https://www.woolworths.com.au/shop/productdetails/548423/revlon-kiss-lip-balm-berry-burst,https://cdn0.woolworths.media/content/wowproductimages/medium/548423.jpg,2020-09-20 19:49:44,,0,,True
a50644b7-839d-43a6-a635-019e64483ae1,Woolworths Supermarket,Health & Beauty,L'oreal Paris Flase Lash Superstar X Fibers Mascara 13ml,622199,$29.00,$22.31 / 10ML,https://www.woolworths.com.au/shop/productdetails/622199/l-oreal-paris-flase-lash-superstar-x-fibers-mascara,https://cdn0.woolworths.media/content/wowproductimages/medium/622199.jpg,2020-09-20 19:49:44,,0,,True
c57dc802-2ec6-4d52-967b-a2725ece1751,Woolworths Supermarket,Health & Beauty,L'oreal Paris Infallible 2 Step Lipstick Incessant Russet 5.6ml,622200,$30.00,$53.57 / 10ML,https://www.woolworths.com.au/shop/productdetails/622200/l-oreal-paris-infallible-2-step-lipstick-incessant-russet,https://cdn0.woolworths.media/content/wowproductimages/medium/622200.jpg,2020-09-20 19:49:44,,0,,True
eb4a21be-7d32-45d0-9705-e7b311cd70d4,Woolworths Supermarket,Health & Beauty,L'oreal Paris Infallible 2 Step Lipstick Invincible Sable 5.6ml,622202,$30.00,$53.57 / 10ML,https://www.woolworths.com.au/shop/productdetails/622202/l-oreal-paris-infallible-2-step-lipstick-invincible-sable,https://cdn0.woolworths.media/content/wowproductimages/medium/622202.jpg,2020-09-20 19:49:44,,0,,True
f71f8fee-d5e6-4f45-a412-78dc8ae44f31,Woolworths Supermarket,Health & Beauty,L'oreal Paris Infallible 2 Step Lipstick Permanent Blush 5.6ml,622204,$30.00,$53.57 / 10ML,https://www.woolworths.com.au/shop/productdetails/622204/l-oreal-paris-infallible-2-step-lipstick-permanent-blush,https://cdn0.woolworths.media/content/wowproductimages/medium/622204.jpg,2020-09-20 19:49:44,,0,,True
5046e183-1f62-48d7-98a7-8be4868a4faf,Woolworths Supermarket,Health & Beauty,L'oreal Paris Color Riche Lipstick Velvet Rose 4.8g,622207,$22.00,$45.83 / 10G,https://www.woolworths.com.au/shop/productdetails/622207/l-oreal-paris-color-riche-lipstick-velvet-rose,https://cdn0.woolworths.media/content/wowproductimages/medium/622207.jpg,2020-09-20 19:49:44,Average product rating out of 5: 4.0. Product score is based on 1 ratings,1,,True
e5afbac6-fbbd-469c-adb7-371b03c2142d,Woolworths Supermarket,Health & Beauty,L'oreal Paris Le Khol Eye Liner Midnight Black 0.2g,624118,$19.00,$950.00 / 10G,https://www.woolworths.com.au/shop/productdetails/624118/l-oreal-paris-le-khol-eye-liner-midnight-black,https://cdn0.woolworths.media/content/wowproductimages/medium/624118.jpg,2020-09-20 19:49:44,,0,,True
1891ec98-6536-4e4d-8d25-5472583b5835,Woolworths Supermarket,Health & Beauty,L'oreal Brow Artist Xpert Cool Brown each,646941,$20.00,$66.67 / 10G,https://www.woolworths.com.au/shop/productdetails/646941/l-oreal-brow-artist-xpert-cool-brown,https://cdn0.woolworths.media/content/wowproductimages/medium/646941.jpg,2020-09-20 19:49:44,,0,,True
9890b5ec-f93c-45b4-8806-a31ba7f0e557,Woolworths Supermarket,Health & Beauty,L'oreal Brow Artist Xpert Ebony each,646942,$20.00,$66.67 / 10G,https://www.woolworths.com.au/shop/productdetails/646942/l-oreal-brow-artist-xpert-ebony,https://cdn0.woolworths.media/content/wowproductimages/medium/646942.jpg,2020-09-20 19:49:44,,0,,True
7c092086-d628-46e6-9d5d-92e88fdba557,Woolworths Supermarket,Health & Beauty,Revlon Colorstay Ivory Foundation For Combination & Oily Skin 30ml,668680,$35.00,$11.67 / 10ML,https://www.woolworths.com.au/shop/productdetails/668680/revlon-colorstay-ivory-foundation-for-combination-oily-skin,https://cdn0.woolworths.media/content/wowproductimages/medium/668680.jpg,2020-09-20 19:49:44,,0,,True
9852cd4d-9d4f-4302-8851-15364cf88cb6,Woolworths Supermarket,Health & Beauty,Revlon Colorstay Nude Foundation For Combination & Oily Skin 30ml,668681,$35.00,$11.67 / 10ML,https://www.woolworths.com.au/shop/productdetails/668681/revlon-colorstay-nude-foundation-for-combination-oily-skin,https://cdn0.woolworths.media/content/wowproductimages/medium/668681.jpg,2020-09-20 19:49:44,Average product rating out of 5: 5.0. Product score is based on 1 ratings,1,,True
bc4713d4-2c4c-4685-92ed-a8a69fd73bb9,Woolworths Supermarket,Health & Beauty,Revlon Colorstay Buff Foundation For Combination & Oily Skin 30ml,668692,$35.00,$11.67 / 10ML,https://www.woolworths.com.au/shop/productdetails/668692/revlon-colorstay-buff-foundation-for-combination-oily-skin,https://cdn0.woolworths.media/content/wowproductimages/medium/668692.jpg,2020-09-20 19:49:44,,0,,True
4c798214-74d2-48ff-a661-310143671daf,Woolworths Supermarket,Health & Beauty,Revlon Colorstay Sand Beige Foundation 30ml,668694,$35.00,$11.67 / 10ML,https://www.woolworths.com.au/shop/productdetails/668694/revlon-colorstay-sand-beige-foundation,https://cdn0.woolworths.media/content/wowproductimages/medium/668694.jpg,2020-09-20 19:49:44,Average product rating out of 5: 4.0. Product score is based on 1 ratings,1,,True
4e33a7fd-9136-4bea-aed5-2f491fc39550,Woolworths Supermarket,Health & Beauty,Revlon Colorstay Natural Beige Foundation 30ml,668695,$35.00,$11.67 / 10ML,https://www.woolworths.com.au/shop/productdetails/668695/revlon-colorstay-natural-beige-foundation,https://cdn0.woolworths.media/content/wowproductimages/medium/668695.jpg,2020-09-20 19:49:44,,0,,True
a2eca566-46b3-4066-b239-bc04ddcedadf,Woolworths Supermarket,Health & Beauty,Revlon Colorstay Medium Beige Foundation 30ml,668696,$35.00,$11.67 / 10ML,https://www.woolworths.com.au/shop/productdetails/668696/revlon-colorstay-medium-beige-foundation,https://cdn0.woolworths.media/content/wowproductimages/medium/668696.jpg,2020-09-20 19:49:44,Average product rating out of 5: 5.0. Product score is based on 1 ratings,1,,True
483c2a00-1eb5-4bec-8bb8-c1f1183f3971,Woolworths Supermarket,Health & Beauty,Revlon Colorstay Fresh Beige Foundation 30ml,668698,$35.00,$11.67 / 10ML,https://www.woolworths.com.au/shop/productdetails/668698/revlon-colorstay-fresh-beige-foundation,https://cdn0.woolworths.media/content/wowproductimages/medium/668698.jpg,2020-09-20 19:49:44,Average product rating out of 5: 5.0. Product score is based on 1 ratings,1,,True
53687452-cd28-48a9-a544-3a3f8c72817e,Woolworths Supermarket,Health & Beauty,Revlon Colorstay True Beige Foundation 30ml,668712,$35.00,$11.67 / 10ML,https://www.woolworths.com.au/shop/productdetails/668712/revlon-colorstay-true-beige-foundation,https://cdn0.woolworths.media/content/wowproductimages/medium/668712.jpg,2020-09-20 19:49:44,,0,,True
668e0649-5d43-4e32-8c50-4e9d3e6d487a,Woolworths Supermarket,Health & Beauty,Revlon Colorstay For Normal & Dry Skin Ivory Foundation 30ml,668724,$35.00,$11.67 / 10ML,https://www.woolworths.com.au/shop/productdetails/668724/revlon-colorstay-for-normal-dry-skin-ivory-foundation,https://cdn0.woolworths.media/content/wowproductimages/medium/668724.jpg,2020-09-20 19:49:44,,0,,True
60663d65-f552-4022-b883-5bc05e4321d6,Woolworths Supermarket,Health & Beauty,Revlon Powder Blush Oh Baby Pink 5.0g,668734,$27.00,$54.00 / 10G,https://www.woolworths.com.au/shop/productdetails/668734/revlon-powder-blush-oh-baby-pink,https://cdn0.woolworths.media/content/wowproductimages/medium/668734.jpg,2020-09-20 19:49:44,,0,,True
350e1e0c-5ffa-4d7d-88c1-cc600fcfb65c,Woolworths Supermarket,Health & Beauty,Revlon Ultra Hd Matte Lipcolor Devotion Lipstick 5.9ml,669174,$25.00,$42.37 / 10ML,https://www.woolworths.com.au/shop/productdetails/669174/revlon-ultra-hd-matte-lipcolor-devotion-lipstick,https://cdn0.woolworths.media/content/wowproductimages/medium/669174.jpg,2020-09-20 19:49:44,,0,,True
472d130c-66b4-43bc-a294-a025052673ba,Woolworths Supermarket,Health & Beauty,Revlon Ultimate All-in-one Mascara Waterproof Blackest Black 8.5ml,669184,$24.00,$28.24 / 10ML,https://www.woolworths.com.au/shop/productdetails/669184/revlon-ultimate-all-in-one-mascara-waterproof-blackest-black,https://cdn0.woolworths.media/content/wowproductimages/medium/669184.jpg,2020-09-20 19:49:44,Average product rating out of 5: 4.0. Product score is based on 1 ratings,1,,True
52f03931-95da-4999-9ed9-d0c8437987d5,Woolworths Supermarket,Health & Beauty,Revlon Ultra Hd Matte Lipcolor Embrace Lipstick 5.9ml,669218,$25.00,$42.37 / 10ML,https://www.woolworths.com.au/shop/productdetails/669218/revlon-ultra-hd-matte-lipcolor-embrace-lipstick,https://cdn0.woolworths.media/content/wowproductimages/medium/669218.jpg,2020-09-20 19:49:44,,0,,True
e141d7c6-f29d-40c0-955f-a9e502511823,Woolworths Supermarket,Health & Beauty,Revlon Colorstay Pressed Powder Light Medium 8.4g,669221,$35.00,$41.67 / 10G,https://www.woolworths.com.au/shop/productdetails/669221/revlon-colorstay-pressed-powder-light-medium,https://cdn0.woolworths.media/content/wowproductimages/medium/669221.jpg,2020-09-20 19:49:44,Average product rating out of 5: 3.0. Product score is based on 1 ratings,1,,True
d1f48611-c0ca-40c7-b915-2a01131bb8c4,Woolworths Supermarket,Health & Beauty,Revlon Colorstay 16hr Eyeshadow Decadent 4.8g,669229,$25.00,$52.08 / 10G,https://www.woolworths.com.au/shop/productdetails/669229/revlon-colorstay-16hr-eyeshadow-decadent,https://cdn0.woolworths.media/content/wowproductimages/medium/669229.jpg,2020-09-20 19:49:44,,0,,True
e49ed8fa-a796-4db0-aaae-09ffd0f354c0,Woolworths Supermarket,Health & Beauty,Revlon Colorstay Lipliner Red 0.28g,669231,$23.00,$821.43 / 10G,https://www.woolworths.com.au/shop/productdetails/669231/revlon-colorstay-lipliner-red,https://cdn0.woolworths.media/content/wowproductimages/medium/669231.jpg,2020-09-20 19:49:44,,0,,True
56b9983e-83c8-475c-9bcf-c194391e8c6b,Woolworths Supermarket,Health & Beauty,Revlon Photo Ready Makeup Primer Shadow + Sparkle Metropolitan 2.8g,669236,$26.00,$92.86 / 10G,https://www.woolworths.com.au/shop/productdetails/669236/revlon-photo-ready-makeup-primer-shadow-sparkle-metropolitan,https://cdn0.woolworths.media/content/wowproductimages/medium/669236.jpg,2020-09-20 19:49:44,,0,,True
ac1f4d09-2b4b-477b-a1f1-b2e35d896605,Woolworths Supermarket,Health & Beauty,Revlon Color Stay Liquid Eye Liner Blackest Black 2.5ml,669248,$26.00,$104.00 / 10ML,https://www.woolworths.com.au/shop/productdetails/669248/revlon-color-stay-liquid-eye-liner-blackest-black,https://cdn0.woolworths.media/content/wowproductimages/medium/669248.jpg,2020-09-20 19:49:44,,0,,True
0e521a1e-278b-41be-b007-e2c79c0e73b2,Woolworths Supermarket,Health & Beauty,Revlon Photoready Makeup Primer Shadow + Sparkle Impressionist 2.8g,669251,$26.00,$92.86 / 10G,https://www.woolworths.com.au/shop/productdetails/669251/revlon-photoready-makeup-primer-shadow-sparkle-impressionist,https://cdn0.woolworths.media/content/wowproductimages/medium/669251.jpg,2020-09-20 19:49:44,,0,,True
093511df-56b1-4a67-9372-5c6d978e7b19,Woolworths Supermarket,Health & Beauty,Revlon Colorstay Eye Liner Charcoal 0.28g,669255,$24.00,$857.14 / 10G,https://www.woolworths.com.au/shop/productdetails/669255/revlon-colorstay-eye-liner-charcoal,https://cdn0.woolworths.media/content/wowproductimages/medium/669255.jpg,2020-09-20 19:49:44,Average product rating out of 5: 4.0. Product score is based on 2 ratings,2,,True
e14152f4-ed72-4dd4-9a9b-b6f153b1e640,Woolworths Supermarket,Health & Beauty,Revlon Photoready Concealer Light 3.2g,669272,$25.00,$78.13 / 10G,https://www.woolworths.com.au/shop/productdetails/669272/revlon-photoready-concealer-light,https://cdn0.woolworths.media/content/wowproductimages/medium/669272.jpg,2020-09-20 19:49:44,Average product rating out of 5: 5.0. Product score is based on 1 ratings,1,,True
936127eb-518d-450f-92b0-dd4c1dd38ec6,Woolworths Supermarket,Health & Beauty,Revlon Photoready Concealer 003 Medium Deep 3.2g,669274,$25.00,$78.13 / 10G,https://www.woolworths.com.au/shop/productdetails/669274/revlon-photoready-concealer-003-medium-deep,https://cdn0.woolworths.media/content/wowproductimages/medium/669274.jpg,2020-09-20 19:49:44,Average product rating out of 5: 5.0. Product score is based on 1 ratings,1,,True
ec7fa397-0ea2-4e03-a1f2-71d48c08daac,Woolworths Supermarket,Health & Beauty,Revlon Photoready Powder Light Medium 7.1g,669275,$37.00,$52.11 / 10G,https://www.woolworths.com.au/shop/productdetails/669275/revlon-photoready-powder-light-medium,https://cdn0.woolworths.media/content/wowproductimages/medium/669275.jpg,2020-09-20 19:49:44,Average product rating out of 5: 5.0. Product score is based on 2 ratings,2,,True
4ccd47ef-7996-42a2-9b75-b5985d106e7f,Woolworths Supermarket,Health & Beauty,L'oreal Paris True Match Concealer 2n Vanilla 6.8ml,673306,$20.00,$29.41 / 10ML,https://www.woolworths.com.au/shop/productdetails/673306/l-oreal-paris-true-match-concealer-2n-vanilla,https://cdn0.woolworths.media/content/wowproductimages/medium/673306.jpg,2020-09-20 19:49:44,,0,,True
fbb9828c-026a-4c58-8f14-8e817ec15614,Woolworths Supermarket,Health & Beauty,L'oreal Paris True Match Concealer 3w Golden Beige 6.8ml,673351,$20.00,$29.41 / 10ML,https://www.woolworths.com.au/shop/productdetails/673351/l-oreal-paris-true-match-concealer-3w-golden-beige,https://cdn0.woolworths.media/content/wowproductimages/medium/673351.jpg,2020-09-20 19:49:44,,0,,True
3005f4a0-ae60-4c30-b7df-f4a44c23752b,Woolworths Supermarket,Health & Beauty,Revlon Colorstay Lipliner Mauve Lipliner Mauve 0.28g,675771,$23.00,,https://www.woolworths.com.au/shop/productdetails/675771/revlon-colorstay-lipliner-mauve-lipliner-mauve,https://cdn0.woolworths.media/content/wowproductimages/medium/675771.jpg,2020-09-20 19:49:44,,0,,True
e480907b-600d-4899-a79e-ffd26857f245,Woolworths Supermarket,Health & Beauty,Eylure Baroque Luxe False Lash each,688854,$18.00,$18.00 / 1EA,https://www.woolworths.com.au/shop/productdetails/688854/eylure-baroque-luxe-false-lash,https://cdn0.woolworths.media/content/wowproductimages/medium/688854.jpg,2020-09-20 19:49:44,,0,,True
1ab629f9-467e-4d55-9244-5fb550564977,Woolworths Supermarket,Health & Beauty,Revlon Mineral Powder Make Up Medium 28.3g,710910,$30.00,$10.60 / 10G,https://www.woolworths.com.au/shop/productdetails/710910/revlon-mineral-powder-make-up-medium,https://cdn0.woolworths.media/content/wowproductimages/medium/710910.jpg,2020-09-20 19:49:44,,0,,True
1a022060-0d7d-44f1-a82e-62b525e75917,Woolworths Supermarket,Health & Beauty,Sally Hansen Polish Remover Strengthening Remover Strengthening 150ml,752305,$5.00,$0.33 / 10ML,https://www.woolworths.com.au/shop/productdetails/752305/sally-hansen-polish-remover-strengthening-remover-strengthening,https://cdn0.woolworths.media/content/wowproductimages/medium/752305.jpg,2020-09-20 19:49:44,Average product rating out of 5: 4.5. Product score is based on 2 ratings,2,,True
19a04639-1340-4efb-8486-c70ff3ea34a2,Woolworths Supermarket,Health & Beauty,L'oreal Volume Million Lashes Mascara Black 9ml,752708,$25.00,$27.78 / 10ML,https://www.woolworths.com.au/shop/productdetails/752708/l-oreal-volume-million-lashes-mascara-black,https://cdn0.woolworths.media/content/wowproductimages/medium/752708.jpg,2020-09-20 19:49:44,,0,,True
26d3aff8-2789-4faa-bbb6-36fd1f7f1eba,Woolworths Supermarket,Health & Beauty,L'oreal Paris Flash Telescopic Mascara Magnetic Black 9ml,752714,$27.00,$30.00 / 10ML,https://www.woolworths.com.au/shop/productdetails/752714/l-oreal-paris-flash-telescopic-mascara-magnetic-black,https://cdn0.woolworths.media/content/wowproductimages/medium/752714.jpg,2020-09-20 19:49:44,,0,,True
35e5263a-33a3-47d4-91ab-545ba1fcb645,Woolworths Supermarket,Health & Beauty,L'oreal Paris Macscara Telescopic Black 8ml,752728,$27.00,$33.75 / 10ML,https://www.woolworths.com.au/shop/productdetails/752728/l-oreal-paris-macscara-telescopic-black,https://cdn0.woolworths.media/content/wowproductimages/medium/752728.jpg,2020-09-20 19:49:44,Average product rating out of 5: 4.0. Product score is based on 1 ratings,1,,True
2a1e9362-ebb5-4879-a92b-380f36d6cafc,Woolworths Supermarket,Health & Beauty,L'oreal Paris Volume Million Lashes Waterproof Black Mascara 9ml,752730,$25.00,$27.78 / 10ML,https://www.woolworths.com.au/shop/productdetails/752730/l-oreal-paris-volume-million-lashes-waterproof-black-mascara,https://cdn0.woolworths.media/content/wowproductimages/medium/752730.jpg,2020-09-20 19:49:44,Average product rating out of 5: 3.0. Product score is based on 2 ratings,2,,True
03a9a179-427e-4cc6-aa17-99df6e6d5b3c,Woolworths Supermarket,Health & Beauty,L'oreal Paris Blush True Match 120 Sandalwood 5g,752953,$26.00,$52.00 / 10G,https://www.woolworths.com.au/shop/productdetails/752953/l-oreal-paris-blush-true-match-120-sandalwood,https://cdn0.woolworths.media/content/wowproductimages/medium/752953.jpg,2020-09-20 19:49:44,,0,,True
690fa2bc-c9e2-4934-9e01-981ddf1c40c8,Woolworths Supermarket,Health & Beauty,L'oreal Paris Base Magique Smoothing Primer 15ml,752990,$30.00,$20.00 / 10ML,https://www.woolworths.com.au/shop/productdetails/752990/l-oreal-paris-base-magique-smoothing-primer,https://cdn0.woolworths.media/content/wowproductimages/medium/752990.jpg,2020-09-20 19:49:44,Average product rating out of 5: 5.0. Product score is based on 1 ratings,1,,True
34323cac-9406-4bd6-8f74-8b895bc5dc6a,Woolworths Supermarket,Health & Beauty,Revlon Age Defying Firm & Lift Make Up Bare Buff 30ml,815295,$40.00,$13.33 / 10ML,https://www.woolworths.com.au/shop/productdetails/815295/revlon-age-defying-firm-lift-make-up-bare-buff,https://cdn0.woolworths.media/content/wowproductimages/medium/815295.jpg,2020-09-20 19:49:44,Average product rating out of 5: 4.0. Product score is based on 1 ratings,1,,True
0def2020-00ef-4f96-93da-cdc2026365ba,Woolworths Supermarket,Health & Beauty,Revlon Super Lustrous Lipstick Rum Raisin each,815303,$25.00,$59.52 / 10G,https://www.woolworths.com.au/shop/productdetails/815303/revlon-super-lustrous-lipstick-rum-raisin,https://cdn0.woolworths.media/content/wowproductimages/medium/815303.jpg,2020-09-20 19:49:44,Average product rating out of 5: 4.5. Product score is based on 2 ratings,2,,True
018e8809-3de8-4b04-805d-52ba72947233,Woolworths Supermarket,Health & Beauty,Revlon Super Lustrous Lipstick Teak Rose each,815305,$25.00,$59.52 / 10G,https://www.woolworths.com.au/shop/productdetails/815305/revlon-super-lustrous-lipstick-teak-rose,https://cdn0.woolworths.media/content/wowproductimages/medium/815305.jpg,2020-09-20 19:49:44,,0,,True
9a8876da-431e-4c8c-95bf-d77bea5c6b7e,Woolworths Supermarket,Health & Beauty,L'oreal Paris True Match Foundation 3n Creamy Beige 30ml,817172,$30.00,$10.00 / 10ML,https://www.woolworths.com.au/shop/productdetails/817172/l-oreal-paris-true-match-foundation-3n-creamy-beige,https://cdn0.woolworths.media/content/wowproductimages/medium/817172.jpg,2020-09-20 19:49:44,,0,,True
b18478f7-1133-4cc8-ac52-08d2068eb256,Woolworths Supermarket,Health & Beauty,L'oreal Paris Brow Artist Xpert Cool Blonde 9.6g,818487,$20.00,$20.83 / 10G,https://www.woolworths.com.au/shop/productdetails/818487/l-oreal-paris-brow-artist-xpert-cool-blonde,https://cdn0.woolworths.media/content/wowproductimages/medium/818487.jpg,2020-09-20 19:49:44,,0,,True
a09f986b-7574-46b0-b4d5-ae279e0d700a,Woolworths Supermarket,Health & Beauty,L'oreal Paris Color Riche Matte Cherry 4.3g,819310,$22.00,$51.16 / 10G,https://www.woolworths.com.au/shop/productdetails/819310/l-oreal-paris-color-riche-matte-cherry,https://cdn0.woolworths.media/content/wowproductimages/medium/819310.jpg,2020-09-20 19:49:44,,0,,True
1b07ca37-6740-4f4a-b06d-592fe08e7e8f,Woolworths Supermarket,Health & Beauty,L'oreal Paris Foundation True Match Liquid Beige 30ml,829772,$30.00,$100.00 / 100ML,https://www.woolworths.com.au/shop/productdetails/829772/l-oreal-paris-foundation-true-match-liquid-beige,https://cdn0.woolworths.media/content/wowproductimages/medium/829772.jpg,2020-09-20 19:49:44,,0,,True
d5b2f678-b303-4c63-b156-854db39afee8,Woolworths Supermarket,Health & Beauty,L'oreal Paris Foundation True Match Liquid Golden Ivory 30ml,829776,$30.00,$100.00 / 100ML,https://www.woolworths.com.au/shop/productdetails/829776/l-oreal-paris-foundation-true-match-liquid-golden-ivory,https://cdn0.woolworths.media/content/wowproductimages/medium/829776.jpg,2020-09-20 19:49:44,,0,,True
77c84574-06e1-4797-8a6b-e709d31809d0,Woolworths Supermarket,Health & Beauty,L'oreal Paris Foundation True Match Liquid Golden Beige 30ml,829782,$30.00,$100.00 / 100ML,https://www.woolworths.com.au/shop/productdetails/829782/l-oreal-paris-foundation-true-match-liquid-golden-beige,https://cdn0.woolworths.media/content/wowproductimages/medium/829782.jpg,2020-09-20 19:49:44,,0,,True
8458979f-9c2e-4950-8594-afe6ab3e8019,Woolworths Supermarket,Health & Beauty,L'oreal Paris Eye Liner Perfect Slim Intense Black each,829806,$23.00,$32.86 / 10G,https://www.woolworths.com.au/shop/productdetails/829806/l-oreal-paris-eye-liner-perfect-slim-intense-black,https://cdn0.woolworths.media/content/wowproductimages/medium/829806.jpg,2020-09-20 19:49:44,,0,,True
180a675c-fc3d-4ab3-8c8e-48968785055b,Woolworths Supermarket,Health & Beauty,L'oreal Paris Color Riche Lipstick Blush In Plum 4.2g,829828,$22.00,$52.38 / 10G,https://www.woolworths.com.au/shop/productdetails/829828/l-oreal-paris-color-riche-lipstick-blush-in-plum,https://cdn0.woolworths.media/content/wowproductimages/medium/829828.jpg,2020-09-20 19:49:44,Average product rating out of 5: 5.0. Product score is based on 1 ratings,1,,True
0aac10f4-df38-4ee5-9ed2-dd36de304600,Woolworths Supermarket,Health & Beauty,L'oreal Paris Infallible Matte Primer 35ml,875017,$30.00,$8.57 / 10ML,https://www.woolworths.com.au/shop/productdetails/875017/l-oreal-paris-infallible-matte-primer,https://cdn0.woolworths.media/content/wowproductimages/medium/875017.jpg,2020-09-20 19:49:44,,0,,True
62260622-1032-4947-aeb8-583ca07228ad,Woolworths Supermarket,Health & Beauty,Instant Hand Sanitiser 30ml,091577,$2.00,$6.67 / 100ML,https://www.woolworths.com.au/shop/productdetails/91577/instant-hand-sanitiser,https://cdn0.woolworths.media/content/wowproductimages/medium/091577.jpg,2020-09-20 19:49:44,,0,,True
1b637501-c693-4b70-b47c-5422bde414df,Woolworths Supermarket,Health & Beauty,Evamay Pads With Wings Regular 16 pack,827949,,,https://www.woolworths.com.au/shop/productdetails/827949/evamay-pads-with-wings-regular,https://cdn0.woolworths.media/content/wowproductimages/medium/827949.jpg,2020-09-20 19:49:44,Average product rating out of 5: 3.9. Product score is based on 194 ratings,194,,False
178fda45-742b-4d99-97ef-f9c7a8a9176e,Woolworths Supermarket,Health & Beauty,Dettol 2 In 1 Antibacterial Wipes 60 pack,852046,$8.50,$0.14 / 1EA,https://www.woolworths.com.au/shop/productdetails/852046/dettol-2-in-1-antibacterial-wipes,https://cdn0.woolworths.media/content/wowproductimages/medium/852046.jpg,2020-09-20 19:49:44,,0,,True
e6988a92-9b2c-4bb9-a3a5-54d58acb1a63,Woolworths Supermarket,Health & Beauty,Dettol Handwash Lime And Orange Blossom Pump 250ml,051630,$2.50,$1.00 / 100ML,https://www.woolworths.com.au/shop/productdetails/51630/dettol-handwash-lime-and-orange-blossom-pump,https://cdn0.woolworths.media/content/wowproductimages/medium/051630.jpg,2020-09-20 19:49:44,Average product rating out of 5: 4.6. Product score is based on 11 ratings,11,Was $3.59 16/05/2016,True
72f6dc10-2c96-450b-8753-37aedd4558ab,Woolworths Supermarket,Health & Beauty,Balnea Original Antibacterial Hand Wash Refill 750ml,505883,$2.50,$0.33 / 100ML,https://www.woolworths.com.au/shop/productdetails/505883/balnea-original-antibacterial-hand-wash-refill,https://cdn0.woolworths.media/content/wowproductimages/medium/505883.jpg,2020-09-20 19:49:44,Average product rating out of 5: 4.6. Product score is based on 32 ratings,32,,True
7fe759a8-cac9-4ab1-aee6-b1005c13660a,Woolworths Supermarket,Health & Beauty,Palmolive Antibacterial Foaming Liquid Hand Wash Lime & Mint 250ml,724892,$3.50,$1.40 / 100ML,https://www.woolworths.com.au/shop/productdetails/724892/palmolive-antibacterial-foaming-liquid-hand-wash-lime-mint,https://cdn0.woolworths.media/content/wowproductimages/medium/724892.jpg,2020-09-20 19:49:44,Average product rating out of 5: 4.4. Product score is based on 25 ratings,25,,True
1213b797-bc4d-4ec1-84c8-be2247203e87,Woolworths Supermarket,Health & Beauty,Wonder Peppa Pig Training Facial Tissues Pocket 6 x9 pack,066599,$3.00,$5.56 / 100SS,https://www.woolworths.com.au/shop/productdetails/66599/wonder-peppa-pig-training-facial-tissues-pocket,https://cdn0.woolworths.media/content/wowproductimages/medium/066599.jpg,2020-09-20 19:49:44,,0,,True
392bc674-4484-4d77-9b20-46eb20d3b18b,Woolworths Supermarket,Health & Beauty,Piaf Hand Sanitiser 100ml,089014,$2.50,$2.50 / 100ML,https://www.woolworths.com.au/shop/productdetails/89014/piaf-hand-sanitiser,https://cdn0.woolworths.media/content/wowproductimages/medium/089014.jpg,2020-09-20 19:49:44,,0,,True
87eb5696-df1f-4f09-bdee-5254f336440f,Woolworths Supermarket,Health & Beauty,Mud Cover Up Concealer Natural Beige 6ml,558949,$3.00,$5.00 / 10ML,https://www.woolworths.com.au/shop/productdetails/558949/mud-cover-up-concealer-natural-beige,https://cdn0.woolworths.media/content/wowproductimages/medium/558949.jpg,2020-09-20 19:49:44,,0,,True
76edbf2e-8909-4ec1-aba3-3b33ada30fe7,Woolworths Supermarket,Health & Beauty,Mud Kajal Eyeliner Smudge Black 1g,559223,$3.00,$30.00 / 10G,https://www.woolworths.com.au/shop/productdetails/559223/mud-kajal-eyeliner-smudge-black,https://cdn0.woolworths.media/content/wowproductimages/medium/559223.jpg,2020-09-20 19:49:44,Average product rating out of 5: 5.0. Product score is based on 1 ratings,1,,True
b78cf1d6-bdee-4bd2-906f-c60928410ef9,Woolworths Supermarket,Health & Beauty,Mud Cc Cream 002 Medium To Dark 40ml,868688,$4.50,$1.13 / 10ML,https://www.woolworths.com.au/shop/productdetails/868688/mud-cc-cream-002-medium-to-dark,https://cdn0.woolworths.media/content/wowproductimages/medium/868688.jpg,2020-09-20 19:49:44,,0,,True
