id,supermarket,category,product_name,product_id,price,cup_price,product_url,img_url,viewed_date,ratings,rating_count,product_specials,available_in_stock
9de473c2-f25a-408d-b3e0-77e622943d4b,Woolworths Supermarket,Household,Homebrand Disinfectant Eucalyptus 2l,018242,$1.39,$0.07 / 100ML,https://www.woolworths.com.au/shop/productdetails/18242/homebrand-disinfectant-eucalyptus,https://cdn0.woolworths.media/content/wowproductimages/medium/018242.jpg,2020-09-20 15:36:09,Average product rating out of 5: 4.2. Product score is based on 397 ratings,397,,True
13c0fdac-8d67-4415-a136-226e496fef81,Woolworths Supermarket,Household,Essentials Household Sponge 5 pack,025724,$1.60,$0.32 / 1EA,https://www.woolworths.com.au/shop/productdetails/25724/essentials-household-sponge,https://cdn0.woolworths.media/content/wowproductimages/medium/025724.jpg,2020-09-20 15:36:09,,0,,True
9de6b0a0-592e-449a-ab4f-f9731f047ebd,Woolworths Supermarket,Household,Woolworths Multipurpose Sprayer 500ml,054789,$2.00,,https://www.woolworths.com.au/shop/productdetails/54789/woolworths-multipurpose-sprayer,https://cdn0.woolworths.media/content/wowproductimages/medium/054789.jpg,2020-09-20 15:36:09,,0,,True
0d3e719d-bf17-48f1-a6c3-1b239da409ac,Woolworths Supermarket,Household,Finish Dishwasher Cleaner Liquid Original 250ml,089050,$4.00,$1.60 / 100ML,https://www.woolworths.com.au/shop/productdetails/89050/finish-dishwasher-cleaner-liquid-original,https://cdn0.woolworths.media/content/wowproductimages/medium/089050.jpg,2020-09-20 15:36:09,,0,,True
998188f9-f4ba-4e8e-9e53-448c3d03ff19,Woolworths Supermarket,Household,Radiant No Sort Laundry Liquid Front & Top Loader 2l,484607,$8.00,$4.00 / 1L,https://www.woolworths.com.au/shop/productdetails/484607/radiant-no-sort-laundry-liquid-front-top-loader,https://cdn0.woolworths.media/content/wowproductimages/medium/484607.jpg,2020-09-20 15:36:09,,0,,True
1bf4bc54-bf0c-4b00-a82d-cf66aeb3fc32,Woolworths Supermarket,Household,Harpic Plat Pro Shield Toilet Liquid Marine Explosion 500ml,022712,$2.50,$0.50 / 100ML,https://www.woolworths.com.au/shop/productdetails/22712/harpic-plat-pro-shield-toilet-liquid-marine-explosion,https://cdn0.woolworths.media/content/wowproductimages/medium/022712.jpg,2020-09-20 15:36:09,,0,,True
e199744b-e747-4120-8bb5-3a9150dc6fa7,Woolworths Supermarket,Household,Essentials Bleach Lemon 2l,008959,$1.70,$0.85 / 1L,https://www.woolworths.com.au/shop/productdetails/8959/essentials-bleach-lemon,https://cdn0.woolworths.media/content/wowproductimages/medium/008959.jpg,2020-09-20 15:36:09,Average product rating out of 5: 4.4. Product score is based on 237 ratings,237,,True
d8f43c10-8232-451f-acff-c911c8f93887,Woolworths Supermarket,Household,Hovex Insect Control Camphor 18g,048278,$2.80,$15.56 / 100G,https://www.woolworths.com.au/shop/productdetails/48278/hovex-insect-control-camphor,https://cdn0.woolworths.media/content/wowproductimages/medium/048278.jpg,2020-09-20 15:36:09,,0,,True
d8332060-ef3f-47b0-807b-58f024d2f338,Woolworths Supermarket,Household,Shine Dishwasher Cleaner Lemon Scented 250ml,688073,$2.99,$1.20 / 100ML,https://www.woolworths.com.au/shop/productdetails/688073/shine-dishwasher-cleaner-lemon-scented,https://cdn0.woolworths.media/content/wowproductimages/medium/688073.jpg,2020-09-20 15:36:09,,0,,True
bf910e5e-f4b4-44d6-84cf-07db1e620848,Woolworths Supermarket,Household,Shine Squeegee each,789512,$4.50,$4.50 / 1EA,https://www.woolworths.com.au/shop/productdetails/789512/shine-squeegee,https://cdn0.woolworths.media/content/wowproductimages/medium/789512.jpg,2020-09-20 15:36:09,,0,,True
57494fe0-4de4-49e7-9a15-67deb85874b8,Woolworths Supermarket,Household,Brunnings White Oil Aerosol 400g,000799,$8.80,$2.20 / 100G,https://www.woolworths.com.au/shop/productdetails/799/brunnings-white-oil-aerosol,https://cdn0.woolworths.media/content/wowproductimages/medium/000799.jpg,2020-09-20 15:36:09,,0,,True
76ecf2e5-1f30-4d61-97e4-7c6b69b3d2d9,Woolworths Supermarket,Household,Bosisto's Bathroom & Shower Cleaner 500ml,000951,$5.00,$1.00 / 100ML,https://www.woolworths.com.au/shop/productdetails/951/bosisto-s-bathroom-shower-cleaner,https://cdn0.woolworths.media/content/wowproductimages/medium/000951.jpg,2020-09-20 15:36:09,,0,,True
3c3417e9-17a4-4a5c-b947-5b9a22d31424,Woolworths Supermarket,Household,Vanish Preen Stain Remover Original Aerosol 300g,001140,$5.00,$16.67 / 1KG,https://www.woolworths.com.au/shop/productdetails/1140/vanish-preen-stain-remover-original-aerosol,https://cdn0.woolworths.media/content/wowproductimages/medium/001140.jpg,2020-09-20 15:36:09,,0,Was $5.99 09/10/2017,True
a00a624e-bd6c-4b40-8e9a-4b17eb8e7396,Woolworths Supermarket,Household,Kleenex Facial Tissue Eucalyptus 140 pack,001475,$3.00,$2.14 / 100SS,https://www.woolworths.com.au/shop/productdetails/1475/kleenex-facial-tissue-eucalyptus,https://cdn0.woolworths.media/content/wowproductimages/medium/001475.jpg,2020-09-20 15:36:09,,0,Was $3.85 20/01/2020,True
af1988cf-8780-4d37-8246-2eca8922d285,Woolworths Supermarket,Household,Pine O Cleen Disinfectant Pine 1.25l,001846,$6.00,$0.48 / 100ML,https://www.woolworths.com.au/shop/productdetails/1846/pine-o-cleen-disinfectant-pine,https://cdn0.woolworths.media/content/wowproductimages/medium/001846.jpg,2020-09-20 15:36:09,,0,,True
6c53f711-546f-41bf-ad91-785a5a45a5dc,Woolworths Supermarket,Household,Bosisto's Multipurpose Cleaner 500ml,001866,$5.00,$1.00 / 100ML,https://www.woolworths.com.au/shop/productdetails/1866/bosisto-s-multipurpose-cleaner,https://cdn0.woolworths.media/content/wowproductimages/medium/001866.jpg,2020-09-20 15:36:09,,0,,True
c46808f5-8ffa-4e42-a8a7-902a3e3658a5,Woolworths Supermarket,Household,Ratsak Rat & Mouse Baits Double Strength 350g,001999,$7.70,$2.20 / 100G,https://www.woolworths.com.au/shop/productdetails/1999/ratsak-rat-mouse-baits-double-strength,https://cdn0.woolworths.media/content/wowproductimages/medium/001999.jpg,2020-09-20 15:36:09,,0,,True
ad2d987c-30fb-42e9-ab58-6165828d58f7,Woolworths Supermarket,Household,Selleys Liquid Nails Liquid Nails 320g,002354,$7.50,$2.34 / 100G,https://www.woolworths.com.au/shop/productdetails/2354/selleys-liquid-nails-liquid-nails,https://cdn0.woolworths.media/content/wowproductimages/medium/002354.jpg,2020-09-20 15:36:09,,0,,True
d07261dc-c96f-4f54-9e6d-b7352f84a592,Woolworths Supermarket,Household,Lock Guard Key Safe each,002389,$25.00,,https://www.woolworths.com.au/shop/productdetails/2389/lock-guard-key-safe,https://cdn0.woolworths.media/content/wowproductimages/medium/002389.jpg,2020-09-20 15:36:09,,0,,True
bb4d41f6-ec1e-4ed9-a60f-5ba40a6b9224,Woolworths Supermarket,Household,Razzamatazz Knee Hi Sheer Soft Tan 2 pack,002577,$6.00,,https://www.woolworths.com.au/shop/productdetails/2577/razzamatazz-knee-hi-sheer-soft-tan,https://cdn0.woolworths.media/content/wowproductimages/medium/002577.jpg,2020-09-20 15:36:09,,0,,True
240d52ee-aa22-4d26-9073-472cedcd7a7f,Woolworths Supermarket,Household,Armor All Car Care Tyre Foam 500g,002690,$10.00,$2.00 / 100G,https://www.woolworths.com.au/shop/productdetails/2690/armor-all-car-care-tyre-foam,https://cdn0.woolworths.media/content/wowproductimages/medium/002690.jpg,2020-09-20 15:36:09,,0,,True
5b599223-92cc-4a69-9ff6-3fc6bda4c834,Woolworths Supermarket,Household,Fresh & Crisp Resealable Storage Bags Medium 10 pack,002824,$3.00,$0.30 / 1EA,https://www.woolworths.com.au/shop/productdetails/2824/fresh-crisp-resealable-storage-bags-medium,https://cdn0.woolworths.media/content/wowproductimages/medium/002824.jpg,2020-09-20 15:36:09,,0,,True
233463e1-cbb7-435f-8b8d-8bf2f1fcece9,Woolworths Supermarket,Household,Dettol Antibacterial Floor Cleaning Wipes Lemon And Lime 25 pack,003966,$9.00,$0.36 / 1EA,https://www.woolworths.com.au/shop/productdetails/3966/dettol-antibacterial-floor-cleaning-wipes-lemon-and-lime,https://cdn0.woolworths.media/content/wowproductimages/medium/003966.jpg,2020-09-20 15:36:09,,0,,True
564db97b-7e20-47a7-a8fb-b577c0a0780d,Woolworths Supermarket,Household,Armor All Car Care Multi Purpose Cleaner 500ml,004152,$9.00,$1.80 / 100ML,https://www.woolworths.com.au/shop/productdetails/4152/armor-all-car-care-multi-purpose-cleaner,https://cdn0.woolworths.media/content/wowproductimages/medium/004152.jpg,2020-09-20 15:36:09,,0,,True
4b657fb4-57af-45be-8661-89b846fa0ef8,Woolworths Supermarket,Household,Finish Powder Concentrate Classic Lemon 1kg,705056,$12.00,$1.20 / 100G,https://www.woolworths.com.au/shop/productdetails/705056/finish-powder-concentrate-classic-lemon,https://cdn0.woolworths.media/content/wowproductimages/medium/705056.jpg,2020-09-20 15:36:09,,0,,True
30ee9b47-0e0b-482f-af34-cf744837ebee,Woolworths Supermarket,Household,Handee Ultra Paper Towel White 3 pack,252037,$4.40,$2.44 / 100SS,https://www.woolworths.com.au/shop/productdetails/252037/handee-ultra-paper-towel-white,https://cdn0.woolworths.media/content/wowproductimages/medium/252037.jpg,2020-09-20 15:36:09,,0,,True
b1c9badd-dd6e-4b6e-88f5-a8b894216778,Woolworths Supermarket,Household,Quilton 2ply Tissue Hypo-allergenic 250 pack,644239,$2.50,$1.00 / 100SS,https://www.woolworths.com.au/shop/productdetails/644239/quilton-2ply-tissue-hypo-allergenic,https://cdn0.woolworths.media/content/wowproductimages/medium/644239.jpg,2020-09-20 15:36:09,,0,,True
a2fc316a-f987-4c2c-8b25-1173fae9db07,Woolworths Supermarket,Household,Quilton Facial Tissues Soft White 95pk,829630,$1.25,$1.32 / 100SS,https://www.woolworths.com.au/shop/productdetails/829630/quilton-facial-tissues-soft-white,https://cdn0.woolworths.media/content/wowproductimages/medium/829630.jpg,2020-09-20 15:36:09,,0,,True
88d5e8ab-8952-40f1-be03-2bb6fb201566,Woolworths Supermarket,Household,Viva Paper Towel White 2 pack,176852,$1.75,$1.46 / 100SS,https://www.woolworths.com.au/shop/productdetails/176852/viva-paper-towel-white,https://cdn0.woolworths.media/content/wowproductimages/medium/176852.jpg,2020-09-20 15:36:09,,0,,True
e9b57c37-e677-404e-9b73-6f209e22f191,Woolworths Supermarket,Household,Glad Baking Paper 25m,299138,$6.00,$0.24 / 1M,https://www.woolworths.com.au/shop/productdetails/299138/glad-baking-paper,https://cdn0.woolworths.media/content/wowproductimages/medium/299138.jpg,2020-09-20 15:36:09,,0,,True
eb8a5aae-5395-4a87-aa4f-c6e78d0e8b49,Woolworths Supermarket,Household,Armada Baking Paper 15m,252787,$2.70,$0.18 / 1M,https://www.woolworths.com.au/shop/productdetails/252787/armada-baking-paper,https://cdn0.woolworths.media/content/wowproductimages/medium/252787.jpg,2020-09-20 15:36:09,,0,,True
552f1a6c-9d8f-418e-afa5-9ce6b8ba9ad1,Woolworths Supermarket,Household,Essentials Facial Tissues 224 pack,759496,$1.00,$0.45 / 100SS,https://www.woolworths.com.au/shop/productdetails/759496/essentials-facial-tissues,https://cdn0.woolworths.media/content/wowproductimages/medium/759496.jpg,2020-09-20 15:36:09,Average product rating out of 5: 3.9. Product score is based on 672 ratings,672,,True
1836eede-747f-45a5-835a-24174b32840e,Woolworths Supermarket,Household,Quilton Tuffy Paper Towel Triple Length 2 pack,785317,$6.00,$1.67 / 100SS,https://www.woolworths.com.au/shop/productdetails/785317/quilton-tuffy-paper-towel-triple-length,https://cdn0.woolworths.media/content/wowproductimages/medium/785317.jpg,2020-09-20 15:36:09,,0,Was $6.80 06/07/2020,True
7efbff48-13c6-4920-9feb-3e59ceb6ba71,Woolworths Supermarket,Household,Armada Large Kitchen Tidy Bag Lavender/lemon Scented 25 pack,517111,$2.00,$0.08 / 1EA,https://www.woolworths.com.au/shop/productdetails/517111/armada-large-kitchen-tidy-bag-lavender-lemon-scented,https://cdn0.woolworths.media/content/wowproductimages/medium/517111.jpg,2020-09-20 15:36:09,Average product rating out of 5: 4.5. Product score is based on 602 ratings,602,Was $2.50 17/09/2018,True
8bbfda16-83b6-430a-a38d-5b6506cff4d6,Woolworths Supermarket,Household,Kleenex Facial Tissues 200 pack,063899,$2.00,$1.00 / 100SS,https://www.woolworths.com.au/shop/productdetails/63899/kleenex-facial-tissues,https://cdn0.woolworths.media/content/wowproductimages/medium/063899.jpg,2020-09-20 15:36:09,,0,Was $2.20 26/02/2020,True
410ada3b-f34d-4bac-9bd5-f3f1aca6280f,Woolworths Supermarket,Household,Shine Rinse Aid 500ml,686173,$2.90,$0.58 / 100ML,https://www.woolworths.com.au/shop/productdetails/686173/shine-rinse-aid,https://cdn0.woolworths.media/content/wowproductimages/medium/686173.jpg,2020-09-20 15:36:09,Average product rating out of 5: 4.8. Product score is based on 19 ratings,19,,True
bee4fb0b-b3fa-4261-b4c4-36e26d3f597c,Woolworths Supermarket,Household,Armada Freezer Bags Medium 80 pack,036286,$0.60,$0.01 / 1EA,https://www.woolworths.com.au/shop/productdetails/36286/armada-freezer-bags-medium,https://cdn0.woolworths.media/content/wowproductimages/medium/036286.jpg,2020-09-20 15:36:09,Average product rating out of 5: 4.5. Product score is based on 107 ratings,107,,True
cf1edf9a-b616-4c6d-8b6f-3d13a59d6209,Woolworths Supermarket,Household,Strike Disinfectant Wipes Lemon 100 pack,518438,$3.50,$0.04 / 1EA,https://www.woolworths.com.au/shop/productdetails/518438/strike-disinfectant-wipes-lemon,https://cdn0.woolworths.media/content/wowproductimages/medium/518438.jpg,2020-09-20 15:36:09,Average product rating out of 5: 4.3. Product score is based on 2496 ratings,2496,,True
4e097336-695e-4faa-936f-c8ca9fb58b87,Woolworths Supermarket,Household,Handee Ultra Paper Towel White 2 pack,019787,$3.50,$2.92 / 100SS,https://www.woolworths.com.au/shop/productdetails/19787/handee-ultra-paper-towel-white,https://cdn0.woolworths.media/content/wowproductimages/medium/019787.jpg,2020-09-20 15:36:09,,0,,True
3bafce97-392a-4bc2-ac8f-707ffd0ab2b9,Woolworths Supermarket,Household,Kleenex Facial Tissues Aloe Vera 140 pack,032969,$3.00,$2.14 / 100SS,https://www.woolworths.com.au/shop/productdetails/32969/kleenex-facial-tissues-aloe-vera,https://cdn0.woolworths.media/content/wowproductimages/medium/032969.jpg,2020-09-20 15:36:09,,0,Was $3.85 20/01/2020,True
07099879-8142-43fd-bb5e-acc7a1b7e5ef,Woolworths Supermarket,Household,Viva Paper Towel White 3 pack,249921,$4.00,$2.22 / 100SS,https://www.woolworths.com.au/shop/productdetails/249921/viva-paper-towel-white,https://cdn0.woolworths.media/content/wowproductimages/medium/249921.jpg,2020-09-20 15:36:09,,0,Was $4.90 26/10/2017,True
fb7bd6a5-be05-4739-8df8-faa861debe07,Woolworths Supermarket,Household,Quilton Tuffy Paper Towel White 4ply 3 pack,574728,$4.30,$2.39 / 100SS,https://www.woolworths.com.au/shop/productdetails/574728/quilton-tuffy-paper-towel-white-4ply,https://cdn0.woolworths.media/content/wowproductimages/medium/574728.jpg,2020-09-20 15:36:09,,0,,True
25caba1d-5def-4fdd-b4cd-7c1626ca445a,Woolworths Supermarket,Household,Morning Fresh Dishwashing Liquid Raspberry & Crisp Apple 900ml,588994,$3.75,$0.42 / 100ML,https://www.woolworths.com.au/shop/productdetails/588994/morning-fresh-dishwashing-liquid-raspberry-crisp-apple,https://cdn0.woolworths.media/content/wowproductimages/medium/588994.jpg,2020-09-20 15:36:09,,0,,True
a3fceb53-a54b-4114-ba65-e7216c9416ec,Woolworths Supermarket,Household,Kleenex Facial Tissues Large & Thick Silk Touch 3ply 95 pack,172610,$2.60,$2.74 / 100SS,https://www.woolworths.com.au/shop/productdetails/172610/kleenex-facial-tissues-large-thick-silk-touch-3ply,https://cdn0.woolworths.media/content/wowproductimages/medium/172610.jpg,2020-09-20 15:36:09,,0,,True
0f808284-0785-423d-9a89-8813a242d1d0,Woolworths Supermarket,Household,Multix Council Liner Garbage Bags 10 pack,004472,$5.60,$0.56 / 1EA,https://www.woolworths.com.au/shop/productdetails/4472/multix-council-liner-garbage-bags,https://cdn0.woolworths.media/content/wowproductimages/medium/004472.jpg,2020-09-20 15:36:09,,0,,True
61b9853f-aecb-4d01-b501-51cc62647186,Woolworths Supermarket,Household,Sheer Relief Pantyhose Control Support Beige Extra Tall each,004646,$8.00,,https://www.woolworths.com.au/shop/productdetails/4646/sheer-relief-pantyhose-control-support-beige-extra-tall,https://cdn0.woolworths.media/content/wowproductimages/medium/004646.jpg,2020-09-20 15:36:09,,0,,True
67c11dd2-4c28-4f8c-84e5-ed18d691e318,Woolworths Supermarket,Household,Razzamatazz Sheer Relief Pantyhose Control Support Tan Extra Tall each,004649,$8.00,,https://www.woolworths.com.au/shop/productdetails/4649/razzamatazz-sheer-relief-pantyhose-control-support-tan-extra-tall,https://cdn0.woolworths.media/content/wowproductimages/medium/004649.jpg,2020-09-20 15:36:09,,0,,True
160e3006-e442-40a3-b147-5faa878d7cf2,Woolworths Supermarket,Household,Marie Claire Magazine each,004711,$8.95,,https://www.woolworths.com.au/shop/productdetails/4711/marie-claire-magazine,https://cdn0.woolworths.media/content/wowproductimages/medium/004711.jpg,2020-09-20 15:36:09,,0,,True
45fdd0bb-dca8-4f2e-9e45-08d8a39c139c,Woolworths Supermarket,Household,Decor Tellfresh Storer Oblong 1.8l,004792,$3.00,,https://www.woolworths.com.au/shop/productdetails/4792/decor-tellfresh-storer-oblong,https://cdn0.woolworths.media/content/wowproductimages/medium/004792.jpg,2020-09-20 15:36:09,,0,,True
9465d984-d819-4816-ab98-1b0faae24376,Woolworths Supermarket,Household,Decor Tellfresh Storer Oblong 900ml,004801,$2.50,,https://www.woolworths.com.au/shop/productdetails/4801/decor-tellfresh-storer-oblong,https://cdn0.woolworths.media/content/wowproductimages/medium/004801.jpg,2020-09-20 15:36:09,,0,,True
89d3e720-7afe-42f9-964a-58674048a1eb,Woolworths Supermarket,Household,Decor Tellfresh Storer Oblong 1l,004803,$2.50,,https://www.woolworths.com.au/shop/productdetails/4803/decor-tellfresh-storer-oblong,https://cdn0.woolworths.media/content/wowproductimages/medium/004803.jpg,2020-09-20 15:36:09,,0,,True
66b00ccb-0955-4ac7-aa13-bbd1401ee471,Woolworths Supermarket,Household,Adesso 30cm Desk Fan each,005260,$15.00,,https://www.woolworths.com.au/shop/productdetails/5260/adesso-30cm-desk-fan,https://cdn0.woolworths.media/content/wowproductimages/medium/005260.jpg,2020-09-20 15:36:09,,0,,True
79539795-d787-4ce9-bca5-3bced1b540d8,Woolworths Supermarket,Household,Green Gardener Garden Fork 1pk,005730,$6.00,,https://www.woolworths.com.au/shop/productdetails/5730/green-gardener-garden-fork,https://cdn0.woolworths.media/content/wowproductimages/medium/005730.jpg,2020-09-20 15:36:09,,0,,True
20b24e62-819e-450c-9765-6827dd1e484e,Woolworths Supermarket,Household,Razzamatazz Body Magic Pantyhose Control Soft Tan Medium each,006617,$8.00,,https://www.woolworths.com.au/shop/productdetails/6617/razzamatazz-body-magic-pantyhose-control-soft-tan-medium,https://cdn0.woolworths.media/content/wowproductimages/medium/006617.jpg,2020-09-20 15:36:09,,0,,True
6152a345-0920-482b-b35c-070c18365571,Woolworths Supermarket,Household,Razzamatazz Body Magic Pantyhose Control Soft Tan Tall each,006618,$8.00,,https://www.woolworths.com.au/shop/productdetails/6618/razzamatazz-body-magic-pantyhose-control-soft-tan-tall,https://cdn0.woolworths.media/content/wowproductimages/medium/006618.jpg,2020-09-20 15:36:09,,0,,True
2012ed9d-d820-4889-a980-66967ef52977,Woolworths Supermarket,Household,Razzamatazz Body Magic Pantyhose Control Soft Tan X-tall each,006638,$8.00,,https://www.woolworths.com.au/shop/productdetails/6638/razzamatazz-body-magic-pantyhose-control-soft-tan-x-tall,https://cdn0.woolworths.media/content/wowproductimages/medium/006638.jpg,2020-09-20 15:36:09,,0,,True
a2f1cb88-75f1-4c05-a0dc-13155eafa744,Woolworths Supermarket,Household,Biozet Attack & Eliminator Laundry Powder 5.4kg,007153,$35.00,$6.48 / 1KG,https://www.woolworths.com.au/shop/productdetails/7153/biozet-attack-eliminator-laundry-powder,https://cdn0.woolworths.media/content/wowproductimages/medium/007153.jpg,2020-09-20 15:36:09,,0,,True
e34d38bd-ed6a-4e52-bc3c-a8006b429a72,Woolworths Supermarket,Household,Country Style Magazine each,007381,$8.50,,https://www.woolworths.com.au/shop/productdetails/7381/country-style-magazine,https://cdn0.woolworths.media/content/wowproductimages/medium/007381.jpg,2020-09-20 15:36:09,,0,,True
ca8b0b41-5c8d-4ee9-aea1-c6998c73c778,Woolworths Supermarket,Household,Mirabella Solar Fairy Lights Fairy Lights 100 pack,007397,$12.00,,https://www.woolworths.com.au/shop/productdetails/7397/mirabella-solar-fairy-lights-fairy-lights,https://cdn0.woolworths.media/content/wowproductimages/medium/007397.jpg,2020-09-20 15:36:09,,0,,True
fc5d3eaf-8d89-4503-85a1-2055bdcfb96a,Woolworths Supermarket,Household,Selleys Power Grip 4ml,007436,$7.50,$7.50 / 1EA,https://www.woolworths.com.au/shop/productdetails/7436/selleys-power-grip,https://cdn0.woolworths.media/content/wowproductimages/medium/007436.jpg,2020-09-20 15:36:09,,0,,True
a9e2d75c-77ed-4ff9-b20a-6c85289eaba0,Woolworths Supermarket,Household,Selleys Power Grip 8ml,007438,$9.00,$9.00 / 1EA,https://www.woolworths.com.au/shop/productdetails/7438/selleys-power-grip,https://cdn0.woolworths.media/content/wowproductimages/medium/007438.jpg,2020-09-20 15:36:09,,0,,True
a43bccdc-6b82-4c00-85b9-a8ad2c2c133b,Woolworths Supermarket,Household,Huggie Wrinkle Release Fabric Softener White Lily 1l,007585,$8.00,$8.00 / 1L,https://www.woolworths.com.au/shop/productdetails/7585/huggie-wrinkle-release-fabric-softener-white-lily,https://cdn0.woolworths.media/content/wowproductimages/medium/007585.jpg,2020-09-20 15:36:09,,0,,True
6342e93e-a4a3-410d-a70b-54203d01a684,Woolworths Supermarket,Household,Mirabella Black Solar Spot Light each,007660,$4.00,,https://www.woolworths.com.au/shop/productdetails/7660/mirabella-black-solar-spot-light,https://cdn0.woolworths.media/content/wowproductimages/medium/007660.jpg,2020-09-20 15:36:09,,0,Designs may vary,True
fbb3e4b2-583f-418e-839f-3102d347e2b6,Woolworths Supermarket,Household,Chevron Piggy Back Extension Lead 2m 10 Amps each,008008,$5.00,,https://www.woolworths.com.au/shop/productdetails/8008/chevron-piggy-back-extension-lead-2m-10-amps,https://cdn0.woolworths.media/content/wowproductimages/medium/008008.jpg,2020-09-20 15:36:09,,0,,True
4a86bbdd-e1dd-44e9-a51f-c6fb72f64d31,Woolworths Supermarket,Household,Brunnings Trigger Sprayer 500ml 500ml,008290,$2.00,,https://www.woolworths.com.au/shop/productdetails/8290/brunnings-trigger-sprayer-500ml,https://cdn0.woolworths.media/content/wowproductimages/medium/008290.jpg,2020-09-20 15:36:09,,0,,True
12f15704-0e44-4166-b715-5ad1f3868e7f,Woolworths Supermarket,Household,Pine O Cleen All In One Disinfectant Gel Lemon 400ml,008304,$3.50,$0.88 / 100ML,https://www.woolworths.com.au/shop/productdetails/8304/pine-o-cleen-all-in-one-disinfectant-gel-lemon,https://cdn0.woolworths.media/content/wowproductimages/medium/008304.jpg,2020-09-20 15:36:09,,0,,True
1d0a5c78-25bb-4505-8477-028d93e03692,Woolworths Supermarket,Household,Sard Wonder Stain Remover Stick 100g,008476,$5.00,$50.00 / 1KG,https://www.woolworths.com.au/shop/productdetails/8476/sard-wonder-stain-remover-stick,https://cdn0.woolworths.media/content/wowproductimages/medium/008476.jpg,2020-09-20 15:36:09,,0,,True
bb61f9a5-a10a-4c04-adb4-9877489f341c,Woolworths Supermarket,Household,Essentials Clean Pre Wash Fabric Stain Remover Lemon Scented 500ml,008960,$1.30,$0.26 / 100ML,https://www.woolworths.com.au/shop/productdetails/8960/essentials-clean-pre-wash-fabric-stain-remover-lemon-scented,https://cdn0.woolworths.media/content/wowproductimages/medium/008960.jpg,2020-09-20 15:36:09,,0,,True
2021bb72-c6b7-48e3-a881-d5c117d72104,Woolworths Supermarket,Household,Finish Powder Concentrate Classic Lemon 1kg,705056,$12.00,$1.20 / 100G,https://www.woolworths.com.au/shop/productdetails/705056/finish-powder-concentrate-classic-lemon,https://cdn0.woolworths.media/content/wowproductimages/medium/705056.jpg,2020-09-20 15:36:09,,0,,True
cf6c88ed-a38f-4850-b66c-30eb5122471f,Woolworths Supermarket,Household,Morning Fresh Dishwashing Liquid Raspberry & Crisp Apple 900ml,588994,$3.75,$0.42 / 100ML,https://www.woolworths.com.au/shop/productdetails/588994/morning-fresh-dishwashing-liquid-raspberry-crisp-apple,https://cdn0.woolworths.media/content/wowproductimages/medium/588994.jpg,2020-09-20 15:36:09,,0,,True
ffd974c3-0e20-4f37-96c5-c86ae86c9c77,Woolworths Supermarket,Household,Armada Freezer Bags Medium 80 pack,036286,$0.60,$0.01 / 1EA,https://www.woolworths.com.au/shop/productdetails/36286/armada-freezer-bags-medium,https://cdn0.woolworths.media/content/wowproductimages/medium/036286.jpg,2020-09-20 15:36:09,Average product rating out of 5: 4.5. Product score is based on 107 ratings,107,,True
e39a1b8c-8b73-42ed-bc35-012329982ad9,Woolworths Supermarket,Household,Quilton Facial Tissues Soft White 95pk,829630,$1.25,$1.32 / 100SS,https://www.woolworths.com.au/shop/productdetails/829630/quilton-facial-tissues-soft-white,https://cdn0.woolworths.media/content/wowproductimages/medium/829630.jpg,2020-09-20 15:36:09,,0,,True
ee04c26b-d756-4240-b2a2-7c2d63acce6a,Woolworths Supermarket,Household,Handee Ultra Paper Towel White 2 pack,019787,$3.50,$2.92 / 100SS,https://www.woolworths.com.au/shop/productdetails/19787/handee-ultra-paper-towel-white,https://cdn0.woolworths.media/content/wowproductimages/medium/019787.jpg,2020-09-20 15:36:09,,0,,True
5cbcc6e1-235e-40f9-8b9f-20d31ed441cb,Woolworths Supermarket,Household,Quilton Tuffy Paper Towel White 4ply 3 pack,574728,$4.30,$2.39 / 100SS,https://www.woolworths.com.au/shop/productdetails/574728/quilton-tuffy-paper-towel-white-4ply,https://cdn0.woolworths.media/content/wowproductimages/medium/574728.jpg,2020-09-20 15:36:09,,0,,True
832e47a1-ce0c-414a-844e-6e093454494e,Woolworths Supermarket,Household,Shine Rinse Aid 500ml,686173,$2.90,$0.58 / 100ML,https://www.woolworths.com.au/shop/productdetails/686173/shine-rinse-aid,https://cdn0.woolworths.media/content/wowproductimages/medium/686173.jpg,2020-09-20 15:36:09,Average product rating out of 5: 4.8. Product score is based on 19 ratings,19,,True
da162e6f-1348-45af-800d-e72b4c6a293a,Woolworths Supermarket,Household,Quilton Tuffy Paper Towel Triple Length 2 pack,785317,$6.00,$1.67 / 100SS,https://www.woolworths.com.au/shop/productdetails/785317/quilton-tuffy-paper-towel-triple-length,https://cdn0.woolworths.media/content/wowproductimages/medium/785317.jpg,2020-09-20 15:36:09,,0,Was $6.80 06/07/2020,True
61398ef4-b9f0-4c30-87e2-58830246340f,Woolworths Supermarket,Household,Viva Paper Towel White 3 pack,249921,$4.00,$2.22 / 100SS,https://www.woolworths.com.au/shop/productdetails/249921/viva-paper-towel-white,https://cdn0.woolworths.media/content/wowproductimages/medium/249921.jpg,2020-09-20 15:36:09,,0,Was $4.90 26/10/2017,True
5aaf08ee-c9c1-4f7f-827f-7a43f2c13b30,Woolworths Supermarket,Household,Strike Disinfectant Wipes Lemon 100 pack,518438,$3.50,$0.04 / 1EA,https://www.woolworths.com.au/shop/productdetails/518438/strike-disinfectant-wipes-lemon,https://cdn0.woolworths.media/content/wowproductimages/medium/518438.jpg,2020-09-20 15:36:09,Average product rating out of 5: 4.3. Product score is based on 2496 ratings,2496,,True
5287f5f5-6575-427a-8f51-7c27c75817bc,Woolworths Supermarket,Household,Kleenex Facial Tissues 200 pack,063899,$2.00,$1.00 / 100SS,https://www.woolworths.com.au/shop/productdetails/63899/kleenex-facial-tissues,https://cdn0.woolworths.media/content/wowproductimages/medium/063899.jpg,2020-09-20 15:36:09,,0,Was $2.20 26/02/2020,True
fda00b88-eafa-4495-b3ee-ef67ad90b0e4,Woolworths Supermarket,Household,Glad Baking Paper 25m,299138,$6.00,$0.24 / 1M,https://www.woolworths.com.au/shop/productdetails/299138/glad-baking-paper,https://cdn0.woolworths.media/content/wowproductimages/medium/299138.jpg,2020-09-20 15:36:09,,0,,True
41dc01f5-54db-43bb-ae89-bc566d700961,Woolworths Supermarket,Household,Armada Large Kitchen Tidy Bag Lavender/lemon Scented 25 pack,517111,$2.00,$0.08 / 1EA,https://www.woolworths.com.au/shop/productdetails/517111/armada-large-kitchen-tidy-bag-lavender-lemon-scented,https://cdn0.woolworths.media/content/wowproductimages/medium/517111.jpg,2020-09-20 15:36:09,Average product rating out of 5: 4.5. Product score is based on 602 ratings,602,Was $2.50 17/09/2018,True
34031c3e-12d2-43b9-be33-e3c61a0f9f60,Woolworths Supermarket,Household,Armada Baking Paper 15m,252787,$2.70,$0.18 / 1M,https://www.woolworths.com.au/shop/productdetails/252787/armada-baking-paper,https://cdn0.woolworths.media/content/wowproductimages/medium/252787.jpg,2020-09-20 15:36:09,,0,,True
3d0fceaf-daf2-44d8-b00e-377cbda32128,Woolworths Supermarket,Household,Essentials Facial Tissues 224 pack,759496,$1.00,$0.45 / 100SS,https://www.woolworths.com.au/shop/productdetails/759496/essentials-facial-tissues,https://cdn0.woolworths.media/content/wowproductimages/medium/759496.jpg,2020-09-20 15:36:09,Average product rating out of 5: 3.9. Product score is based on 672 ratings,672,,True
9d366911-a56c-48e3-adb6-e99866e42b74,Woolworths Supermarket,Household,Handee Ultra Paper Towel White 3 pack,252037,$4.40,$2.44 / 100SS,https://www.woolworths.com.au/shop/productdetails/252037/handee-ultra-paper-towel-white,https://cdn0.woolworths.media/content/wowproductimages/medium/252037.jpg,2020-09-20 15:36:09,,0,,True
78c0e6ab-1aeb-4ef0-9edc-72096b977b43,Woolworths Supermarket,Household,Kleenex Facial Tissues Aloe Vera 140 pack,032969,$3.00,$2.14 / 100SS,https://www.woolworths.com.au/shop/productdetails/32969/kleenex-facial-tissues-aloe-vera,https://cdn0.woolworths.media/content/wowproductimages/medium/032969.jpg,2020-09-20 15:36:09,,0,Was $3.85 20/01/2020,True
4d37d375-c082-40ff-b069-f0b7c1eb0c1f,Woolworths Supermarket,Household,Quilton 2ply Tissue Hypo-allergenic 250 pack,644239,$2.50,$1.00 / 100SS,https://www.woolworths.com.au/shop/productdetails/644239/quilton-2ply-tissue-hypo-allergenic,https://cdn0.woolworths.media/content/wowproductimages/medium/644239.jpg,2020-09-20 15:36:09,,0,,True
78d3a712-918c-4e29-938e-e7d13639d9ae,Woolworths Supermarket,Household,Viva Paper Towel White 2 pack,176852,$1.75,$1.46 / 100SS,https://www.woolworths.com.au/shop/productdetails/176852/viva-paper-towel-white,https://cdn0.woolworths.media/content/wowproductimages/medium/176852.jpg,2020-09-20 15:36:09,,0,,True
0677c2fa-3466-4646-86d0-b08631193b8c,Woolworths Supermarket,Household,Kleenex Facial Tissues Large & Thick Silk Touch 3ply 95 pack,172610,$2.60,$2.74 / 100SS,https://www.woolworths.com.au/shop/productdetails/172610/kleenex-facial-tissues-large-thick-silk-touch-3ply,https://cdn0.woolworths.media/content/wowproductimages/medium/172610.jpg,2020-09-20 15:36:09,,0,,True
9f555e6f-77b8-4d96-9a2f-a01a84510cff,Woolworths Supermarket,Household,Green Gardener Garden Hose Fitting Plastic 4pk,010122,,,https://www.woolworths.com.au/shop/productdetails/10122/green-gardener-garden-hose-fitting-plastic,https://cdn0.woolworths.media/content/wowproductimages/medium/010122.jpg,2020-09-20 15:36:09,,0,,False
b1f07434-de87-4641-a1d2-03f63aeaba46,Woolworths Supermarket,Household,Green Gardener Garden Hose Coupling 1pk,010124,$3.00,,https://www.woolworths.com.au/shop/productdetails/10124/green-gardener-garden-hose-coupling,https://cdn0.woolworths.media/content/wowproductimages/medium/010124.jpg,2020-09-20 15:36:09,,0,,True
ff316afd-0654-45ef-b7d4-8eb144abe0ab,Woolworths Supermarket,Household,Eveready Torch Brilliant Beam 2xaa each,010286,$9.25,,https://www.woolworths.com.au/shop/productdetails/10286/eveready-torch-brilliant-beam-2xaa,https://cdn0.woolworths.media/content/wowproductimages/medium/010286.jpg,2020-09-20 15:36:09,,0,,True
c59bdfe0-4e84-411d-bfc6-42dddf563cab,Woolworths Supermarket,Household,Earth Choice Dishwashing Liquid 1l,010432,$2.00,$0.20 / 100ML,https://www.woolworths.com.au/shop/productdetails/10432/earth-choice-dishwashing-liquid,https://cdn0.woolworths.media/content/wowproductimages/medium/010432.jpg,2020-09-20 15:36:09,,0,,True
2d60616e-05e6-4ef5-a031-466111f08733,Woolworths Supermarket,Household,Diggers Methylated Spirits 1l,010770,$5.50,$0.55 / 100ML,https://www.woolworths.com.au/shop/productdetails/10770/diggers-methylated-spirits,https://cdn0.woolworths.media/content/wowproductimages/medium/010770.jpg,2020-09-20 15:36:09,,0,,True
d2c45656-12a2-4608-b736-e44aa24710a4,Woolworths Supermarket,Household,Essentials Stainless Steel Scourer 3 pack,010924,$0.89,$0.30 / 1EA,https://www.woolworths.com.au/shop/productdetails/10924/essentials-stainless-steel-scourer,https://cdn0.woolworths.media/content/wowproductimages/medium/010924.jpg,2020-09-20 15:36:09,,0,,True
e4e147d6-3bd2-45e4-b012-b9294b3e7db1,Woolworths Supermarket,Household,Scotch-brite Handy Sponge 4ea,010994,$2.80,$0.70 / 1EA,https://www.woolworths.com.au/shop/productdetails/10994/scotch-brite-handy-sponge,https://cdn0.woolworths.media/content/wowproductimages/medium/010994.jpg,2020-09-20 15:36:09,,0,,True
ee96e2ca-5166-4441-89be-d06a1d29880d,Woolworths Supermarket,Household,Selleys Sugar Soap Liquid 750ml,011182,$4.25,$0.57 / 100ML,https://www.woolworths.com.au/shop/productdetails/11182/selleys-sugar-soap-liquid,https://cdn0.woolworths.media/content/wowproductimages/medium/011182.jpg,2020-09-20 15:36:09,,0,,True
0662d78b-1bdc-485e-afbd-ca2ba7804d1a,Woolworths Supermarket,Household,Energizer Max Aa Batteries 4 pack,011464,$5.50,$1.38 / 1EA,https://www.woolworths.com.au/shop/productdetails/11464/energizer-max-aa-batteries,https://cdn0.woolworths.media/content/wowproductimages/medium/011464.jpg,2020-09-20 15:36:09,,0,Was $7.51 01/05/2017,True
55829ee5-6c0c-4b2d-ae93-29e28a619ede,Woolworths Supermarket,Household,Energizer Max 9v Battery each,011498,$6.65,,https://www.woolworths.com.au/shop/productdetails/11498/energizer-max-9v-battery,https://cdn0.woolworths.media/content/wowproductimages/medium/011498.jpg,2020-09-20 15:36:09,,0,,True
3daeee01-9221-49e2-a95f-10b09fdda4b2,Woolworths Supermarket,Household,Philips Reflector Par38 Globe 120w Es Base each,011652,$8.00,,https://www.woolworths.com.au/shop/productdetails/11652/philips-reflector-par38-globe-120w-es-base,https://cdn0.woolworths.media/content/wowproductimages/medium/011652.jpg,2020-09-20 15:36:09,,0,,True
510e254d-5148-4dcb-a5c6-2b35ec88aee8,Woolworths Supermarket,Household,Multix Garden Drawtight Garbage Bags 3 pack,011703,$3.50,$1.17 / 1EA,https://www.woolworths.com.au/shop/productdetails/11703/multix-garden-drawtight-garbage-bags,https://cdn0.woolworths.media/content/wowproductimages/medium/011703.jpg,2020-09-20 15:36:09,,0,,True
944fab97-99df-46da-8ada-aa2e885d216b,Woolworths Supermarket,Household,Domestos Disinfectant Bleach Toilet Cleaner Original 1.25l,011718,$5.50,$0.44 / 100ML,https://www.woolworths.com.au/shop/productdetails/11718/domestos-disinfectant-bleach-toilet-cleaner-original,https://cdn0.woolworths.media/content/wowproductimages/medium/011718.jpg,2020-09-20 15:36:09,,0,,True
abd344b4-020a-416d-bd9c-dd935e40b6f9,Woolworths Supermarket,Household,Kleenex Toilet Tissue Double Length 4 pack,012407,$7.00,$0.49 / 100SS,https://www.woolworths.com.au/shop/productdetails/12407/kleenex-toilet-tissue-double-length,https://cdn0.woolworths.media/content/wowproductimages/medium/012407.jpg,2020-09-20 15:36:09,,0,,True
97bf3b33-ffac-4bb6-817d-a6abd65b7867,Woolworths Supermarket,Household,Windex Multi-purpose Surface & Glass Cleaner Mountain Fresh 750ml,012413,$4.80,$0.64 / 100ML,https://www.woolworths.com.au/shop/productdetails/12413/windex-multi-purpose-surface-glass-cleaner-mountain-fresh,https://cdn0.woolworths.media/content/wowproductimages/medium/012413.jpg,2020-09-20 15:36:09,,0,,True
d038f3de-503b-4b2a-8d25-309d7617f957,Woolworths Supermarket,Household,Brunnings Bug & Fungus Kill Rtu 1l,012416,$9.00,$0.90 / 100ML,https://www.woolworths.com.au/shop/productdetails/12416/brunnings-bug-fungus-kill-rtu,https://cdn0.woolworths.media/content/wowproductimages/medium/012416.jpg,2020-09-20 15:36:09,,0,,True
1d29a712-7b97-4672-af03-fc955f70d1d0,Woolworths Supermarket,Household,Glad Bio Based Kitchen Tidy Bags Small 35 pack,012522,$4.00,$0.11 / 1EA,https://www.woolworths.com.au/shop/productdetails/12522/glad-bio-based-kitchen-tidy-bags-small,https://cdn0.woolworths.media/content/wowproductimages/medium/012522.jpg,2020-09-20 15:36:09,,0,,True
36488ae0-f060-452d-9a7a-b1aeeb759f04,Woolworths Supermarket,Household,Glad Bio Based Kitchen Tidy Bags Medium 30 pack,012546,$4.00,$0.13 / 1EA,https://www.woolworths.com.au/shop/productdetails/12546/glad-bio-based-kitchen-tidy-bags-medium,https://cdn0.woolworths.media/content/wowproductimages/medium/012546.jpg,2020-09-20 15:36:09,,0,,True
7ac7d20f-04aa-4fb1-bdc5-ebd9e3b8ff69,Woolworths Supermarket,Household,Glad Bio Based Kitchen Tidy Bags Large 25 pack,012553,$4.00,$0.16 / 1EA,https://www.woolworths.com.au/shop/productdetails/12553/glad-bio-based-kitchen-tidy-bags-large,https://cdn0.woolworths.media/content/wowproductimages/medium/012553.jpg,2020-09-20 15:36:09,,0,,True
dbbcaf74-d45e-453d-834a-82825c47e880,Woolworths Supermarket,Household,Glad To Be Green Compostable Mini 25 pack,012568,$4.00,$0.16 / 1EA,https://www.woolworths.com.au/shop/productdetails/12568/glad-to-be-green-compostable-mini,https://cdn0.woolworths.media/content/wowproductimages/medium/012568.jpg,2020-09-20 15:36:09,,0,,True
d57898f4-318d-44a3-b5da-2ccd10141071,Woolworths Supermarket,Household,Glad To Be Green Compostable Small 20 pack,012570,$4.00,$0.20 / 1EA,https://www.woolworths.com.au/shop/productdetails/12570/glad-to-be-green-compostable-small,https://cdn0.woolworths.media/content/wowproductimages/medium/012570.jpg,2020-09-20 15:36:09,,0,,True
b17461e3-6a97-49f8-8d7a-6e758b3711f8,Woolworths Supermarket,Household,Glad Cling Wrap 300m,012576,$15.95,$0.05 / 1M,https://www.woolworths.com.au/shop/productdetails/12576/glad-cling-wrap,https://cdn0.woolworths.media/content/wowproductimages/medium/012576.jpg,2020-09-20 15:36:09,,0,,True
e5a34d0c-2e57-4e94-928c-747b8ff83c67,Woolworths Supermarket,Household,Glad Kitchen Tidy Wavetop Small 72 pack,012588,$5.30,$0.07 / 1EA,https://www.woolworths.com.au/shop/productdetails/12588/glad-kitchen-tidy-wavetop-small,https://cdn0.woolworths.media/content/wowproductimages/medium/012588.jpg,2020-09-20 15:36:09,,0,,True
fab52f2f-ed65-4b66-9ac5-011012162f8f,Woolworths Supermarket,Household,New Idea Magazine each,012677,$4.99,,https://www.woolworths.com.au/shop/productdetails/12677/new-idea-magazine,https://cdn0.woolworths.media/content/wowproductimages/medium/012677.jpg,2020-09-20 15:36:09,,0,Offer Details Here,True
274ffce5-85d6-491f-9c3e-c3e373bc4b02,Woolworths Supermarket,Household,Multix Drawtight Roll Garbage Bags 56l 20pk,072563,$4.00,$0.20 / 1EA,https://www.woolworths.com.au/shop/productdetails/72563/multix-drawtight-roll-garbage-bags,https://cdn0.woolworths.media/content/wowproductimages/medium/072563.jpg,2020-09-20 15:36:09,,0,,True
ec4d55ad-ee75-4ed7-8eac-8aa86c055cfe,Woolworths Supermarket,Household,Strike Disinfectant Wipes Lemon 100 pack,518438,$3.50,$0.04 / 1EA,https://www.woolworths.com.au/shop/productdetails/518438/strike-disinfectant-wipes-lemon,https://cdn0.woolworths.media/content/wowproductimages/medium/518438.jpg,2020-09-20 15:36:09,Average product rating out of 5: 4.3. Product score is based on 2496 ratings,2496,,True
c8c70e56-2da6-4563-be92-b2f43fab83b6,Woolworths Supermarket,Household,Shine Rinse Aid 500ml,686173,$2.90,$0.58 / 100ML,https://www.woolworths.com.au/shop/productdetails/686173/shine-rinse-aid,https://cdn0.woolworths.media/content/wowproductimages/medium/686173.jpg,2020-09-20 15:36:09,Average product rating out of 5: 4.8. Product score is based on 19 ratings,19,,True
0a6573a4-1a93-4c63-a597-626f8df3d451,Woolworths Supermarket,Household,Omo Sensitive Laundry Detergent Powder Front & Top Loader 2kg,471182,$11.00,$5.50 / 1KG,https://www.woolworths.com.au/shop/productdetails/471182/omo-sensitive-laundry-detergent-powder-front-top-loader,https://cdn0.woolworths.media/content/wowproductimages/medium/471182.jpg,2020-09-20 15:36:09,,0,,True
4dd8fbec-d1a2-47e6-9f4c-684e66291ba0,Woolworths Supermarket,Household,Ecostore Fragrance Free Auto Dishwasher 50 tablets,774416,$19.00,$0.38 / 1EA,https://www.woolworths.com.au/shop/productdetails/774416/ecostore-fragrance-free-auto-dishwasher,https://cdn0.woolworths.media/content/wowproductimages/medium/774416.jpg,2020-09-20 15:36:09,,0,,True
d0eb4ee4-bdaa-45b1-b836-698032053c63,Woolworths Supermarket,Household,Quilton Tuffy Paper Towel Triple Length 2 pack,785317,$6.00,$1.67 / 100SS,https://www.woolworths.com.au/shop/productdetails/785317/quilton-tuffy-paper-towel-triple-length,https://cdn0.woolworths.media/content/wowproductimages/medium/785317.jpg,2020-09-20 15:36:09,,0,Was $6.80 06/07/2020,True
b4e1a94c-567d-4d2a-96c1-5f1672622da7,Woolworths Supermarket,Household,Handee Ultra Paper Towel White 3 pack,252037,$4.40,$2.44 / 100SS,https://www.woolworths.com.au/shop/productdetails/252037/handee-ultra-paper-towel-white,https://cdn0.woolworths.media/content/wowproductimages/medium/252037.jpg,2020-09-20 15:36:09,,0,,True
b9e84095-8096-4fcb-be9c-983407e4b684,Woolworths Supermarket,Household,Morning Fresh Dishwashing Liquid Raspberry & Crisp Apple 900ml,588994,$3.75,$0.42 / 100ML,https://www.woolworths.com.au/shop/productdetails/588994/morning-fresh-dishwashing-liquid-raspberry-crisp-apple,https://cdn0.woolworths.media/content/wowproductimages/medium/588994.jpg,2020-09-20 15:36:09,,0,,True
841a4619-a9d4-4358-ab81-838198f43dea,Woolworths Supermarket,Household,Kleenex Facial Tissues Aloe Vera 140 pack,032969,$3.00,$2.14 / 100SS,https://www.woolworths.com.au/shop/productdetails/32969/kleenex-facial-tissues-aloe-vera,https://cdn0.woolworths.media/content/wowproductimages/medium/032969.jpg,2020-09-20 15:36:09,,0,Was $3.85 20/01/2020,True
ac0ac331-bb23-41ed-a3dd-6ac41cfee9a2,Woolworths Supermarket,Household,Handee Ultra Paper Towel White 2 pack,019787,$3.50,$2.92 / 100SS,https://www.woolworths.com.au/shop/productdetails/19787/handee-ultra-paper-towel-white,https://cdn0.woolworths.media/content/wowproductimages/medium/019787.jpg,2020-09-20 15:36:09,,0,,True
603c22da-4df1-4923-8bac-e89b0f020317,Woolworths Supermarket,Household,Comfort Fabric Conditioner Vanilla Orchid 750ml,861324,$6.99,$9.32 / 1L,https://www.woolworths.com.au/shop/productdetails/861324/comfort-fabric-conditioner-vanilla-orchid,https://cdn0.woolworths.media/content/wowproductimages/medium/861324.jpg,2020-09-20 15:36:09,,0,,True
7b4a0da4-7d19-4714-91f6-bb68edc42680,Woolworths Supermarket,Household,Finish Powder Concentrate Classic Lemon 1kg,705056,$12.00,$1.20 / 100G,https://www.woolworths.com.au/shop/productdetails/705056/finish-powder-concentrate-classic-lemon,https://cdn0.woolworths.media/content/wowproductimages/medium/705056.jpg,2020-09-20 15:36:09,,0,,True
272e1f3c-e599-4537-b0e4-e3e5445132d5,Woolworths Supermarket,Household,Quilton Tuffy Paper Towel White 4ply 3 pack,574728,$4.30,$2.39 / 100SS,https://www.woolworths.com.au/shop/productdetails/574728/quilton-tuffy-paper-towel-white-4ply,https://cdn0.woolworths.media/content/wowproductimages/medium/574728.jpg,2020-09-20 15:36:09,,0,,True
2682bc1d-a6d8-4fe6-9e21-1ce4faaa6835,Woolworths Supermarket,Household,Viva Paper Towel White 3 pack,249921,$4.00,$2.22 / 100SS,https://www.woolworths.com.au/shop/productdetails/249921/viva-paper-towel-white,https://cdn0.woolworths.media/content/wowproductimages/medium/249921.jpg,2020-09-20 15:36:09,,0,Was $4.90 26/10/2017,True
4f04fc0f-ea84-480b-9d84-dc6ea04f84b2,Woolworths Supermarket,Household,Essentials Facial Tissues 224 pack,759496,$1.00,$0.45 / 100SS,https://www.woolworths.com.au/shop/productdetails/759496/essentials-facial-tissues,https://cdn0.woolworths.media/content/wowproductimages/medium/759496.jpg,2020-09-20 15:36:09,Average product rating out of 5: 3.9. Product score is based on 672 ratings,672,,True
b92601eb-f6a6-4cce-bdb8-399d8359c4a7,Woolworths Supermarket,Household,Omo Ultimate Laundry Detergent Powder Front & Top Loader 5kg,430629,$30.00,$6.00 / 1KG,https://www.woolworths.com.au/shop/productdetails/430629/omo-ultimate-laundry-detergent-powder-front-top-loader,https://cdn0.woolworths.media/content/wowproductimages/medium/430629.jpg,2020-09-20 15:36:09,,0,,True
a5f253a0-59dd-4188-8b2a-72d8b831b496,Woolworths Supermarket,Household,Glen 20 Disinfectant Spray Original Scent 300g,015587,$8.00,$2.67 / 100G,https://www.woolworths.com.au/shop/productdetails/15587/glen-20-disinfectant-spray-original-scent,https://cdn0.woolworths.media/content/wowproductimages/medium/015587.jpg,2020-09-20 15:36:09,,0,,True
fb036d0e-d882-4d11-b024-4616945b01d7,Woolworths Supermarket,Household,Pine O Cleen Disinfectant Antibacterial Lavender 1.25l,139515,$6.00,$0.48 / 100ML,https://www.woolworths.com.au/shop/productdetails/139515/pine-o-cleen-disinfectant-antibacterial-lavender,https://cdn0.woolworths.media/content/wowproductimages/medium/139515.jpg,2020-09-20 15:36:09,,0,,True
afbb2c1c-4242-4149-9e8f-266c71091acf,Woolworths Supermarket,Household,Glad Baking Paper 25m,299138,$6.00,$0.24 / 1M,https://www.woolworths.com.au/shop/productdetails/299138/glad-baking-paper,https://cdn0.woolworths.media/content/wowproductimages/medium/299138.jpg,2020-09-20 15:36:09,,0,,True
cae90aab-b5d5-43e0-8434-ac684951e893,Woolworths Supermarket,Household,Tv Week Magazine each,012751,$4.99,,https://www.woolworths.com.au/shop/productdetails/12751/tv-week-magazine,https://cdn0.woolworths.media/content/wowproductimages/medium/012751.jpg,2020-09-20 15:36:09,,0,,True
1bf31682-4e0f-47ba-86f1-82a52d604e91,Woolworths Supermarket,Household,Better Homes & Gardens Magazine each,012756,$6.95,,https://www.woolworths.com.au/shop/productdetails/12756/better-homes-gardens-magazine,https://cdn0.woolworths.media/content/wowproductimages/medium/012756.jpg,2020-09-20 15:36:09,,0,Offer Details Here,True
8b5b79ef-d8ea-4468-a864-11d5657f4aeb,Woolworths Supermarket,Household,Essentials Face Washer 450gsm Cw1 2 pack,012911,$5.00,,https://www.woolworths.com.au/shop/productdetails/12911/essentials-face-washer-450gsm-cw1,https://cdn0.woolworths.media/content/wowproductimages/medium/012911.jpg,2020-09-20 15:36:09,,0,,True
a10db6ec-d63a-4ce3-a575-5a01201e9866,Woolworths Supermarket,Household,Essentials Hand Towel 450gsm Cw1 each,012964,$4.00,,https://www.woolworths.com.au/shop/productdetails/12964/essentials-hand-towel-450gsm-cw1,https://cdn0.woolworths.media/content/wowproductimages/medium/012964.jpg,2020-09-20 15:36:09,,0,,True
9c8fdbdb-53b2-48b8-b02f-02fc6e89a986,Woolworths Supermarket,Household,Kiwi Horsehair Shoe Polish Brush each,013163,$9.29,,https://www.woolworths.com.au/shop/productdetails/13163/kiwi-horsehair-shoe-polish-brush,https://cdn0.woolworths.media/content/wowproductimages/medium/013163.jpg,2020-09-20 15:36:09,,0,,True
3b2061b0-b2c4-416a-ac11-4192508eed91,Woolworths Supermarket,Household,Green Gardener Garden Hose Joiner 12mm 1pk,013517,$3.00,,https://www.woolworths.com.au/shop/productdetails/13517/green-gardener-garden-hose-joiner,https://cdn0.woolworths.media/content/wowproductimages/medium/013517.jpg,2020-09-20 15:36:09,,0,,True
bca36425-5f93-4b92-8ef3-8fe66d7ac80f,Woolworths Supermarket,Household,Essentials Cling Wrap 60m,013542,$1.40,$0.02 / 1M,https://www.woolworths.com.au/shop/productdetails/13542/essentials-cling-wrap,https://cdn0.woolworths.media/content/wowproductimages/medium/013542.jpg,2020-09-20 15:36:09,Average product rating out of 5: 4.1. Product score is based on 277 ratings,277,,True
5173e359-6a4f-492b-a99c-38466c22a906,Woolworths Supermarket,Household,Inspire Ceramic Toilet Brush Holder each,013690,$10.00,,https://www.woolworths.com.au/shop/productdetails/13690/inspire-ceramic-toilet-brush-holder,https://cdn0.woolworths.media/content/wowproductimages/medium/013690.jpg,2020-09-20 15:36:09,,0,,True
3abfc951-4816-4f11-a504-826e0aca849b,Woolworths Supermarket,Household,Inspire Ceramic Bathroom Set 2 pack,013703,$10.00,,https://www.woolworths.com.au/shop/productdetails/13703/inspire-ceramic-bathroom-set,https://cdn0.woolworths.media/content/wowproductimages/medium/013703.jpg,2020-09-20 15:36:09,,0,,True
382120d8-7aed-4f24-b3ab-6cfb260c777a,Woolworths Supermarket,Household,Essentials Antibacterial Mattress Protector Queen Bed each,013738,$18.00,,https://www.woolworths.com.au/shop/productdetails/13738/essentials-antibacterial-mattress-protector-queen-bed,https://cdn0.woolworths.media/content/wowproductimages/medium/013738.jpg,2020-09-20 15:36:09,,0,,True
df7fcd77-8a59-4fcf-8d2b-c61367a5540b,Woolworths Supermarket,Household,Glen 20 Disinfectant Spray Original Scent 300g,015587,$8.00,$2.67 / 100G,https://www.woolworths.com.au/shop/productdetails/15587/glen-20-disinfectant-spray-original-scent,https://cdn0.woolworths.media/content/wowproductimages/medium/015587.jpg,2020-09-20 15:36:09,,0,,True
559ddf81-5f1c-4217-b5e3-476a2f8cb421,Woolworths Supermarket,Household,Green Gardener Garden Hose Connector 12mm 1pk,015592,$3.00,,https://www.woolworths.com.au/shop/productdetails/15592/green-gardener-garden-hose-connector-12mm,https://cdn0.woolworths.media/content/wowproductimages/medium/015592.jpg,2020-09-20 15:36:09,,0,,True
572423e3-8786-400b-b2c5-59fe8493cac8,Woolworths Supermarket,Household,Bic Cristal Original Blue Pen 10 pack,015765,$4.00,,https://www.woolworths.com.au/shop/productdetails/15765/bic-cristal-original-blue-pen,https://cdn0.woolworths.media/content/wowproductimages/medium/015765.jpg,2020-09-20 15:36:09,,0,Was $4.69 31/10/16,True
74977580-4cf6-412e-aa34-8651cd182fe0,Woolworths Supermarket,Household,Bic 4 Colours Medium Pen each,015779,$2.80,,https://www.woolworths.com.au/shop/productdetails/15779/bic-4-colours-medium-pen,https://cdn0.woolworths.media/content/wowproductimages/medium/015779.jpg,2020-09-20 15:36:09,,0,,True
a8f5b96a-6f65-4c52-b524-1f22147837cf,Woolworths Supermarket,Household,Sellotape Masking Tape 24mm X 18m each,016111,$2.50,,https://www.woolworths.com.au/shop/productdetails/16111/sellotape-masking-tape-24mm-x-18m,https://cdn0.woolworths.media/content/wowproductimages/medium/016111.jpg,2020-09-20 15:36:09,,0,,True
8ca37743-21b2-4fba-a0c2-4b731068c0dc,Woolworths Supermarket,Household,Mclintocks Vanilla Fresh Fridge Wipe & Deodorizer 500ml,016381,$4.75,$0.95 / 100ML,https://www.woolworths.com.au/shop/productdetails/16381/mclintocks-vanilla-fresh-fridge-wipe-deodorizer,https://cdn0.woolworths.media/content/wowproductimages/medium/016381.jpg,2020-09-20 15:36:09,,0,,True
c2ecab57-d619-40b4-b5b7-fe5d327289c5,Woolworths Supermarket,Household,Queen's Slipper Favour Playing Cards each,016510_1,$4.50,,https://www.woolworths.com.au/shop/productdetails/16510/queen-s-slipper-favour-playing-cards,https://cdn0.woolworths.media/content/wowproductimages/medium/016510_1.jpg,2020-09-20 15:36:09,,0,,True
2f4143a6-99f6-46ad-afd6-c0beb398c23d,Woolworths Supermarket,Household,Hercules Everyday Snack Resealable Bags 150 pack,016667,$5.50,$0.04 / 1EA,https://www.woolworths.com.au/shop/productdetails/16667/hercules-everyday-snack-resealable-bags,https://cdn0.woolworths.media/content/wowproductimages/medium/016667.jpg,2020-09-20 15:36:09,,0,,True
f1e8558e-a84d-42da-9c93-02444d3b7544,Woolworths Supermarket,Household,Hercules Sustain Compostable Paper Sandwich Sealable Bags 30 pack,016675,$4.00,$0.13 / 1EA,https://www.woolworths.com.au/shop/productdetails/16675/hercules-sustain-compostable-paper-sandwich-sealable-bags,https://cdn0.woolworths.media/content/wowproductimages/medium/016675.jpg,2020-09-20 15:36:09,,0,,True
a49c3400-1579-4419-b2d4-4667ed1d1888,Woolworths Supermarket,Household,Hercules Sustain Compostable Paper Snack Sealable Bags 40 pack,016686,$4.00,$0.10 / 1EA,https://www.woolworths.com.au/shop/productdetails/16686/hercules-sustain-compostable-paper-snack-sealable-bags,https://cdn0.woolworths.media/content/wowproductimages/medium/016686.jpg,2020-09-20 15:36:09,,0,,True
5d17c83d-9445-49c1-a3d1-69b9140991c0,Woolworths Supermarket,Household,Hot Wheels Cars Basic Diecast each,016923,$3.00,,https://www.woolworths.com.au/shop/productdetails/16923/hot-wheels-cars-basic-diecast,https://cdn0.woolworths.media/content/wowproductimages/medium/016923.jpg,2020-09-20 15:36:09,,0,,True
54ea5634-3e51-4dc2-ae36-5ffca59abf89,Woolworths Supermarket,Household,Essentials Utensil Plastic Peeler 4 pack,016981,$2.00,,https://www.woolworths.com.au/shop/productdetails/16981/essentials-utensil-plastic-peeler,https://cdn0.woolworths.media/content/wowproductimages/medium/016981.jpg,2020-09-20 15:36:09,,0,,True
4bcfdf06-92ab-436f-b440-cbe75fbeb774,Woolworths Supermarket,Household,Philips Reflector R80 Globe 60w Es Base each,017186,$4.50,$4.50 / 1EA,https://www.woolworths.com.au/shop/productdetails/17186/philips-reflector-r80-globe-60w-es-base,https://cdn0.woolworths.media/content/wowproductimages/medium/017186.jpg,2020-09-20 15:36:09,,0,,True
e1d1f9de-166a-4ffc-8818-6dc89aadd014,Woolworths Supermarket,Household,Bonds Mens Trainers Size 6 To 10 4 pack,017215,$10.00,,https://www.woolworths.com.au/shop/productdetails/17215/bonds-mens-trainers-size-6-to-10,https://cdn0.woolworths.media/content/wowproductimages/medium/017215.jpg,2020-09-20 15:36:09,,0,,True
c0dde992-ed81-4e29-9ecf-0d92c75dd927,Woolworths Supermarket,Household,Finish Powder Concentrate Classic Lemon 1kg,705056,$12.00,$1.20 / 100G,https://www.woolworths.com.au/shop/productdetails/705056/finish-powder-concentrate-classic-lemon,https://cdn0.woolworths.media/content/wowproductimages/medium/705056.jpg,2020-09-20 15:36:09,,0,,True
701d1442-dee2-4cc7-b6b2-0fb6f588bf19,Woolworths Supermarket,Household,Quilton Facial Tissues Soft White 95pk,829630,$1.25,$1.32 / 100SS,https://www.woolworths.com.au/shop/productdetails/829630/quilton-facial-tissues-soft-white,https://cdn0.woolworths.media/content/wowproductimages/medium/829630.jpg,2020-09-20 15:36:09,,0,,True
5d130d76-fa9a-4779-8899-8293922c624a,Woolworths Supermarket,Household,Kleenex Facial Tissues Large & Thick Silk Touch 3ply 95 pack,172610,$2.60,$2.74 / 100SS,https://www.woolworths.com.au/shop/productdetails/172610/kleenex-facial-tissues-large-thick-silk-touch-3ply,https://cdn0.woolworths.media/content/wowproductimages/medium/172610.jpg,2020-09-20 15:36:09,,0,,True
c81d2283-b0d8-497a-9253-72248274bbca,Woolworths Supermarket,Household,Quilton Tuffy Paper Towel Triple Length 2 pack,785317,$6.00,$1.67 / 100SS,https://www.woolworths.com.au/shop/productdetails/785317/quilton-tuffy-paper-towel-triple-length,https://cdn0.woolworths.media/content/wowproductimages/medium/785317.jpg,2020-09-20 15:36:09,,0,Was $6.80 06/07/2020,True
10233af1-869a-4495-ac97-958247b086ef,Woolworths Supermarket,Household,Handee Ultra Paper Towel White 2 pack,019787,$3.50,$2.92 / 100SS,https://www.woolworths.com.au/shop/productdetails/19787/handee-ultra-paper-towel-white,https://cdn0.woolworths.media/content/wowproductimages/medium/019787.jpg,2020-09-20 15:36:09,,0,,True
e6114312-3c44-45b7-b435-203681435f87,Woolworths Supermarket,Household,Shine Rinse Aid 500ml,686173,$2.90,$0.58 / 100ML,https://www.woolworths.com.au/shop/productdetails/686173/shine-rinse-aid,https://cdn0.woolworths.media/content/wowproductimages/medium/686173.jpg,2020-09-20 15:36:09,Average product rating out of 5: 4.8. Product score is based on 19 ratings,19,,True
fb8f0cb8-a909-460d-8380-7258fc36d08a,Woolworths Supermarket,Household,Strike Disinfectant Wipes Lemon 100 pack,518438,$3.50,$0.04 / 1EA,https://www.woolworths.com.au/shop/productdetails/518438/strike-disinfectant-wipes-lemon,https://cdn0.woolworths.media/content/wowproductimages/medium/518438.jpg,2020-09-20 15:36:09,Average product rating out of 5: 4.3. Product score is based on 2496 ratings,2496,,True
9222e8ec-6bc9-4835-ae40-0b9c6b4c503f,Woolworths Supermarket,Household,Armada Freezer Bags Medium 80 pack,036286,$0.60,$0.01 / 1EA,https://www.woolworths.com.au/shop/productdetails/36286/armada-freezer-bags-medium,https://cdn0.woolworths.media/content/wowproductimages/medium/036286.jpg,2020-09-20 15:36:09,Average product rating out of 5: 4.5. Product score is based on 107 ratings,107,,True
b03262ef-c0e5-4ef2-9432-418ce02117cb,Woolworths Supermarket,Household,Armada Baking Paper 15m,252787,$2.70,$0.18 / 1M,https://www.woolworths.com.au/shop/productdetails/252787/armada-baking-paper,https://cdn0.woolworths.media/content/wowproductimages/medium/252787.jpg,2020-09-20 15:36:09,,0,,True
a2670cec-1932-473c-8a35-8703ebf70451,Woolworths Supermarket,Household,Kleenex Facial Tissues 200 pack,063899,$2.00,$1.00 / 100SS,https://www.woolworths.com.au/shop/productdetails/63899/kleenex-facial-tissues,https://cdn0.woolworths.media/content/wowproductimages/medium/063899.jpg,2020-09-20 15:36:09,,0,Was $2.20 26/02/2020,True
ae1faf12-7750-4e94-8605-f3495f52f953,Woolworths Supermarket,Household,Quilton Tuffy Paper Towel White 4ply 3 pack,574728,$4.30,$2.39 / 100SS,https://www.woolworths.com.au/shop/productdetails/574728/quilton-tuffy-paper-towel-white-4ply,https://cdn0.woolworths.media/content/wowproductimages/medium/574728.jpg,2020-09-20 15:36:09,,0,,True
dc7b9aae-ac33-49cb-844b-fdf06db5dd97,Woolworths Supermarket,Household,Kleenex Facial Tissues Aloe Vera 140 pack,032969,$3.00,$2.14 / 100SS,https://www.woolworths.com.au/shop/productdetails/32969/kleenex-facial-tissues-aloe-vera,https://cdn0.woolworths.media/content/wowproductimages/medium/032969.jpg,2020-09-20 15:36:09,,0,Was $3.85 20/01/2020,True
6fefcf7a-10a5-4436-95e6-69364106ed46,Woolworths Supermarket,Household,Quilton 2ply Tissue Hypo-allergenic 250 pack,644239,$2.50,$1.00 / 100SS,https://www.woolworths.com.au/shop/productdetails/644239/quilton-2ply-tissue-hypo-allergenic,https://cdn0.woolworths.media/content/wowproductimages/medium/644239.jpg,2020-09-20 15:36:09,,0,,True
6182c061-7d4d-4750-9e0f-a8cb0ace5f64,Woolworths Supermarket,Household,Essentials Facial Tissues 224 pack,759496,$1.00,$0.45 / 100SS,https://www.woolworths.com.au/shop/productdetails/759496/essentials-facial-tissues,https://cdn0.woolworths.media/content/wowproductimages/medium/759496.jpg,2020-09-20 15:36:09,Average product rating out of 5: 3.9. Product score is based on 672 ratings,672,,True
1d01bae5-ee04-4d58-81d0-16e402562dcd,Woolworths Supermarket,Household,Handee Ultra Paper Towel White 3 pack,252037,$4.40,$2.44 / 100SS,https://www.woolworths.com.au/shop/productdetails/252037/handee-ultra-paper-towel-white,https://cdn0.woolworths.media/content/wowproductimages/medium/252037.jpg,2020-09-20 15:36:09,,0,,True
d6fb8ee6-96da-45d9-b23e-a73dd614f4b4,Woolworths Supermarket,Household,Glad Baking Paper 25m,299138,$6.00,$0.24 / 1M,https://www.woolworths.com.au/shop/productdetails/299138/glad-baking-paper,https://cdn0.woolworths.media/content/wowproductimages/medium/299138.jpg,2020-09-20 15:36:09,,0,,True
67bc4ee2-1712-43ee-8dc2-110d3c6b58ae,Woolworths Supermarket,Household,Viva Paper Towel White 2 pack,176852,$1.75,$1.46 / 100SS,https://www.woolworths.com.au/shop/productdetails/176852/viva-paper-towel-white,https://cdn0.woolworths.media/content/wowproductimages/medium/176852.jpg,2020-09-20 15:36:09,,0,,True
3c0a0429-27d0-4f3d-b158-864b3945debb,Woolworths Supermarket,Household,Viva Paper Towel White 3 pack,249921,$4.00,$2.22 / 100SS,https://www.woolworths.com.au/shop/productdetails/249921/viva-paper-towel-white,https://cdn0.woolworths.media/content/wowproductimages/medium/249921.jpg,2020-09-20 15:36:09,,0,Was $4.90 26/10/2017,True
d83dd0ec-6ec5-4bb2-9e51-1eaa861f1a92,Woolworths Supermarket,Household,Armada Large Kitchen Tidy Bag Lavender/lemon Scented 25 pack,517111,$2.00,$0.08 / 1EA,https://www.woolworths.com.au/shop/productdetails/517111/armada-large-kitchen-tidy-bag-lavender-lemon-scented,https://cdn0.woolworths.media/content/wowproductimages/medium/517111.jpg,2020-09-20 15:36:09,Average product rating out of 5: 4.5. Product score is based on 602 ratings,602,Was $2.50 17/09/2018,True
b6b2edd4-fd41-4a2a-b7b1-174fd1d98998,Woolworths Supermarket,Household,Morning Fresh Dishwashing Liquid Raspberry & Crisp Apple 900ml,588994,$3.75,$0.42 / 100ML,https://www.woolworths.com.au/shop/productdetails/588994/morning-fresh-dishwashing-liquid-raspberry-crisp-apple,https://cdn0.woolworths.media/content/wowproductimages/medium/588994.jpg,2020-09-20 15:36:09,,0,,True
0d5bf1c4-01b3-4503-bf03-49dd05162386,Woolworths Supermarket,Household,Bonds Mens Trainers Size 11+ 4 pack,017237,$10.00,,https://www.woolworths.com.au/shop/productdetails/17237/bonds-mens-trainers-size-11-,https://cdn0.woolworths.media/content/wowproductimages/medium/017237.jpg,2020-09-20 15:36:09,,0,,True
4ec824cc-6916-4998-a573-105801de40dc,Woolworths Supermarket,Household,Bonds Mens Trunk M 2 pack,017464,$20.00,,https://www.woolworths.com.au/shop/productdetails/17464/bonds-mens-trunk-m,https://cdn0.woolworths.media/content/wowproductimages/medium/017464.jpg,2020-09-20 15:36:09,,0,,True
cd98ead3-66fe-45c9-a1d1-515613c0925e,Woolworths Supermarket,Household,Bonds Womens Trainers Socks Size 3 To 7 4 pack,017468,$10.00,,https://www.woolworths.com.au/shop/productdetails/17468/bonds-womens-trainers-socks-size-3-to-7,https://cdn0.woolworths.media/content/wowproductimages/medium/017468.jpg,2020-09-20 15:36:09,,0,,True
62b68b4c-3219-4437-b4d6-a7006f782afd,Woolworths Supermarket,Household,Bonds Mens Trunk Xl 2 pack,017473,$20.00,,https://www.woolworths.com.au/shop/productdetails/17473/bonds-mens-trunk-xl,https://cdn0.woolworths.media/content/wowproductimages/medium/017473.jpg,2020-09-20 15:36:09,,0,,True
0087fe06-8712-4ce0-a7ed-526b828c90cc,Woolworths Supermarket,Household,Bonds Mens Trunk L 2 pack,017475,$20.00,,https://www.woolworths.com.au/shop/productdetails/17475/bonds-mens-trunk-l,https://cdn0.woolworths.media/content/wowproductimages/medium/017475.jpg,2020-09-20 15:36:09,,0,,True
cc74c19c-6a58-479e-8b73-31a2c65bd035,Woolworths Supermarket,Household,Bonds Womens Comfy Crop Size Xl each,017480,$15.00,,https://www.woolworths.com.au/shop/productdetails/17480/bonds-womens-comfy-crop-size-xl,https://cdn0.woolworths.media/content/wowproductimages/medium/017480.jpg,2020-09-20 15:36:09,,0,,True
e1137dcc-fbb2-46bb-a86b-06b8dd7aa959,Woolworths Supermarket,Household,Bonds Womens Comfy Crop M Size M each,017481,$15.00,,https://www.woolworths.com.au/shop/productdetails/17481/bonds-womens-comfy-crop-m-size-m,https://cdn0.woolworths.media/content/wowproductimages/medium/017481.jpg,2020-09-20 15:36:09,,0,,True
2f04121c-0a8c-444c-aafd-104e931fd4e3,Woolworths Supermarket,Household,Bonds Womens Comfy Crop Size S each,017504,$15.00,,https://www.woolworths.com.au/shop/productdetails/17504/bonds-womens-comfy-crop-size-s,https://cdn0.woolworths.media/content/wowproductimages/medium/017504.jpg,2020-09-20 15:36:09,,0,,True
60593acd-051c-417d-af41-7aabe6f8a088,Woolworths Supermarket,Household,Bonds Womens Comfy Crop L each,017508,$15.00,,https://www.woolworths.com.au/shop/productdetails/17508/bonds-womens-comfy-crop-l,https://cdn0.woolworths.media/content/wowproductimages/medium/017508.jpg,2020-09-20 15:36:09,,0,,True
b45a84eb-ed64-439a-a6f4-8440b6b3d528,Woolworths Supermarket,Household,Bonds Womens Trainers Socks Size 8+ 4 pack,017511,$10.00,,https://www.woolworths.com.au/shop/productdetails/17511/bonds-womens-trainers-socks-size-8-,https://cdn0.woolworths.media/content/wowproductimages/medium/017511.jpg,2020-09-20 15:36:09,,0,,True
7ab20479-c7b7-4091-8989-1b9ee50daffb,Woolworths Supermarket,Household,Bonds Womens Edv Bikini Size 10 3 pack,017831,$15.00,,https://www.woolworths.com.au/shop/productdetails/17831/bonds-womens-edv-bikini-size-10,https://cdn0.woolworths.media/content/wowproductimages/medium/017831.jpg,2020-09-20 15:36:09,,0,,True
621406c2-1eff-4a6a-801c-6400e75926f0,Woolworths Supermarket,Household,Bonds Womens Bikini Size 14 3 pack,017836,,,https://www.woolworths.com.au/shop/productdetails/17836/bonds-womens-bikini-size-14,https://cdn0.woolworths.media/content/wowproductimages/medium/017836.jpg,2020-09-20 15:36:09,,0,,False
a740a451-dbd7-4090-ab1d-6485f4788440,Woolworths Supermarket,Household,Bonds Womens Bikini Size 12 3 pack,017842,$15.00,,https://www.woolworths.com.au/shop/productdetails/17842/bonds-womens-bikini-size-12,https://cdn0.woolworths.media/content/wowproductimages/medium/017842.jpg,2020-09-20 15:36:09,,0,,True
35fa98b2-a9b9-4d4f-84eb-ef03fd8a96b2,Woolworths Supermarket,Household,Razzamatazz Luxe Anklet 1 Size Soft Black each,017860,$4.00,,https://www.woolworths.com.au/shop/productdetails/17860/razzamatazz-luxe-anklet-1-size-soft-black,https://cdn0.woolworths.media/content/wowproductimages/medium/017860.jpg,2020-09-20 15:36:09,,0,,True
210c990e-c9b9-4548-8c37-be079dc5ef28,Woolworths Supermarket,Household,Essentials Cling Wrap 300m,018322,$6.75,$0.02 / 1M,https://www.woolworths.com.au/shop/productdetails/18322/essentials-cling-wrap,https://cdn0.woolworths.media/content/wowproductimages/medium/018322.jpg,2020-09-20 15:36:09,,0,,True
69b2cb4e-6488-40b4-abf9-23fbf1aa1b76,Woolworths Supermarket,Household,Essentials Aluminium Foil 30cmx10m,018324,$1.00,$0.10 / 1M,https://www.woolworths.com.au/shop/productdetails/18324/essentials-aluminium-foil,https://cdn0.woolworths.media/content/wowproductimages/medium/018324.jpg,2020-09-20 15:36:09,Average product rating out of 5: 4.2. Product score is based on 334 ratings,334,,True
ef3d2e44-9994-4149-9810-a3a168f061fa,Woolworths Supermarket,Household,Multix Recycled Tidy Bags Top Ties Large 20 pack,018983,$3.50,$0.18 / 1EA,https://www.woolworths.com.au/shop/productdetails/18983/multix-recycled-tidy-bags-top-ties-large,https://cdn0.woolworths.media/content/wowproductimages/medium/018983.jpg,2020-09-20 15:36:09,,0,,True
dd6b28b4-ba68-42b7-a5e7-7b0a50ae9512,Woolworths Supermarket,Household,Multix Recycled Tidy Bags Top Ties Medium 24 pack,018985,$3.50,$0.15 / 1EA,https://www.woolworths.com.au/shop/productdetails/18985/multix-recycled-tidy-bags-top-ties-medium,https://cdn0.woolworths.media/content/wowproductimages/medium/018985.jpg,2020-09-20 15:36:09,,0,,True
36ebc103-9b54-4afa-a279-e2de62306b32,Woolworths Supermarket,Household,Multix Greener 60% Plant Based Kitchen Tidy Garbage Bags L 20 pack,019033,$4.50,$0.23 / 1EA,https://www.woolworths.com.au/shop/productdetails/19033/multix-greener-60-plant-based-kitchen-tidy-garbage-bags-l,https://cdn0.woolworths.media/content/wowproductimages/medium/019033.jpg,2020-09-20 15:36:09,,0,,True
b5c1393c-da27-45de-80b2-774fa57f1660,Woolworths Supermarket,Household,Multix Compostable Small 22 pack,019035,$4.00,$0.18 / 1EA,https://www.woolworths.com.au/shop/productdetails/19035/multix-compostable-small,https://cdn0.woolworths.media/content/wowproductimages/medium/019035.jpg,2020-09-20 15:36:09,,0,,True
a836c332-cd13-4756-8b65-fe3b1b46c799,Woolworths Supermarket,Household,Reflex Photocopy Paper A4 Ream each,019100,$4.90,,https://www.woolworths.com.au/shop/productdetails/19100/reflex-photocopy-paper-a4-ream,https://cdn0.woolworths.media/content/wowproductimages/medium/019100.jpg,2020-09-20 15:36:09,,0,,True
ba1db4e6-4dab-4482-8e2a-ccfe26fcab8d,Woolworths Supermarket,Household,Bic Cristal Original Assorted Pens 10 pack,019102,$4.00,,https://www.woolworths.com.au/shop/productdetails/19102/bic-cristal-original-assorted-pens,https://cdn0.woolworths.media/content/wowproductimages/medium/019102.jpg,2020-09-20 15:36:09,,0,Was $4.69 31/10/16,True
77d6d79d-120d-4cf9-9306-e239251634d8,Woolworths Supermarket,Household,Green Gardener Garden Tap Connector 18-24mm each,019603,$3.00,,https://www.woolworths.com.au/shop/productdetails/19603/green-gardener-garden-tap-connector-18-24mm,https://cdn0.woolworths.media/content/wowproductimages/medium/019603.jpg,2020-09-20 15:36:09,,0,,True
2d77e122-b459-457a-8b74-ea0177a5dda3,Woolworths Supermarket,Household,Multix Greener 60% Plant Based Kitchen Tidy Garbage Bags S 30 pack,019613,$4.50,$0.15 / 1EA,https://www.woolworths.com.au/shop/productdetails/19613/multix-greener-60-plant-based-kitchen-tidy-garbage-bags-s,https://cdn0.woolworths.media/content/wowproductimages/medium/019613.jpg,2020-09-20 15:36:09,,0,,True
337571c7-6dc0-495f-904f-ed6f3ca12ad3,Woolworths Supermarket,Household,Handee Ultra Paper Towel White 2 pack,019787,$3.50,$2.92 / 100SS,https://www.woolworths.com.au/shop/productdetails/19787/handee-ultra-paper-towel-white,https://cdn0.woolworths.media/content/wowproductimages/medium/019787.jpg,2020-09-20 15:36:09,,0,,True
cc92c8f3-8b13-4704-bd84-68ad9e334787,Woolworths Supermarket,Household,Handee Ultra Paper Towel White 3 pack,252037,$4.40,$2.44 / 100SS,https://www.woolworths.com.au/shop/productdetails/252037/handee-ultra-paper-towel-white,https://cdn0.woolworths.media/content/wowproductimages/medium/252037.jpg,2020-09-20 15:36:09,,0,,True
9138e562-6bf4-4249-a552-3355bbf29928,Woolworths Supermarket,Household,Quilton Tuffy Paper Towel White 4ply 3 pack,574728,$4.30,$2.39 / 100SS,https://www.woolworths.com.au/shop/productdetails/574728/quilton-tuffy-paper-towel-white-4ply,https://cdn0.woolworths.media/content/wowproductimages/medium/574728.jpg,2020-09-20 15:36:09,,0,,True
48f16eb9-fdf0-4391-a1b4-8bbd282a262c,Woolworths Supermarket,Household,Glad Baking Paper 25m,299138,$6.00,$0.24 / 1M,https://www.woolworths.com.au/shop/productdetails/299138/glad-baking-paper,https://cdn0.woolworths.media/content/wowproductimages/medium/299138.jpg,2020-09-20 15:36:09,,0,,True
abf2db74-37ed-4ed7-8b9b-083472f1172c,Woolworths Supermarket,Household,Armada Baking Paper 15m,252787,$2.70,$0.18 / 1M,https://www.woolworths.com.au/shop/productdetails/252787/armada-baking-paper,https://cdn0.woolworths.media/content/wowproductimages/medium/252787.jpg,2020-09-20 15:36:09,,0,,True
39aa2b9d-f035-47be-b0dc-d600ba167d1f,Woolworths Supermarket,Household,Quilton Tuffy Paper Towel Triple Length 2 pack,785317,$6.00,$1.67 / 100SS,https://www.woolworths.com.au/shop/productdetails/785317/quilton-tuffy-paper-towel-triple-length,https://cdn0.woolworths.media/content/wowproductimages/medium/785317.jpg,2020-09-20 15:36:09,,0,Was $6.80 06/07/2020,True
14ca602f-8019-4f19-9d8c-267d746ace2e,Woolworths Supermarket,Household,Quilton 2ply Tissue Hypo-allergenic 250 pack,644239,$2.50,$1.00 / 100SS,https://www.woolworths.com.au/shop/productdetails/644239/quilton-2ply-tissue-hypo-allergenic,https://cdn0.woolworths.media/content/wowproductimages/medium/644239.jpg,2020-09-20 15:36:09,,0,,True
0071fada-c76b-4164-8d9c-9778e193163b,Woolworths Supermarket,Household,Shine Rinse Aid 500ml,686173,$2.90,$0.58 / 100ML,https://www.woolworths.com.au/shop/productdetails/686173/shine-rinse-aid,https://cdn0.woolworths.media/content/wowproductimages/medium/686173.jpg,2020-09-20 15:36:09,Average product rating out of 5: 4.8. Product score is based on 19 ratings,19,,True
ab0a2287-c611-4d7b-9efa-4e86b869efe8,Woolworths Supermarket,Household,Quilton Facial Tissues Soft White 95pk,829630,$1.25,$1.32 / 100SS,https://www.woolworths.com.au/shop/productdetails/829630/quilton-facial-tissues-soft-white,https://cdn0.woolworths.media/content/wowproductimages/medium/829630.jpg,2020-09-20 15:36:09,,0,,True
1a9f0c56-eba3-491b-8cbc-888b9cd62e81,Woolworths Supermarket,Household,Strike Disinfectant Wipes Lemon 100 pack,518438,$3.50,$0.04 / 1EA,https://www.woolworths.com.au/shop/productdetails/518438/strike-disinfectant-wipes-lemon,https://cdn0.woolworths.media/content/wowproductimages/medium/518438.jpg,2020-09-20 15:36:09,Average product rating out of 5: 4.3. Product score is based on 2496 ratings,2496,,True
11775608-b045-4b42-9daf-8b9a5acedbb4,Woolworths Supermarket,Household,Essentials Facial Tissues 224 pack,759496,$1.00,$0.45 / 100SS,https://www.woolworths.com.au/shop/productdetails/759496/essentials-facial-tissues,https://cdn0.woolworths.media/content/wowproductimages/medium/759496.jpg,2020-09-20 15:36:09,Average product rating out of 5: 3.9. Product score is based on 672 ratings,672,,True
b433472d-32d0-4833-96fe-59edfaf686d0,Woolworths Supermarket,Household,Armada Large Kitchen Tidy Bag Lavender/lemon Scented 25 pack,517111,$2.00,$0.08 / 1EA,https://www.woolworths.com.au/shop/productdetails/517111/armada-large-kitchen-tidy-bag-lavender-lemon-scented,https://cdn0.woolworths.media/content/wowproductimages/medium/517111.jpg,2020-09-20 15:36:09,Average product rating out of 5: 4.5. Product score is based on 602 ratings,602,Was $2.50 17/09/2018,True
20189c30-151e-4448-a6e8-3254122711e3,Woolworths Supermarket,Household,Armada Freezer Bags Medium 80 pack,036286,$0.60,$0.01 / 1EA,https://www.woolworths.com.au/shop/productdetails/36286/armada-freezer-bags-medium,https://cdn0.woolworths.media/content/wowproductimages/medium/036286.jpg,2020-09-20 15:36:09,Average product rating out of 5: 4.5. Product score is based on 107 ratings,107,,True
03d5b5c1-1049-4822-9932-088c1c1b47e4,Woolworths Supermarket,Household,Kleenex Facial Tissues 200 pack,063899,$2.00,$1.00 / 100SS,https://www.woolworths.com.au/shop/productdetails/63899/kleenex-facial-tissues,https://cdn0.woolworths.media/content/wowproductimages/medium/063899.jpg,2020-09-20 15:36:09,,0,Was $2.20 26/02/2020,True
a5d2bd48-9d3e-4fa9-8a30-0207ea81b706,Woolworths Supermarket,Household,Kleenex Facial Tissues Aloe Vera 140 pack,032969,$3.00,$2.14 / 100SS,https://www.woolworths.com.au/shop/productdetails/32969/kleenex-facial-tissues-aloe-vera,https://cdn0.woolworths.media/content/wowproductimages/medium/032969.jpg,2020-09-20 15:36:09,,0,Was $3.85 20/01/2020,True
06903658-d4f9-4b4e-9b9e-905a0cf26168,Woolworths Supermarket,Household,Kleenex Facial Tissues Large & Thick Silk Touch 3ply 95 pack,172610,$2.60,$2.74 / 100SS,https://www.woolworths.com.au/shop/productdetails/172610/kleenex-facial-tissues-large-thick-silk-touch-3ply,https://cdn0.woolworths.media/content/wowproductimages/medium/172610.jpg,2020-09-20 15:36:09,,0,,True
9990a35c-192e-4165-a467-fe1f5b64b20c,Woolworths Supermarket,Household,Viva Paper Towel White 2 pack,176852,$1.75,$1.46 / 100SS,https://www.woolworths.com.au/shop/productdetails/176852/viva-paper-towel-white,https://cdn0.woolworths.media/content/wowproductimages/medium/176852.jpg,2020-09-20 15:36:09,,0,,True
226d3cdb-f716-4da9-9e3c-a2fb84b0da02,Woolworths Supermarket,Household,Viva Paper Towel White 3 pack,249921,$4.00,$2.22 / 100SS,https://www.woolworths.com.au/shop/productdetails/249921/viva-paper-towel-white,https://cdn0.woolworths.media/content/wowproductimages/medium/249921.jpg,2020-09-20 15:36:09,,0,Was $4.90 26/10/2017,True
976f89ce-0c37-46d2-978a-b2056af8c654,Woolworths Supermarket,Household,Finish Powder Concentrate Classic Lemon 1kg,705056,$12.00,$1.20 / 100G,https://www.woolworths.com.au/shop/productdetails/705056/finish-powder-concentrate-classic-lemon,https://cdn0.woolworths.media/content/wowproductimages/medium/705056.jpg,2020-09-20 15:36:09,,0,,True
464393c8-ed8f-4ee0-9e63-f189fa3bd39e,Woolworths Supermarket,Household,Morning Fresh Dishwashing Liquid Raspberry & Crisp Apple 900ml,588994,$3.75,$0.42 / 100ML,https://www.woolworths.com.au/shop/productdetails/588994/morning-fresh-dishwashing-liquid-raspberry-crisp-apple,https://cdn0.woolworths.media/content/wowproductimages/medium/588994.jpg,2020-09-20 15:36:09,,0,,True
c4f85e40-df76-4ca6-8245-7623956b1bff,Woolworths Supermarket,Household,Handee Ultra Paper Towel White 2 pack,019787,$3.50,$2.92 / 100SS,https://www.woolworths.com.au/shop/productdetails/19787/handee-ultra-paper-towel-white,https://cdn0.woolworths.media/content/wowproductimages/medium/019787.jpg,2020-09-20 15:36:09,,0,,True
0fc61d3b-b3c5-47a9-945d-ecbd6ff2b92e,Woolworths Supermarket,Household,Ansell Gloves Silverlined Small Size 7.5 1 pair,020030,$2.30,$2.30 / 1EA,https://www.woolworths.com.au/shop/productdetails/20030/ansell-gloves-silverlined-small-size-7-5,https://cdn0.woolworths.media/content/wowproductimages/medium/020030.jpg,2020-09-20 15:36:09,,0,,True
b66a4129-b51c-42f0-ab95-74b96b9b79f3,Woolworths Supermarket,Household,Ansell Gloves Silverlined Medium Size 8 1 pair,020031,$2.30,$2.30 / 1EA,https://www.woolworths.com.au/shop/productdetails/20031/ansell-gloves-silverlined-medium-size-8,https://cdn0.woolworths.media/content/wowproductimages/medium/020031.jpg,2020-09-20 15:36:09,,0,,True
ac450088-73f8-45a9-89ff-e8c1ebb0e3a0,Woolworths Supermarket,Household,Reva Pegs Plastic 48 pack,020069,$6.50,$0.14 / 1EA,https://www.woolworths.com.au/shop/productdetails/20069/reva-pegs-plastic,https://cdn0.woolworths.media/content/wowproductimages/medium/020069.jpg,2020-09-20 15:36:09,,0,,True
b77aaffd-308a-4374-bbd9-8d54075af663,Woolworths Supermarket,Household,Geelong Brush Dusting Pan & Brush Set each,020455,$2.50,,https://www.woolworths.com.au/shop/productdetails/20455/geelong-brush-dusting-pan-brush-set,https://cdn0.woolworths.media/content/wowproductimages/medium/020455.jpg,2020-09-20 15:36:09,,0,,True
d07c953b-4ac2-4d86-b003-8ac26bb539bd,Woolworths Supermarket,Household,Geelong Brush Brush Toilet Tidy Set each,020462,$4.50,,https://www.woolworths.com.au/shop/productdetails/20462/geelong-brush-brush-toilet-tidy-set,https://cdn0.woolworths.media/content/wowproductimages/medium/020462.jpg,2020-09-20 15:36:09,,0,,True
9279befe-edea-4317-a322-d39cf491b04a,Woolworths Supermarket,Household,White King Power Clean In Cistern Bleach & Blue 2 pack,020918,$5.20,$5.20 / 100G,https://www.woolworths.com.au/shop/productdetails/20918/white-king-power-clean-in-cistern-bleach-blue,https://cdn0.woolworths.media/content/wowproductimages/medium/020918.jpg,2020-09-20 15:36:09,,0,,True
c095e777-00d6-47b6-914c-e59d86806cc7,Woolworths Supermarket,Household,Eveready Gold Aa Batteries 4 pack,021016,$4.50,$1.13 / 1EA,https://www.woolworths.com.au/shop/productdetails/21016/eveready-gold-aa-batteries,https://cdn0.woolworths.media/content/wowproductimages/medium/021016.jpg,2020-09-20 15:36:09,,0,Was $5.99 01/05/2017,True
716d9e4b-0eb4-4f9f-be7b-abfa2fbc69a0,Woolworths Supermarket,Household,Eveready Gold Aaa Batteries 4 pack,021027,$4.50,$1.13 / 1EA,https://www.woolworths.com.au/shop/productdetails/21027/eveready-gold-aaa-batteries,https://cdn0.woolworths.media/content/wowproductimages/medium/021027.jpg,2020-09-20 15:36:09,,0,Was $5.99 01/05/2017,True
0b1ed631-22bb-4894-9855-8fa4fecab078,Woolworths Supermarket,Household,Glad Snaplock Storage 10 pack,021109,$3.30,$0.33 / 1EA,https://www.woolworths.com.au/shop/productdetails/21109/glad-snaplock-storage,https://cdn0.woolworths.media/content/wowproductimages/medium/021109.jpg,2020-09-20 15:36:09,,0,,True
252389a7-7256-4829-8e9a-7cf9ac6bb219,Woolworths Supermarket,Household,Redheads Shrink Wrapped Matches 45 pack,021304,$2.15,$0.48 / 100EA,https://www.woolworths.com.au/shop/productdetails/21304/redheads-shrink-wrapped-matches,https://cdn0.woolworths.media/content/wowproductimages/medium/021304.jpg,2020-09-20 15:36:09,,0,,True
861fb618-5d69-42c6-8bfb-bd26595608aa,Woolworths Supermarket,Household,Redheads Extra Long Matches Extra Long 45 pack,021366,$2.75,$6.11 / 100EA,https://www.woolworths.com.au/shop/productdetails/21366/redheads-extra-long-matches-extra-long,https://cdn0.woolworths.media/content/wowproductimages/medium/021366.jpg,2020-09-20 15:36:09,,0,,True
82c6cb07-2df6-41c9-8e13-a2bbea5db8ef,Woolworths Supermarket,Household,Chef Craft Utensil Butterfly Can Opener each,021427,$3.00,,https://www.woolworths.com.au/shop/productdetails/21427/chef-craft-utensil-butterfly-can-opener,https://cdn0.woolworths.media/content/wowproductimages/medium/021427.jpg,2020-09-20 15:36:09,,0,Was $4.80 24/10/16,True
84f40a25-81e2-4714-9780-eb32363794c3,Woolworths Supermarket,Household,Redheads Handy Pack Matches Handy Pack 90 pack,021462,$2.75,$1.02 / 100EA,https://www.woolworths.com.au/shop/productdetails/21462/redheads-handy-pack-matches-handy-pack,https://cdn0.woolworths.media/content/wowproductimages/medium/021462.jpg,2020-09-20 15:36:09,,0,,True
f64a7f67-6375-45e2-8545-de2554e4e4c1,Woolworths Supermarket,Household,Duck Extra Power Toilet Shield Ocean Burst 500ml,021633,$5.00,$1.00 / 100ML,https://www.woolworths.com.au/shop/productdetails/21633/duck-extra-power-toilet-shield-ocean-burst,https://cdn0.woolworths.media/content/wowproductimages/medium/021633.jpg,2020-09-20 15:36:09,,0,,True
6a50e961-096d-45a7-a502-5299ae78d46f,Woolworths Supermarket,Household,Duck Extra Power Toilet Shield Spring Flowers 500ml,021635,$5.00,$1.00 / 100ML,https://www.woolworths.com.au/shop/productdetails/21635/duck-extra-power-toilet-shield-spring-flowers,https://cdn0.woolworths.media/content/wowproductimages/medium/021635.jpg,2020-09-20 15:36:09,,0,,True
e65a7c0d-08fa-49d8-bf8f-4458c1db93c5,Woolworths Supermarket,Household,Jiffy Bbq Accessory Fire Lighters Economy 24 pack,021968,$4.70,$0.20 / 1EA,https://www.woolworths.com.au/shop/productdetails/21968/jiffy-bbq-accessory-fire-lighters-economy,https://cdn0.woolworths.media/content/wowproductimages/medium/021968.jpg,2020-09-20 15:36:09,,0,,True
554b86f8-52b8-40d0-b4f6-bc7af4903d30,Woolworths Supermarket,Household,Armor All Car Care Wash & Wax 1l,022074,$8.00,$0.80 / 100ML,https://www.woolworths.com.au/shop/productdetails/22074/armor-all-car-care-wash-wax,https://cdn0.woolworths.media/content/wowproductimages/medium/022074.jpg,2020-09-20 15:36:09,,0,,True
127fefc4-ca4a-43c1-8ba0-fcd7e55bbdd1,Woolworths Supermarket,Household,Aerogard Insect Repellent Lotion Roll On Tropical 50ml,022207,$6.50,$13.00 / 100ML,https://www.woolworths.com.au/shop/productdetails/22207/aerogard-insect-repellent-lotion-roll-on-tropical,https://cdn0.woolworths.media/content/wowproductimages/medium/022207.jpg,2020-09-20 15:36:09,,0,,True
52cae178-8ba8-4b53-a443-7407566d1d9a,Woolworths Supermarket,Household,Duck Blue Plus Refill Toilet Cleaner 2x40g,022455,$3.90,$4.88 / 100G,https://www.woolworths.com.au/shop/productdetails/22455/duck-blue-plus-refill-toilet-cleaner,https://cdn0.woolworths.media/content/wowproductimages/medium/022455.jpg,2020-09-20 15:36:09,,0,,True
204f9931-634d-4a11-b7da-ecb8bcffb338,Woolworths Supermarket,Household,Harpic Toilet Cleaner Itb Blue Water each,022782,$2.50,$2.50 / 1EA,https://www.woolworths.com.au/shop/productdetails/22782/harpic-toilet-cleaner-itb-blue-water,https://cdn0.woolworths.media/content/wowproductimages/medium/022782.jpg,2020-09-20 15:36:09,,0,,True
c9ed05b9-4866-49ea-8144-492f64c38eaa,Woolworths Supermarket,Household,Armor All Car Care Protectant Original 250ml,023113,$9.00,$3.60 / 100ML,https://www.woolworths.com.au/shop/productdetails/23113/armor-all-car-care-protectant-original,https://cdn0.woolworths.media/content/wowproductimages/medium/023113.jpg,2020-09-20 15:36:09,,0,,True
de7f298f-f950-4c2c-9f82-5e38a1eca56b,Woolworths Supermarket,Household,Armor All Car Care Wash Heavy Duty 1l,023281,$8.00,$0.80 / 100ML,https://www.woolworths.com.au/shop/productdetails/23281/armor-all-car-care-wash-heavy-duty,https://cdn0.woolworths.media/content/wowproductimages/medium/023281.jpg,2020-09-20 15:36:09,,0,,True
591d5be9-6d3a-402b-88b4-0b8fbc0b5125,Woolworths Supermarket,Household,Antex Insect Control Granules 500g,023397,$6.75,$1.35 / 100G,https://www.woolworths.com.au/shop/productdetails/23397/antex-insect-control-granules,https://cdn0.woolworths.media/content/wowproductimages/medium/023397.jpg,2020-09-20 15:36:09,,0,,True
05ad2e58-05a4-4c6d-aa8d-65df38ebeebc,Woolworths Supermarket,Household,Finish Powder Concentrate Classic Lemon 1kg,705056,$12.00,$1.20 / 100G,https://www.woolworths.com.au/shop/productdetails/705056/finish-powder-concentrate-classic-lemon,https://cdn0.woolworths.media/content/wowproductimages/medium/705056.jpg,2020-09-20 15:36:09,,0,,True
fe52cebe-1ad5-44de-afa3-d7cc2b225f04,Woolworths Supermarket,Household,Morning Fresh Dishwashing Liquid Raspberry & Crisp Apple 900ml,588994,$3.75,$0.42 / 100ML,https://www.woolworths.com.au/shop/productdetails/588994/morning-fresh-dishwashing-liquid-raspberry-crisp-apple,https://cdn0.woolworths.media/content/wowproductimages/medium/588994.jpg,2020-09-20 15:36:09,,0,,True
6376efbb-e00b-45f3-a66e-83d640f47252,Woolworths Supermarket,Household,Glad Baking Paper 25m,299138,$6.00,$0.24 / 1M,https://www.woolworths.com.au/shop/productdetails/299138/glad-baking-paper,https://cdn0.woolworths.media/content/wowproductimages/medium/299138.jpg,2020-09-20 15:36:09,,0,,True
3150f4cf-bd0c-432b-afe0-db6d5450b653,Woolworths Supermarket,Household,Viva Paper Towel White 3 pack,249921,$4.00,$2.22 / 100SS,https://www.woolworths.com.au/shop/productdetails/249921/viva-paper-towel-white,https://cdn0.woolworths.media/content/wowproductimages/medium/249921.jpg,2020-09-20 15:36:09,,0,Was $4.90 26/10/2017,True
1f69848f-b22f-4a22-931f-85b217f452a0,Woolworths Supermarket,Household,Armada Freezer Bags Medium 80 pack,036286,$0.60,$0.01 / 1EA,https://www.woolworths.com.au/shop/productdetails/36286/armada-freezer-bags-medium,https://cdn0.woolworths.media/content/wowproductimages/medium/036286.jpg,2020-09-20 15:36:09,Average product rating out of 5: 4.5. Product score is based on 107 ratings,107,,True
52aaf4c5-b4cb-46d9-aed8-2f2a95f46d14,Woolworths Supermarket,Household,Quilton 2ply Tissue Hypo-allergenic 250 pack,644239,$2.50,$1.00 / 100SS,https://www.woolworths.com.au/shop/productdetails/644239/quilton-2ply-tissue-hypo-allergenic,https://cdn0.woolworths.media/content/wowproductimages/medium/644239.jpg,2020-09-20 15:36:09,,0,,True
185638a2-cc6e-43d5-83f1-8dc0902a8c19,Woolworths Supermarket,Household,Handee Ultra Paper Towel White 3 pack,252037,$4.40,$2.44 / 100SS,https://www.woolworths.com.au/shop/productdetails/252037/handee-ultra-paper-towel-white,https://cdn0.woolworths.media/content/wowproductimages/medium/252037.jpg,2020-09-20 15:36:09,,0,,True
7bd58a87-dbce-4c37-b3e1-0a02d3a93345,Woolworths Supermarket,Household,Armada Baking Paper 15m,252787,$2.70,$0.18 / 1M,https://www.woolworths.com.au/shop/productdetails/252787/armada-baking-paper,https://cdn0.woolworths.media/content/wowproductimages/medium/252787.jpg,2020-09-20 15:36:09,,0,,True
0da6ea41-b029-4e51-8187-be2434ba8b54,Woolworths Supermarket,Household,Shine Rinse Aid 500ml,686173,$2.90,$0.58 / 100ML,https://www.woolworths.com.au/shop/productdetails/686173/shine-rinse-aid,https://cdn0.woolworths.media/content/wowproductimages/medium/686173.jpg,2020-09-20 15:36:09,Average product rating out of 5: 4.8. Product score is based on 19 ratings,19,,True
0bb351f1-9d2c-45b0-894e-a8b1942546c3,Woolworths Supermarket,Household,Handee Ultra Paper Towel White 2 pack,019787,$3.50,$2.92 / 100SS,https://www.woolworths.com.au/shop/productdetails/19787/handee-ultra-paper-towel-white,https://cdn0.woolworths.media/content/wowproductimages/medium/019787.jpg,2020-09-20 15:36:09,,0,,True
0f073847-8be0-4a8d-aed8-22cd1b575d97,Woolworths Supermarket,Household,Armada Large Kitchen Tidy Bag Lavender/lemon Scented 25 pack,517111,$2.00,$0.08 / 1EA,https://www.woolworths.com.au/shop/productdetails/517111/armada-large-kitchen-tidy-bag-lavender-lemon-scented,https://cdn0.woolworths.media/content/wowproductimages/medium/517111.jpg,2020-09-20 15:36:09,Average product rating out of 5: 4.5. Product score is based on 602 ratings,602,Was $2.50 17/09/2018,True
f0f38554-071b-430f-9c3b-f12d44a139e5,Woolworths Supermarket,Household,Viva Paper Towel White 2 pack,176852,$1.75,$1.46 / 100SS,https://www.woolworths.com.au/shop/productdetails/176852/viva-paper-towel-white,https://cdn0.woolworths.media/content/wowproductimages/medium/176852.jpg,2020-09-20 15:36:09,,0,,True
ae90643f-38a4-4cde-866e-4cfd589f4aad,Woolworths Supermarket,Household,Strike Disinfectant Wipes Lemon 100 pack,518438,$3.50,$0.04 / 1EA,https://www.woolworths.com.au/shop/productdetails/518438/strike-disinfectant-wipes-lemon,https://cdn0.woolworths.media/content/wowproductimages/medium/518438.jpg,2020-09-20 15:36:09,Average product rating out of 5: 4.3. Product score is based on 2496 ratings,2496,,True
4bb594f8-969a-4a95-abca-7143a896d98b,Woolworths Supermarket,Household,Kleenex Facial Tissues Aloe Vera 140 pack,032969,$3.00,$2.14 / 100SS,https://www.woolworths.com.au/shop/productdetails/32969/kleenex-facial-tissues-aloe-vera,https://cdn0.woolworths.media/content/wowproductimages/medium/032969.jpg,2020-09-20 15:36:09,,0,Was $3.85 20/01/2020,True
3d39d5aa-3d87-4e9b-8c6d-c0fc8eb362ad,Woolworths Supermarket,Household,Quilton Tuffy Paper Towel Triple Length 2 pack,785317,$6.00,$1.67 / 100SS,https://www.woolworths.com.au/shop/productdetails/785317/quilton-tuffy-paper-towel-triple-length,https://cdn0.woolworths.media/content/wowproductimages/medium/785317.jpg,2020-09-20 15:36:09,,0,Was $6.80 06/07/2020,True
413902da-e6c1-4085-85a7-de2b68fb8373,Woolworths Supermarket,Household,Quilton Tuffy Paper Towel White 4ply 3 pack,574728,$4.30,$2.39 / 100SS,https://www.woolworths.com.au/shop/productdetails/574728/quilton-tuffy-paper-towel-white-4ply,https://cdn0.woolworths.media/content/wowproductimages/medium/574728.jpg,2020-09-20 15:36:09,,0,,True
dd9e1bb9-f5f2-42bb-b74f-e3dcb442a8ba,Woolworths Supermarket,Household,Kleenex Facial Tissues 200 pack,063899,$2.00,$1.00 / 100SS,https://www.woolworths.com.au/shop/productdetails/63899/kleenex-facial-tissues,https://cdn0.woolworths.media/content/wowproductimages/medium/063899.jpg,2020-09-20 15:36:09,,0,Was $2.20 26/02/2020,True
a4c13285-f96e-4788-8076-84670451fdf5,Woolworths Supermarket,Household,Essentials Facial Tissues 224 pack,759496,$1.00,$0.45 / 100SS,https://www.woolworths.com.au/shop/productdetails/759496/essentials-facial-tissues,https://cdn0.woolworths.media/content/wowproductimages/medium/759496.jpg,2020-09-20 15:36:09,Average product rating out of 5: 3.9. Product score is based on 672 ratings,672,,True
798ec74e-6198-4355-9f94-bf5764a443b3,Woolworths Supermarket,Household,Kleenex Facial Tissues Large & Thick Silk Touch 3ply 95 pack,172610,$2.60,$2.74 / 100SS,https://www.woolworths.com.au/shop/productdetails/172610/kleenex-facial-tissues-large-thick-silk-touch-3ply,https://cdn0.woolworths.media/content/wowproductimages/medium/172610.jpg,2020-09-20 15:36:09,,0,,True
2528c6a5-8465-4b96-bfa4-1f09ca9b4457,Woolworths Supermarket,Household,Quilton Facial Tissues Soft White 95pk,829630,$1.25,$1.32 / 100SS,https://www.woolworths.com.au/shop/productdetails/829630/quilton-facial-tissues-soft-white,https://cdn0.woolworths.media/content/wowproductimages/medium/829630.jpg,2020-09-20 15:36:09,,0,,True
f4edcbb5-948c-4110-bcff-5130d7f04056,Woolworths Supermarket,Household,Diggers Turpentine 1l,023407,$6.00,$0.60 / 100ML,https://www.woolworths.com.au/shop/productdetails/23407/diggers-turpentine,https://cdn0.woolworths.media/content/wowproductimages/medium/023407.jpg,2020-09-20 15:36:09,,0,,True
be4926e5-abd6-4909-9274-c3b175a361d8,Woolworths Supermarket,Household,Energizer Max Aa Batteries 16 pack,023597,$19.50,$1.22 / 1EA,https://www.woolworths.com.au/shop/productdetails/23597/energizer-max-aa-batteries,https://cdn0.woolworths.media/content/wowproductimages/medium/023597.jpg,2020-09-20 15:36:09,,0,,True
122882cc-e615-424b-a799-b29f88f24996,Woolworths Supermarket,Household,Handy Andy Cleaner And Disinfectant Green 750ml,023649,$3.70,$0.49 / 100ML,https://www.woolworths.com.au/shop/productdetails/23649/handy-andy-cleaner-and-disinfectant-green,https://cdn0.woolworths.media/content/wowproductimages/medium/023649.jpg,2020-09-20 15:36:09,,0,Was $3.99 23/04/2018,True
dd678879-1cd5-41d3-b14a-66667566ccd9,Woolworths Supermarket,Household,Shine Scented Wipes Vanilla 20 pack,023825,$4.00,$0.20 / 1EA,https://www.woolworths.com.au/shop/productdetails/23825/shine-scented-wipes-vanilla,https://cdn0.woolworths.media/content/wowproductimages/medium/023825.jpg,2020-09-20 15:36:09,,0,2 for $6.00 $0.15/1EA,True
718d4ace-2649-4880-a4f6-090ff98b9329,Woolworths Supermarket,Household,Shine Scented Wipes Lemon 20 pack,023832,$4.00,$0.20 / 1EA,https://www.woolworths.com.au/shop/productdetails/23832/shine-scented-wipes-lemon,https://cdn0.woolworths.media/content/wowproductimages/medium/023832.jpg,2020-09-20 15:36:09,,0,2 for $6.00 $0.15/1EA,True
8ffada2e-7cbd-4300-b84b-cb9a61da30ad,Woolworths Supermarket,Household,Shine Scented Wipes Mint 20 pack,023842,$4.00,$0.20 / 1EA,https://www.woolworths.com.au/shop/productdetails/23842/shine-scented-wipes-mint,https://cdn0.woolworths.media/content/wowproductimages/medium/023842.jpg,2020-09-20 15:36:09,,0,2 for $6.00 $0.15/1EA,True
02233edc-e9ec-4a6b-8282-266572870ded,Woolworths Supermarket,Household,Shine Scented Wipes Lavender 20 pack,023843,$4.00,$0.20 / 1EA,https://www.woolworths.com.au/shop/productdetails/23843/shine-scented-wipes-lavender,https://cdn0.woolworths.media/content/wowproductimages/medium/023843.jpg,2020-09-20 15:36:09,,0,2 for $6.00 $0.15/1EA,True
ac3ce61b-2644-41b1-957b-88df280d86b2,Woolworths Supermarket,Household,Shine Bamboo Wipes 30 pack,023845,$7.00,$0.23 / 1EA,https://www.woolworths.com.au/shop/productdetails/23845/shine-bamboo-wipes,https://cdn0.woolworths.media/content/wowproductimages/medium/023845.jpg,2020-09-20 15:36:09,,0,,True
849c18c1-183a-46a6-8859-4624bebc6a57,Woolworths Supermarket,Household,Bonds Women's Underwear Cottontails Size 12 2 pack,024456,$14.00,,https://www.woolworths.com.au/shop/productdetails/24456/bonds-women-s-underwear-cottontails-size-12,https://cdn0.woolworths.media/content/wowproductimages/medium/024456.jpg,2020-09-20 15:36:09,,0,Designs may vary,True
c22a44e3-c3e6-4f3e-8c5f-a15e6606d0ce,Woolworths Supermarket,Household,Bonds Womens Underwear Cottontails Size 14 2 pack,024458,$14.00,,https://www.woolworths.com.au/shop/productdetails/24458/bonds-womens-underwear-cottontails-size-14,https://cdn0.woolworths.media/content/wowproductimages/medium/024458.jpg,2020-09-20 15:36:09,,0,Designs may vary,True
c6a9abcc-529d-4ca4-b0b0-0568090d7536,Woolworths Supermarket,Household,Bonds Womens Underwear Cottontails Size 20 2 pack,024463,$14.00,,https://www.woolworths.com.au/shop/productdetails/24463/bonds-womens-underwear-cottontails-size-20,https://cdn0.woolworths.media/content/wowproductimages/medium/024463.jpg,2020-09-20 15:36:09,,0,Designs may vary,True
1e31baac-7faa-472c-a879-25a006849d59,Woolworths Supermarket,Household,Edco Stainless Steel Scourer 2 pack,025652,$2.50,$1.25 / 1EA,https://www.woolworths.com.au/shop/productdetails/25652/edco-stainless-steel-scourer,https://cdn0.woolworths.media/content/wowproductimages/medium/025652.jpg,2020-09-20 15:36:09,,0,,True
17bf2743-cb0b-4215-99b3-e1a206e0a871,Woolworths Supermarket,Household,Essentials Cloth Sponge 3 pack,025728,$0.99,$0.33 / 1EA,https://www.woolworths.com.au/shop/productdetails/25728/essentials-cloth-sponge,https://cdn0.woolworths.media/content/wowproductimages/medium/025728.jpg,2020-09-20 15:36:09,,0,,True
595b9030-18a5-4562-8f71-4fe81b44137e,Woolworths Supermarket,Household,Oates Microfibre Cloth 4 pack,026237,,,https://www.woolworths.com.au/shop/productdetails/26237/oates-microfibre-cloth,https://cdn0.woolworths.media/content/wowproductimages/medium/026237.jpg,2020-09-20 15:36:09,,0,,False
0155ec1e-7157-4eb0-a283-02fa0f31c54d,Woolworths Supermarket,Household,Oates Microfibre Cloth 3 pack,026239,$4.00,$1.33 / 1EA,https://www.woolworths.com.au/shop/productdetails/26239/oates-microfibre-cloth,https://cdn0.woolworths.media/content/wowproductimages/medium/026239.jpg,2020-09-20 15:36:09,,0,,True
5611b0e9-ba62-4159-88f6-4310fc17f4b0,Woolworths Supermarket,Household,Oates All Purpose Cloth 2 pack,026240,$3.00,$1.50 / 1EA,https://www.woolworths.com.au/shop/productdetails/26240/oates-all-purpose-cloth,https://cdn0.woolworths.media/content/wowproductimages/medium/026240.jpg,2020-09-20 15:36:09,,0,,True
1207828b-1126-4d49-aed9-ae8b6b964b7f,Woolworths Supermarket,Household,Dishmatic Glide Dish Brush each,026372,$3.37,$3.37 / 1EA,https://www.woolworths.com.au/shop/productdetails/26372/dishmatic-glide-dish-brush,https://cdn0.woolworths.media/content/wowproductimages/medium/026372.jpg,2020-09-20 15:36:09,,0,,True
3623a045-9402-4646-870d-064871e1a2fc,Woolworths Supermarket,Household,Selleys Adhesive Araldite 5 Minute Everyday 8ml,026419,$5.00,$62.50 / 100ML,https://www.woolworths.com.au/shop/productdetails/26419/selleys-adhesive-araldite-5-minute-everyday,https://cdn0.woolworths.media/content/wowproductimages/medium/026419.jpg,2020-09-20 15:36:09,,0,,True
6f54af1c-ccb6-4431-8237-ac88a010e4a1,Woolworths Supermarket,Household,Oates Wonder Cloth 3 pack,026444,$5.30,$1.77 / 1EA,https://www.woolworths.com.au/shop/productdetails/26444/oates-wonder-cloth,https://cdn0.woolworths.media/content/wowproductimages/medium/026444.jpg,2020-09-20 15:36:09,,0,,True
890974a6-72e1-4a77-8738-7e915223ed6d,Woolworths Supermarket,Household,Arctic Zone Hard Cooler 26l,026659,$42.00,,https://www.woolworths.com.au/shop/productdetails/26659/arctic-zone-hard-cooler,https://cdn0.woolworths.media/content/wowproductimages/medium/026659.jpg,2020-09-20 15:36:09,,0,,True
cab0ecd4-c6f5-491a-b048-8b988f4e7ba0,Woolworths Supermarket,Household,Bref Scent Switch Apple & Water Lily 50g,026871,$4.00,$8.00 / 100G,https://www.woolworths.com.au/shop/productdetails/26871/bref-scent-switch-apple-water-lily,https://cdn0.woolworths.media/content/wowproductimages/medium/026871.jpg,2020-09-20 15:36:09,,0,,True
e5bdf4f1-c0b0-4f0e-a1bb-ffcf98d5dbea,Woolworths Supermarket,Household,Bref Fresh Boost Juicy Lemon 450ml,026885,$3.50,$0.78 / 100ML,https://www.woolworths.com.au/shop/productdetails/26885/bref-fresh-boost-juicy-lemon,https://cdn0.woolworths.media/content/wowproductimages/medium/026885.jpg,2020-09-20 15:36:09,,0,,True
ea3a1217-60a8-4d8f-9c40-4cc5d2db1c2e,Woolworths Supermarket,Household,Bref Fresh Boost Flower Blossom 450ml,026887,$3.50,$0.78 / 100ML,https://www.woolworths.com.au/shop/productdetails/26887/bref-fresh-boost-flower-blossom,https://cdn0.woolworths.media/content/wowproductimages/medium/026887.jpg,2020-09-20 15:36:09,,0,,True
d213fe40-604d-46d9-abc7-8769f8dab0c1,Woolworths Supermarket,Household,Bref Scent Switch Juicy Peach & Sweet Apple 50g,026895,$4.00,$8.00 / 100G,https://www.woolworths.com.au/shop/productdetails/26895/bref-scent-switch-juicy-peach-sweet-apple,https://cdn0.woolworths.media/content/wowproductimages/medium/026895.jpg,2020-09-20 15:36:09,,0,,True
42974c03-c841-46e5-a4c8-013c02a5ad71,Woolworths Supermarket,Household,Kleenex Facial Tissues Aloe Vera 140 pack,032969,$3.00,$2.14 / 100SS,https://www.woolworths.com.au/shop/productdetails/32969/kleenex-facial-tissues-aloe-vera,https://cdn0.woolworths.media/content/wowproductimages/medium/032969.jpg,2020-09-20 15:36:09,,0,Was $3.85 20/01/2020,True
456e16ca-7dea-4f23-9c91-3a920feee6e3,Woolworths Supermarket,Household,Viva Paper Towel White 3 pack,249921,$4.00,$2.22 / 100SS,https://www.woolworths.com.au/shop/productdetails/249921/viva-paper-towel-white,https://cdn0.woolworths.media/content/wowproductimages/medium/249921.jpg,2020-09-20 15:36:09,,0,Was $4.90 26/10/2017,True
0f0c8446-d5fc-4729-a096-33b73675f1bd,Woolworths Supermarket,Household,Viva Paper Towel White 2 pack,176852,$1.75,$1.46 / 100SS,https://www.woolworths.com.au/shop/productdetails/176852/viva-paper-towel-white,https://cdn0.woolworths.media/content/wowproductimages/medium/176852.jpg,2020-09-20 15:36:09,,0,,True
6b23d597-b876-4a50-84d1-4b1f032f7659,Woolworths Supermarket,Household,Finish Dishwashing Rinse Aid Liquid Regular 250ml,034222,$3.00,$1.20 / 100ML,https://www.woolworths.com.au/shop/productdetails/34222/finish-dishwashing-rinse-aid-liquid-regular,https://cdn0.woolworths.media/content/wowproductimages/medium/034222.jpg,2020-09-20 15:36:09,,0,,True
0b44f045-652a-4a93-abca-9fe31889019d,Woolworths Supermarket,Household,White King Power Clean Toilet Cleaner Bleach Gel Eucalyptus 700ml,326335,$4.60,$0.66 / 100ML,https://www.woolworths.com.au/shop/productdetails/326335/white-king-power-clean-toilet-cleaner-bleach-gel-eucalyptus,https://cdn0.woolworths.media/content/wowproductimages/medium/326335.jpg,2020-09-20 15:36:09,,0,,True
d9f1a4e0-8ea5-4001-b570-46784a912757,Woolworths Supermarket,Household,White King Mould & Scum Remover Lemon 500ml,258166,$4.50,$0.90 / 100ML,https://www.woolworths.com.au/shop/productdetails/258166/white-king-mould-scum-remover-lemon,https://cdn0.woolworths.media/content/wowproductimages/medium/258166.jpg,2020-09-20 15:36:09,,0,Was $5.20 15/01/2018,True
a80818ee-6653-4398-b535-8b47d1675d9b,Woolworths Supermarket,Household,Cold Power Advanced Clean 1l,088675,$5.50,$5.50 / 1L,https://www.woolworths.com.au/shop/productdetails/88675/cold-power-advanced-clean,https://cdn0.woolworths.media/content/wowproductimages/medium/088675.jpg,2020-09-20 15:36:09,,0,,True
f0bc058a-b58f-48b0-a3f3-7cb359cdadbf,Woolworths Supermarket,Household,Omo Ultimate Laundry Detergent Powder Front & Top Loader 5kg,430629,$30.00,$6.00 / 1KG,https://www.woolworths.com.au/shop/productdetails/430629/omo-ultimate-laundry-detergent-powder-front-top-loader,https://cdn0.woolworths.media/content/wowproductimages/medium/430629.jpg,2020-09-20 15:36:09,,0,,True
3918a490-bd4e-454d-a8e5-42bbeb9f693d,Woolworths Supermarket,Household,Magic Washing Machine Cleaner Sachets 2x100g,743805,$9.45,$47.25 / 1KG,https://www.woolworths.com.au/shop/productdetails/743805/magic-washing-machine-cleaner-sachets,https://cdn0.woolworths.media/content/wowproductimages/medium/743805.jpg,2020-09-20 15:36:09,,0,,True
8f5e362f-fe8e-40ba-963b-12fb5fb417ab,Woolworths Supermarket,Household,Multix Easy Tear Off Freezer Bags Medium 80 pack,035460,$2.40,$0.03 / 1EA,https://www.woolworths.com.au/shop/productdetails/35460/multix-easy-tear-off-freezer-bags-medium,https://cdn0.woolworths.media/content/wowproductimages/medium/035460.jpg,2020-09-20 15:36:09,,0,,True
bccc75a9-5249-44ea-a53c-f4213f8286eb,Woolworths Supermarket,Household,Morning Fresh Dishwashing Liquid Lemon Super Strength 900ml,208111,$3.75,$0.42 / 100ML,https://www.woolworths.com.au/shop/productdetails/208111/morning-fresh-dishwashing-liquid-lemon-super-strength,https://cdn0.woolworths.media/content/wowproductimages/medium/208111.jpg,2020-09-20 15:36:09,,0,,True
f393d289-8a59-4e2c-8de3-4f1575db9d49,Woolworths Supermarket,Household,Soften Concentrated Fabric Softener Oriental Kiss 1l,563025,$3.80,$3.80 / 1L,https://www.woolworths.com.au/shop/productdetails/563025/soften-concentrated-fabric-softener-oriental-kiss,https://cdn0.woolworths.media/content/wowproductimages/medium/563025.jpg,2020-09-20 15:36:09,Average product rating out of 5: 4.2. Product score is based on 504 ratings,504,,True
5de5110a-0d45-4ee3-82fe-818f03f72acb,Woolworths Supermarket,Household,Purity Sensitive Fabric Softener 2l,088869,$6.00,$3.00 / 1L,https://www.woolworths.com.au/shop/productdetails/88869/purity-sensitive-fabric-softener,https://cdn0.woolworths.media/content/wowproductimages/medium/088869.jpg,2020-09-20 15:36:09,,0,,True
a6dce0b1-d0cf-4ef4-ab8f-91cbeb9ecf6f,Woolworths Supermarket,Household,Quilton Gold 4 Ply Tissues Aloe Vera 100 pack,644240,$2.20,$2.20 / 100SS,https://www.woolworths.com.au/shop/productdetails/644240/quilton-gold-4-ply-tissues-aloe-vera,https://cdn0.woolworths.media/content/wowproductimages/medium/644240.jpg,2020-09-20 15:36:09,,0,,True
508a6add-ed7e-4a12-b777-6d07fc1867f3,Woolworths Supermarket,Household,Omo Sensitive Laundry Detergent Powder Front & Top Loader 2kg,471182,$11.00,$5.50 / 1KG,https://www.woolworths.com.au/shop/productdetails/471182/omo-sensitive-laundry-detergent-powder-front-top-loader,https://cdn0.woolworths.media/content/wowproductimages/medium/471182.jpg,2020-09-20 15:36:09,,0,,True
784d092d-2842-4d7d-bbff-31a46975783e,Woolworths Supermarket,Household,Windex Multi-purpose Surface & Glass Cleaner Mountain Fresh 750ml,012413,$4.80,$0.64 / 100ML,https://www.woolworths.com.au/shop/productdetails/12413/windex-multi-purpose-surface-glass-cleaner-mountain-fresh,https://cdn0.woolworths.media/content/wowproductimages/medium/012413.jpg,2020-09-20 15:36:09,,0,,True
cf4f3a23-ff22-4f2e-8148-6faec1fc6024,Woolworths Supermarket,Household,Essentials Laundry Liquid 2l,047621,$1.49,$0.75 / 1L,https://www.woolworths.com.au/shop/productdetails/47621/essentials-laundry-liquid,https://cdn0.woolworths.media/content/wowproductimages/medium/047621.jpg,2020-09-20 15:36:09,Average product rating out of 5: 3.8. Product score is based on 547 ratings,547,,True
22abf3a4-4d8d-4472-aa97-c7494cdb4ea1,Woolworths Supermarket,Household,Chevron Alkaline Aa 24 pack,683404,$10.00,$0.42 / 1EA,https://www.woolworths.com.au/shop/productdetails/683404/chevron-alkaline-aa,https://cdn0.woolworths.media/content/wowproductimages/medium/683404.jpg,2020-09-20 15:36:09,,0,,True
1c3a9bb5-67c3-4f05-ac3e-a4964e4e4a9b,Woolworths Supermarket,Household,Omo Active Clean Laundry Detergent Washing Powder 2kg,430650,$11.00,$5.50 / 1KG,https://www.woolworths.com.au/shop/productdetails/430650/omo-active-clean-laundry-detergent-washing-powder,https://cdn0.woolworths.media/content/wowproductimages/medium/430650.jpg,2020-09-20 15:36:09,,0,,True
af99056c-e970-4456-97c8-495ad7ace537,Woolworths Supermarket,Household,Quilton Tuffy Paper Towel Triple Length 2 pack,785317,$6.00,$1.67 / 100SS,https://www.woolworths.com.au/shop/productdetails/785317/quilton-tuffy-paper-towel-triple-length,https://cdn0.woolworths.media/content/wowproductimages/medium/785317.jpg,2020-09-20 15:36:09,,0,Was $6.80 06/07/2020,True
ca54d927-5cc8-4343-b8f7-2d45fabe5428,Woolworths Supermarket,Household,Bref Power Active Ocean Breeze 2x50g,026919,$7.00,$7.00 / 100G,https://www.woolworths.com.au/shop/productdetails/26919/bref-power-active-ocean-breeze,https://cdn0.woolworths.media/content/wowproductimages/medium/026919.jpg,2020-09-20 15:36:09,,0,,True
d89eb7c1-58b3-4eaf-bc5b-75c28ac9186f,Woolworths Supermarket,Household,Essentials Fabric Softener Lavender 250ml,026971,$0.85,$3.40 / 1L,https://www.woolworths.com.au/shop/productdetails/26971/essentials-fabric-softener-lavender,https://cdn0.woolworths.media/content/wowproductimages/medium/026971.jpg,2020-09-20 15:36:09,Average product rating out of 5: 3.7. Product score is based on 245 ratings,245,,True
4e4b8e48-b6bf-4077-9611-d2c58d572be9,Woolworths Supermarket,Household,Multix Super Strong Garbage Bags 10 pack,027114,$4.10,$0.41 / 1EA,https://www.woolworths.com.au/shop/productdetails/27114/multix-super-strong-garbage-bags,https://cdn0.woolworths.media/content/wowproductimages/medium/027114.jpg,2020-09-20 15:36:09,,0,,True
c9390024-6527-4ff8-97bb-3deb9c5f597d,Woolworths Supermarket,Household,Windex Glass Cleaner Trigger 500ml,027210,$4.30,$0.86 / 100ML,https://www.woolworths.com.au/shop/productdetails/27210/windex-glass-cleaner-trigger,https://cdn0.woolworths.media/content/wowproductimages/medium/027210.jpg,2020-09-20 15:36:09,,0,,True
62827955-77ce-41fa-8510-06af995f405b,Woolworths Supermarket,Household,Softly Delicates Fabric Solution 1.25l,027941,$7.49,$5.99 / 1L,https://www.woolworths.com.au/shop/productdetails/27941/softly-delicates-fabric-solution,https://cdn0.woolworths.media/content/wowproductimages/medium/027941.jpg,2020-09-20 15:36:09,,0,,True
ce14d5e1-fca1-4205-8753-df79dd7a7ecf,Woolworths Supermarket,Household,Decor Microsafe Jewel Value Pack 3 pack,027950,$12.00,,https://www.woolworths.com.au/shop/productdetails/27950/decor-microsafe-jewel-value-pack,https://cdn0.woolworths.media/content/wowproductimages/medium/027950.jpg,2020-09-20 15:36:09,,0,,True
6e951c87-bf4c-4221-addb-3bc9b65d9f92,Woolworths Supermarket,Household,Decor Microsafe Oblong 375ml 3 pack,028004,$11.00,,https://www.woolworths.com.au/shop/productdetails/28004/decor-microsafe-oblong-375ml,https://cdn0.woolworths.media/content/wowproductimages/medium/028004.jpg,2020-09-20 15:36:09,,0,,True
6795670c-902e-44a9-b59f-768d4d33db89,Woolworths Supermarket,Household,Finish 0% Dishwasher Tablets 22 pack,028626,$17.00,$0.77 / 1EA,https://www.woolworths.com.au/shop/productdetails/28626/finish-0-dishwasher-tablets,https://cdn0.woolworths.media/content/wowproductimages/medium/028626.jpg,2020-09-20 15:36:09,,0,,True
6da35e3f-034c-4de6-9f3d-1c4a392a7bcc,Woolworths Supermarket,Household,Brunnings Tough Lawn Seed 1kg,029100,$8.00,$0.80 / 100G,https://www.woolworths.com.au/shop/productdetails/29100/brunnings-tough-lawn-seed,https://cdn0.woolworths.media/content/wowproductimages/medium/029100.jpg,2020-09-20 15:36:09,,0,,True
1e88ae39-a0cc-48f4-9ff7-983b00a7308d,Woolworths Supermarket,Household,Mortein Nest Kill Cockroach Baits 12 pack,029165,$11.80,$0.98 / 1EA,https://www.woolworths.com.au/shop/productdetails/29165/mortein-nest-kill-cockroach-baits,https://cdn0.woolworths.media/content/wowproductimages/medium/029165.jpg,2020-09-20 15:36:09,,0,,True
8c498f8d-2630-4235-9e0b-a57a0c18fbb7,Woolworths Supermarket,Household,Sorbent Facial Tissues Thick & Large White 95pk,029425,$1.50,$1.58 / 100SS,https://www.woolworths.com.au/shop/productdetails/29425/sorbent-facial-tissues-thick-large-white,https://cdn0.woolworths.media/content/wowproductimages/medium/029425.jpg,2020-09-20 15:36:09,,0,,True
b832ff37-8af0-43e8-88ba-f5139c52b0a5,Woolworths Supermarket,Household,Yates Zero Ultra Tough Ready To Use 750ml,029430,$12.00,$1.60 / 100ML,https://www.woolworths.com.au/shop/productdetails/29430/yates-zero-ultra-tough-ready-to-use,https://cdn0.woolworths.media/content/wowproductimages/medium/029430.jpg,2020-09-20 15:36:09,,0,,True
f0cc48e9-eb66-489b-943d-c7a5711d276c,Woolworths Supermarket,Household,Edco Scourer Scrubber Pool Bath 1pk,029654,$3.00,,https://www.woolworths.com.au/shop/productdetails/29654/edco-scourer-scrubber-pool-bath,https://cdn0.woolworths.media/content/wowproductimages/medium/029654.jpg,2020-09-20 15:36:09,,0,,True
e58937f8-abef-49b6-bb40-da3688c13ef5,Woolworths Supermarket,Household,Little Trees Car Air Freshener Assorted each,029795,$2.50,,https://www.woolworths.com.au/shop/productdetails/29795/little-trees-car-air-freshener-assorted,https://cdn0.woolworths.media/content/wowproductimages/medium/029795.jpg,2020-09-20 15:36:09,,0,,True
310e12ca-ebbe-4ca1-94a8-2019cf216c8c,Woolworths Supermarket,Household,Glad Oven Bag Regular Regular 5 pack,030730,$2.40,$0.48 / 1EA,https://www.woolworths.com.au/shop/productdetails/30730/glad-oven-bag-regular-regular,https://cdn0.woolworths.media/content/wowproductimages/medium/030730.jpg,2020-09-20 15:36:09,,0,,True
1449c45e-8fc0-4699-b79f-e4fa2ee1330d,Woolworths Supermarket,Household,Glad Cling Wrap 60m,030756,$4.50,$0.08 / 1M,https://www.woolworths.com.au/shop/productdetails/30756/glad-cling-wrap,https://cdn0.woolworths.media/content/wowproductimages/medium/030756.jpg,2020-09-20 15:36:09,,0,,True
0965e156-76ea-4fff-ad15-0cf74c5b4d7a,Woolworths Supermarket,Household,Multix Easy Tear Off Freezer Bags Large 40 pack,031018,$2.40,$0.06 / 1EA,https://www.woolworths.com.au/shop/productdetails/31018/multix-easy-tear-off-freezer-bags-large,https://cdn0.woolworths.media/content/wowproductimages/medium/031018.jpg,2020-09-20 15:36:09,,0,,True
5128151e-e4a0-461c-8aab-31f7fd3e65f3,Woolworths Supermarket,Household,Deeko Serviettes Lunch 2ply 50 pack,031417,$4.80,$0.10 / 1EA,https://www.woolworths.com.au/shop/productdetails/31417/deeko-serviettes-lunch-2ply,https://cdn0.woolworths.media/content/wowproductimages/medium/031417.jpg,2020-09-20 15:36:09,,0,Designs may vary,True
1db492f7-a2eb-41f1-9b9c-3a7ca84c3b89,Woolworths Supermarket,Household,Deeko Extra Thick Serviette 1ply 75 pack,031424,$3.00,$0.04 / 1EA,https://www.woolworths.com.au/shop/productdetails/31424/deeko-extra-thick-serviette-1ply,https://cdn0.woolworths.media/content/wowproductimages/medium/031424.jpg,2020-09-20 15:36:09,,0,,True
15b57b43-8c88-46be-8bec-3a6bb628aaad,Woolworths Supermarket,Household,Combat Ant Rid Insect Control Ant Killer 50ml,031440,$4.10,$8.20 / 100ML,https://www.woolworths.com.au/shop/productdetails/31440/combat-ant-rid-insect-control-ant-killer,https://cdn0.woolworths.media/content/wowproductimages/medium/031440.jpg,2020-09-20 15:36:09,,0,,True
a2b48a19-47f2-451f-87a6-ed13cfb19e63,Woolworths Supermarket,Household,Glad Cling Wrap 30m,031601,$2.70,$0.09 / 1M,https://www.woolworths.com.au/shop/productdetails/31601/glad-cling-wrap,https://cdn0.woolworths.media/content/wowproductimages/medium/031601.jpg,2020-09-20 15:36:09,,0,,True
ae57c78d-5c2f-4d31-9ddb-84b3f370d2cf,Woolworths Supermarket,Household,Windex Glass Cleaner Refill 750ml,031775,$4.40,$0.59 / 100ML,https://www.woolworths.com.au/shop/productdetails/31775/windex-glass-cleaner-refill,https://cdn0.woolworths.media/content/wowproductimages/medium/031775.jpg,2020-09-20 15:36:09,,0,,True
bf99bd39-3552-4d3e-b555-ead7f46e17bc,Woolworths Supermarket,Household,Ajax Powder Cleanser Disinfectant Household Grade Lemon 500g,031780,$4.00,$0.80 / 100G,https://www.woolworths.com.au/shop/productdetails/31780/ajax-powder-cleanser-disinfectant-household-grade-lemon,https://cdn0.woolworths.media/content/wowproductimages/medium/031780.jpg,2020-09-20 15:36:09,,0,,True
c85ddfa9-362c-4cb2-b779-c4768db35eb2,Woolworths Supermarket,Household,Gumption Paste Multi Purpose Cleanser 500g,031783,$5.30,$1.06 / 100G,https://www.woolworths.com.au/shop/productdetails/31783/gumption-paste-multi-purpose-cleanser,https://cdn0.woolworths.media/content/wowproductimages/medium/031783.jpg,2020-09-20 15:36:09,,0,,True
41aaaed8-4bbc-47e4-a99c-8ea24084b211,Woolworths Supermarket,Household,Kleenex Facial Tissues Aloe Vera 140 pack,032969,$3.00,$2.14 / 100SS,https://www.woolworths.com.au/shop/productdetails/32969/kleenex-facial-tissues-aloe-vera,https://cdn0.woolworths.media/content/wowproductimages/medium/032969.jpg,2020-09-20 15:36:09,,0,Was $3.85 20/01/2020,True
537e5ba3-0b6d-407e-ac77-bd74e5869d25,Woolworths Supermarket,Household,Viva Paper Towel White 3 pack,249921,$4.00,$2.22 / 100SS,https://www.woolworths.com.au/shop/productdetails/249921/viva-paper-towel-white,https://cdn0.woolworths.media/content/wowproductimages/medium/249921.jpg,2020-09-20 15:36:09,,0,Was $4.90 26/10/2017,True
97df3965-3c9d-4c6a-b31c-3e201a4354ea,Woolworths Supermarket,Household,Viva Paper Towel White 2 pack,176852,$1.75,$1.46 / 100SS,https://www.woolworths.com.au/shop/productdetails/176852/viva-paper-towel-white,https://cdn0.woolworths.media/content/wowproductimages/medium/176852.jpg,2020-09-20 15:36:09,,0,,True
f6663fd9-c44d-4835-8162-ca8b7fbd3ec6,Woolworths Supermarket,Household,Finish Dishwashing Rinse Aid Liquid Regular 250ml,034222,$3.00,$1.20 / 100ML,https://www.woolworths.com.au/shop/productdetails/34222/finish-dishwashing-rinse-aid-liquid-regular,https://cdn0.woolworths.media/content/wowproductimages/medium/034222.jpg,2020-09-20 15:36:09,,0,,True
f8b85f4b-3464-4be2-a9f4-591b9fc2e5e6,Woolworths Supermarket,Household,White King Power Clean Toilet Cleaner Bleach Gel Eucalyptus 700ml,326335,$4.60,$0.66 / 100ML,https://www.woolworths.com.au/shop/productdetails/326335/white-king-power-clean-toilet-cleaner-bleach-gel-eucalyptus,https://cdn0.woolworths.media/content/wowproductimages/medium/326335.jpg,2020-09-20 15:36:09,,0,,True
7af032dc-458a-412d-8e31-8ca29da64657,Woolworths Supermarket,Household,White King Mould & Scum Remover Lemon 500ml,258166,$4.50,$0.90 / 100ML,https://www.woolworths.com.au/shop/productdetails/258166/white-king-mould-scum-remover-lemon,https://cdn0.woolworths.media/content/wowproductimages/medium/258166.jpg,2020-09-20 15:36:09,,0,Was $5.20 15/01/2018,True
3bbda274-e0a5-4ad2-8653-60c53de8b996,Woolworths Supermarket,Household,Cold Power Advanced Clean 1l,088675,$5.50,$5.50 / 1L,https://www.woolworths.com.au/shop/productdetails/88675/cold-power-advanced-clean,https://cdn0.woolworths.media/content/wowproductimages/medium/088675.jpg,2020-09-20 15:36:09,,0,,True
ad98fc91-a30e-4ab5-91bc-7ad8193a8af5,Woolworths Supermarket,Household,Omo Ultimate Laundry Detergent Powder Front & Top Loader 5kg,430629,$30.00,$6.00 / 1KG,https://www.woolworths.com.au/shop/productdetails/430629/omo-ultimate-laundry-detergent-powder-front-top-loader,https://cdn0.woolworths.media/content/wowproductimages/medium/430629.jpg,2020-09-20 15:36:09,,0,,True
8855d28f-8ba4-4983-99d1-39880ab412cf,Woolworths Supermarket,Household,Magic Washing Machine Cleaner Sachets 2x100g,743805,$9.45,$47.25 / 1KG,https://www.woolworths.com.au/shop/productdetails/743805/magic-washing-machine-cleaner-sachets,https://cdn0.woolworths.media/content/wowproductimages/medium/743805.jpg,2020-09-20 15:36:09,,0,,True
9870fdae-291a-4126-956a-18f667303bc1,Woolworths Supermarket,Household,Multix Easy Tear Off Freezer Bags Medium 80 pack,035460,$2.40,$0.03 / 1EA,https://www.woolworths.com.au/shop/productdetails/35460/multix-easy-tear-off-freezer-bags-medium,https://cdn0.woolworths.media/content/wowproductimages/medium/035460.jpg,2020-09-20 15:36:09,,0,,True
95e22d69-186e-4ca3-8386-f73c960f27de,Woolworths Supermarket,Household,Morning Fresh Dishwashing Liquid Lemon Super Strength 900ml,208111,$3.75,$0.42 / 100ML,https://www.woolworths.com.au/shop/productdetails/208111/morning-fresh-dishwashing-liquid-lemon-super-strength,https://cdn0.woolworths.media/content/wowproductimages/medium/208111.jpg,2020-09-20 15:36:09,,0,,True
4e6d6104-c6f2-4696-8127-39a12a777b6b,Woolworths Supermarket,Household,Soften Concentrated Fabric Softener Oriental Kiss 1l,563025,$3.80,$3.80 / 1L,https://www.woolworths.com.au/shop/productdetails/563025/soften-concentrated-fabric-softener-oriental-kiss,https://cdn0.woolworths.media/content/wowproductimages/medium/563025.jpg,2020-09-20 15:36:09,Average product rating out of 5: 4.2. Product score is based on 504 ratings,504,,True
c6956b70-efd5-4b21-9526-5cd70a2ef550,Woolworths Supermarket,Household,Purity Sensitive Fabric Softener 2l,088869,$6.00,$3.00 / 1L,https://www.woolworths.com.au/shop/productdetails/88869/purity-sensitive-fabric-softener,https://cdn0.woolworths.media/content/wowproductimages/medium/088869.jpg,2020-09-20 15:36:09,,0,,True
d6e834ef-6fc2-4a00-8ea4-d345863558ce,Woolworths Supermarket,Household,Quilton Gold 4 Ply Tissues Aloe Vera 100 pack,644240,$2.20,$2.20 / 100SS,https://www.woolworths.com.au/shop/productdetails/644240/quilton-gold-4-ply-tissues-aloe-vera,https://cdn0.woolworths.media/content/wowproductimages/medium/644240.jpg,2020-09-20 15:36:09,,0,,True
ba3162a1-a747-4c56-a659-a1c816b71181,Woolworths Supermarket,Household,Omo Sensitive Laundry Detergent Powder Front & Top Loader 2kg,471182,$11.00,$5.50 / 1KG,https://www.woolworths.com.au/shop/productdetails/471182/omo-sensitive-laundry-detergent-powder-front-top-loader,https://cdn0.woolworths.media/content/wowproductimages/medium/471182.jpg,2020-09-20 15:36:09,,0,,True
733ec2bf-9343-4e38-af40-951492a51b42,Woolworths Supermarket,Household,Windex Multi-purpose Surface & Glass Cleaner Mountain Fresh 750ml,012413,$4.80,$0.64 / 100ML,https://www.woolworths.com.au/shop/productdetails/12413/windex-multi-purpose-surface-glass-cleaner-mountain-fresh,https://cdn0.woolworths.media/content/wowproductimages/medium/012413.jpg,2020-09-20 15:36:09,,0,,True
bcab07a6-a3d5-4cc2-aee3-edc569a38173,Woolworths Supermarket,Household,Essentials Laundry Liquid 2l,047621,$1.49,$0.75 / 1L,https://www.woolworths.com.au/shop/productdetails/47621/essentials-laundry-liquid,https://cdn0.woolworths.media/content/wowproductimages/medium/047621.jpg,2020-09-20 15:36:09,Average product rating out of 5: 3.8. Product score is based on 547 ratings,547,,True
01f40025-fa22-4ce1-83f0-7a21589e7b32,Woolworths Supermarket,Household,Chevron Alkaline Aa 24 pack,683404,$10.00,$0.42 / 1EA,https://www.woolworths.com.au/shop/productdetails/683404/chevron-alkaline-aa,https://cdn0.woolworths.media/content/wowproductimages/medium/683404.jpg,2020-09-20 15:36:09,,0,,True
943f103e-7cff-4b36-828c-117fa5f6319b,Woolworths Supermarket,Household,Omo Active Clean Laundry Detergent Washing Powder 2kg,430650,$11.00,$5.50 / 1KG,https://www.woolworths.com.au/shop/productdetails/430650/omo-active-clean-laundry-detergent-washing-powder,https://cdn0.woolworths.media/content/wowproductimages/medium/430650.jpg,2020-09-20 15:36:09,,0,,True
1ee4713e-86c6-49aa-a754-ce193a54143e,Woolworths Supermarket,Household,Quilton Tuffy Paper Towel Triple Length 2 pack,785317,$6.00,$1.67 / 100SS,https://www.woolworths.com.au/shop/productdetails/785317/quilton-tuffy-paper-towel-triple-length,https://cdn0.woolworths.media/content/wowproductimages/medium/785317.jpg,2020-09-20 15:36:09,,0,Was $6.80 06/07/2020,True
b9bff029-78db-4adf-8056-9d5b091fcc2b,Woolworths Supermarket,Household,Exit Mould Bathroom Cleaner Trigger 500ml,031795,$7.50,$1.50 / 100ML,https://www.woolworths.com.au/shop/productdetails/31795/exit-mould-bathroom-cleaner-trigger,https://cdn0.woolworths.media/content/wowproductimages/medium/031795.jpg,2020-09-20 15:36:09,,0,,True
c0c30e09-f9a1-4960-a8cc-8a7ba663f73b,Woolworths Supermarket,Household,Handy Andy Original Fresh Scent 750ml,031992,$3.70,$0.49 / 100ML,https://www.woolworths.com.au/shop/productdetails/31992/handy-andy-original-fresh-scent,https://cdn0.woolworths.media/content/wowproductimages/medium/031992.jpg,2020-09-20 15:36:09,,0,Was $3.99 23/04/2018,True
2a1ad10a-b1be-4792-825a-93efa7c26dc5,Woolworths Supermarket,Household,Chux Original Superwipes 10 pack,032011,$4.00,$0.40 / 1EA,https://www.woolworths.com.au/shop/productdetails/32011/chux-original-superwipes,https://cdn0.woolworths.media/content/wowproductimages/medium/032011.jpg,2020-09-20 15:36:09,,0,,True
7c821485-2484-487e-9d4c-14048a8018cf,Woolworths Supermarket,Household,White King Bleach Lemon 1.25l,032024,$2.49,$1.99 / 1L,https://www.woolworths.com.au/shop/productdetails/32024/white-king-bleach-lemon,https://cdn0.woolworths.media/content/wowproductimages/medium/032024.jpg,2020-09-20 15:36:09,,0,,True
7a2de6f8-c588-4d6e-a986-f37bf5c6497a,Woolworths Supermarket,Household,Essentials Iron Aid 400g,032077,$1.59,$3.98 / 1KG,https://www.woolworths.com.au/shop/productdetails/32077/essentials-iron-aid,https://cdn0.woolworths.media/content/wowproductimages/medium/032077.jpg,2020-09-20 15:36:09,,0,,True
1240d4c4-82be-4f79-87c4-27f177b6fe4c,Woolworths Supermarket,Household,Harpic Blue Toilet Cleaner Block In Cistern 2 pack,032112,$3.70,$3.25 / 100G,https://www.woolworths.com.au/shop/productdetails/32112/harpic-blue-toilet-cleaner-block-in-cistern,https://cdn0.woolworths.media/content/wowproductimages/medium/032112.jpg,2020-09-20 15:36:09,,0,,True
7f81a9cb-34d8-4520-a8cf-16cd200357e7,Woolworths Supermarket,Household,Chux Original Superwipes 20 pack,032192,$5.50,$0.28 / 1EA,https://www.woolworths.com.au/shop/productdetails/32192/chux-original-superwipes,https://cdn0.woolworths.media/content/wowproductimages/medium/032192.jpg,2020-09-20 15:36:09,,0,Was $6.00 03/09/2019,True
83d5d905-b999-43d0-8a66-b8b73daed4d4,Woolworths Supermarket,Household,Chux Original Superwipes Giant 10pk,032193,$5.50,$0.55 / 1EA,https://www.woolworths.com.au/shop/productdetails/32193/chux-original-superwipes-giant,https://cdn0.woolworths.media/content/wowproductimages/medium/032193.jpg,2020-09-20 15:36:09,,0,Was $6.00 03/09/2019,True
8a0e03cb-5311-4202-9026-197a3cffeadd,Woolworths Supermarket,Household,Fabulon Starch Ironing Aid Trigger Spray 500ml,032224,$6.50,$13.00 / 1L,https://www.woolworths.com.au/shop/productdetails/32224/fabulon-starch-ironing-aid-trigger-spray,https://cdn0.woolworths.media/content/wowproductimages/medium/032224.jpg,2020-09-20 15:36:09,,0,,True
49e06899-a826-430e-bc3d-88e2c7b0aa45,Woolworths Supermarket,Household,Prestige Juicer Jug each,032305,$6.00,,https://www.woolworths.com.au/shop/productdetails/32305/prestige-juicer-jug,https://cdn0.woolworths.media/content/wowproductimages/medium/032305.jpg,2020-09-20 15:36:09,,0,,True
efdaf929-5517-43a2-8ff2-edd1b54ea398,Woolworths Supermarket,Household,Razzamatazz Knee Hi Pantyhose Tan One Size 2 pack,032350,$4.00,,https://www.woolworths.com.au/shop/productdetails/32350/razzamatazz-knee-hi-pantyhose-tan-one-size,https://cdn0.woolworths.media/content/wowproductimages/medium/032350.jpg,2020-09-20 15:36:09,,0,,True
9e1721eb-384e-4bf6-bcee-cc7d2b8a0ba2,Woolworths Supermarket,Household,Razzamatazz Knee Hi Pantyhose Natural One Size 2 pack,032354,$4.00,,https://www.woolworths.com.au/shop/productdetails/32354/razzamatazz-knee-hi-pantyhose-natural-one-size,https://cdn0.woolworths.media/content/wowproductimages/medium/032354.jpg,2020-09-20 15:36:09,,0,,True
f83538f6-2946-41e4-b3c2-90ab2dca775a,Woolworths Supermarket,Household,Razzamatazz Knee Hi Black One Size 2 pack,032443,$4.00,,https://www.woolworths.com.au/shop/productdetails/32443/razzamatazz-knee-hi-black-one-size,https://cdn0.woolworths.media/content/wowproductimages/medium/032443.jpg,2020-09-20 15:36:09,,0,,True
93a84179-707f-4734-a99e-d264e8969cd9,Woolworths Supermarket,Household,Glad Freezer Ice Cube Bag 8 pack,032808,$3.80,$0.48 / 1EA,https://www.woolworths.com.au/shop/productdetails/32808/glad-freezer-ice-cube-bag,https://cdn0.woolworths.media/content/wowproductimages/medium/032808.jpg,2020-09-20 15:36:09,,0,,True
481f73a4-afb2-48e2-8045-77f5c17ed079,Woolworths Supermarket,Household,Sistema Storage Container With Lid 14l each,032942,$15.00,,https://www.woolworths.com.au/shop/productdetails/32942/sistema-storage-container-with-lid-14l,https://cdn0.woolworths.media/content/wowproductimages/medium/032942.jpg,2020-09-20 15:36:09,,0,Designs may vary,True
7d3f5b5f-729d-485b-b13a-e29828ca9a45,Woolworths Supermarket,Household,Sistema Storage With Lid 27l each,032944,$19.00,,https://www.woolworths.com.au/shop/productdetails/32944/sistema-storage-with-lid-27l,https://cdn0.woolworths.media/content/wowproductimages/medium/032944.jpg,2020-09-20 15:36:09,,0,Designs may vary,True
345ba7e8-a2a4-4b4a-b540-d6294727e8e6,Woolworths Supermarket,Household,Sistema Storage With Lid 40l each,032950,$22.00,,https://www.woolworths.com.au/shop/productdetails/32950/sistema-storage-with-lid-40l,https://cdn0.woolworths.media/content/wowproductimages/medium/032950.jpg,2020-09-20 15:36:09,,0,Designs may vary,True
16b91e9a-41b9-4101-a411-898f60456a10,Woolworths Supermarket,Household,Kleenex Facial Tissues Aloe Vera 140 pack,032969,$3.00,$2.14 / 100SS,https://www.woolworths.com.au/shop/productdetails/32969/kleenex-facial-tissues-aloe-vera,https://cdn0.woolworths.media/content/wowproductimages/medium/032969.jpg,2020-09-20 15:36:09,,0,Was $3.85 20/01/2020,True
464ca15e-899b-43e2-93d2-95bfa87fbc3d,Woolworths Supermarket,Household,Finish 0% Dishwasher Tablets 42 pack,032979,$16.00,$0.38 / 1EA,https://www.woolworths.com.au/shop/productdetails/32979/finish-0-dishwasher-tablets,https://cdn0.woolworths.media/content/wowproductimages/medium/032979.jpg,2020-09-20 15:36:09,,0,,True
9eec5308-fe1f-4921-be9d-ce9d2d0ee2a7,Woolworths Supermarket,Household,Finish 0% Dishwasher Tablets 60 pack,033018,$38.00,$0.63 / 1EA,https://www.woolworths.com.au/shop/productdetails/33018/finish-0-dishwasher-tablets,https://cdn0.woolworths.media/content/wowproductimages/medium/033018.jpg,2020-09-20 15:36:09,,0,,True
efdd8207-ee4d-4150-bb60-c1149d1b20f7,Woolworths Supermarket,Household,Organic Choice Limited Edition Dishwashing Liquid 500ml,033251,$5.00,$1.00 / 100ML,https://www.woolworths.com.au/shop/productdetails/33251/organic-choice-limited-edition-dishwashing-liquid,https://cdn0.woolworths.media/content/wowproductimages/medium/033251.jpg,2020-09-20 15:36:09,,0,,True
842b926b-562c-4c21-83c1-4a87c80446b0,Woolworths Supermarket,Household,Bic Mega Lighters 2 pack,033547,$12.00,$6.00 / 1EA,https://www.woolworths.com.au/shop/productdetails/33547/bic-mega-lighters,https://cdn0.woolworths.media/content/wowproductimages/medium/033547.jpg,2020-09-20 15:36:09,,0,,True
87e16bd9-00ef-49f7-b5b0-1c87538b415f,Woolworths Supermarket,Household,Bic Multi Purpose Decor Lighter each,033574,$10.00,$10.00 / 1EA,https://www.woolworths.com.au/shop/productdetails/33574/bic-multi-purpose-decor-lighter,https://cdn0.woolworths.media/content/wowproductimages/medium/033574.jpg,2020-09-20 15:36:09,,0,,True
1afe01c8-1c18-4e90-bed1-1dabf99599b5,Woolworths Supermarket,Household,Bic Multi Purpose Pocket & Flex Wand Lighter 3 pack,033583,$13.50,$4.50 / 1EA,https://www.woolworths.com.au/shop/productdetails/33583/bic-multi-purpose-pocket-flex-wand-lighter,https://cdn0.woolworths.media/content/wowproductimages/medium/033583.jpg,2020-09-20 15:36:09,,0,,True
9bbb5b2d-2b3c-4aba-94f7-3434aa1acede,Woolworths Supermarket,Household,Finish Powder Concentrate Classic Lemon 1kg,705056,$12.00,$1.20 / 100G,https://www.woolworths.com.au/shop/productdetails/705056/finish-powder-concentrate-classic-lemon,https://cdn0.woolworths.media/content/wowproductimages/medium/705056.jpg,2020-09-20 15:36:09,,0,,True
9d51673e-23e8-4b61-9cd7-12ac78a1ff90,Woolworths Supermarket,Household,Morning Fresh Dishwashing Liquid Raspberry & Crisp Apple 900ml,588994,$3.75,$0.42 / 100ML,https://www.woolworths.com.au/shop/productdetails/588994/morning-fresh-dishwashing-liquid-raspberry-crisp-apple,https://cdn0.woolworths.media/content/wowproductimages/medium/588994.jpg,2020-09-20 15:36:09,,0,,True
98a02880-adbd-4e88-ac9b-9d4b1347e871,Woolworths Supermarket,Household,Viva Paper Towel White 2 pack,176852,$1.75,$1.46 / 100SS,https://www.woolworths.com.au/shop/productdetails/176852/viva-paper-towel-white,https://cdn0.woolworths.media/content/wowproductimages/medium/176852.jpg,2020-09-20 15:36:09,,0,,True
b8584322-fe64-4658-aaf6-dda06118a077,Woolworths Supermarket,Household,Armada Large Kitchen Tidy Bag Lavender/lemon Scented 25 pack,517111,$2.00,$0.08 / 1EA,https://www.woolworths.com.au/shop/productdetails/517111/armada-large-kitchen-tidy-bag-lavender-lemon-scented,https://cdn0.woolworths.media/content/wowproductimages/medium/517111.jpg,2020-09-20 15:36:09,Average product rating out of 5: 4.5. Product score is based on 602 ratings,602,Was $2.50 17/09/2018,True
e58d1a28-4a88-4c38-8a32-31547e3641f0,Woolworths Supermarket,Household,Armada Freezer Bags Medium 80 pack,036286,$0.60,$0.01 / 1EA,https://www.woolworths.com.au/shop/productdetails/36286/armada-freezer-bags-medium,https://cdn0.woolworths.media/content/wowproductimages/medium/036286.jpg,2020-09-20 15:36:09,Average product rating out of 5: 4.5. Product score is based on 107 ratings,107,,True
8ba44cdc-4fff-4c45-a1ff-9ded2985f65e,Woolworths Supermarket,Household,Quilton 2ply Tissue Hypo-allergenic 250 pack,644239,$2.50,$1.00 / 100SS,https://www.woolworths.com.au/shop/productdetails/644239/quilton-2ply-tissue-hypo-allergenic,https://cdn0.woolworths.media/content/wowproductimages/medium/644239.jpg,2020-09-20 15:36:09,,0,,True
e2df44fa-d4e3-448b-aaa5-b811206888e3,Woolworths Supermarket,Household,Quilton Tuffy Paper Towel White 4ply 3 pack,574728,$4.30,$2.39 / 100SS,https://www.woolworths.com.au/shop/productdetails/574728/quilton-tuffy-paper-towel-white-4ply,https://cdn0.woolworths.media/content/wowproductimages/medium/574728.jpg,2020-09-20 15:36:09,,0,,True
e7a83266-537f-4308-a287-c66bf308ffd0,Woolworths Supermarket,Household,Essentials Facial Tissues 224 pack,759496,$1.00,$0.45 / 100SS,https://www.woolworths.com.au/shop/productdetails/759496/essentials-facial-tissues,https://cdn0.woolworths.media/content/wowproductimages/medium/759496.jpg,2020-09-20 15:36:09,Average product rating out of 5: 3.9. Product score is based on 672 ratings,672,,True
6e10cfd2-9812-4bc9-8c10-88ddf23b2cd3,Woolworths Supermarket,Household,Quilton Tuffy Paper Towel Triple Length 2 pack,785317,$6.00,$1.67 / 100SS,https://www.woolworths.com.au/shop/productdetails/785317/quilton-tuffy-paper-towel-triple-length,https://cdn0.woolworths.media/content/wowproductimages/medium/785317.jpg,2020-09-20 15:36:09,,0,Was $6.80 06/07/2020,True
e97885c2-cb1d-45d6-8403-386c9ca86564,Woolworths Supermarket,Household,Strike Disinfectant Wipes Lemon 100 pack,518438,$3.50,$0.04 / 1EA,https://www.woolworths.com.au/shop/productdetails/518438/strike-disinfectant-wipes-lemon,https://cdn0.woolworths.media/content/wowproductimages/medium/518438.jpg,2020-09-20 15:36:09,Average product rating out of 5: 4.3. Product score is based on 2496 ratings,2496,,True
816bdcd7-783c-4cbc-a20c-0982b45bd669,Woolworths Supermarket,Household,Shine Rinse Aid 500ml,686173,$2.90,$0.58 / 100ML,https://www.woolworths.com.au/shop/productdetails/686173/shine-rinse-aid,https://cdn0.woolworths.media/content/wowproductimages/medium/686173.jpg,2020-09-20 15:36:09,Average product rating out of 5: 4.8. Product score is based on 19 ratings,19,,True
fa656853-1111-4df7-aebe-84671d24b334,Woolworths Supermarket,Household,Handee Ultra Paper Towel White 2 pack,019787,$3.50,$2.92 / 100SS,https://www.woolworths.com.au/shop/productdetails/19787/handee-ultra-paper-towel-white,https://cdn0.woolworths.media/content/wowproductimages/medium/019787.jpg,2020-09-20 15:36:09,,0,,True
6b17be24-2d8f-46dc-a6c4-f442302f865c,Woolworths Supermarket,Household,Kleenex Facial Tissues Aloe Vera 140 pack,032969,$3.00,$2.14 / 100SS,https://www.woolworths.com.au/shop/productdetails/32969/kleenex-facial-tissues-aloe-vera,https://cdn0.woolworths.media/content/wowproductimages/medium/032969.jpg,2020-09-20 15:36:09,,0,Was $3.85 20/01/2020,True
0e03eda9-796e-490b-8124-d2265ec26810,Woolworths Supermarket,Household,Kleenex Facial Tissues 200 pack,063899,$2.00,$1.00 / 100SS,https://www.woolworths.com.au/shop/productdetails/63899/kleenex-facial-tissues,https://cdn0.woolworths.media/content/wowproductimages/medium/063899.jpg,2020-09-20 15:36:09,,0,Was $2.20 26/02/2020,True
7c593e17-a8ad-4381-88e2-28c60fee9a76,Woolworths Supermarket,Household,Handee Ultra Paper Towel White 3 pack,252037,$4.40,$2.44 / 100SS,https://www.woolworths.com.au/shop/productdetails/252037/handee-ultra-paper-towel-white,https://cdn0.woolworths.media/content/wowproductimages/medium/252037.jpg,2020-09-20 15:36:09,,0,,True
4a0e09fc-5504-4024-a437-e7ff64f3350f,Woolworths Supermarket,Household,Viva Paper Towel White 3 pack,249921,$4.00,$2.22 / 100SS,https://www.woolworths.com.au/shop/productdetails/249921/viva-paper-towel-white,https://cdn0.woolworths.media/content/wowproductimages/medium/249921.jpg,2020-09-20 15:36:09,,0,Was $4.90 26/10/2017,True
74f04764-02df-4255-9493-12a06aa43805,Woolworths Supermarket,Household,Glad Baking Paper 25m,299138,$6.00,$0.24 / 1M,https://www.woolworths.com.au/shop/productdetails/299138/glad-baking-paper,https://cdn0.woolworths.media/content/wowproductimages/medium/299138.jpg,2020-09-20 15:36:09,,0,,True
9fab94d7-d4c0-4b9b-ae6f-b66bede65076,Woolworths Supermarket,Household,Quilton Facial Tissues Soft White 95pk,829630,$1.25,$1.32 / 100SS,https://www.woolworths.com.au/shop/productdetails/829630/quilton-facial-tissues-soft-white,https://cdn0.woolworths.media/content/wowproductimages/medium/829630.jpg,2020-09-20 15:36:09,,0,,True
da10905d-b94b-43f1-b0f9-68f467f75bf0,Woolworths Supermarket,Household,Armada Baking Paper 15m,252787,$2.70,$0.18 / 1M,https://www.woolworths.com.au/shop/productdetails/252787/armada-baking-paper,https://cdn0.woolworths.media/content/wowproductimages/medium/252787.jpg,2020-09-20 15:36:09,,0,,True
de63519e-3e73-494f-b1c9-f4473fb4dad1,Woolworths Supermarket,Household,Kleenex Facial Tissues Large & Thick Silk Touch 3ply 95 pack,172610,$2.60,$2.74 / 100SS,https://www.woolworths.com.au/shop/productdetails/172610/kleenex-facial-tissues-large-thick-silk-touch-3ply,https://cdn0.woolworths.media/content/wowproductimages/medium/172610.jpg,2020-09-20 15:36:09,,0,,True
4387faf6-a5c5-4bec-a35c-d82038d6a59a,Woolworths Supermarket,Household,Finish Dishwashing Rinse Aid Liquid Regular 250ml,034222,$3.00,$1.20 / 100ML,https://www.woolworths.com.au/shop/productdetails/34222/finish-dishwashing-rinse-aid-liquid-regular,https://cdn0.woolworths.media/content/wowproductimages/medium/034222.jpg,2020-09-20 15:36:09,,0,,True
2b8210b4-3e78-4c9f-9c07-b7aa05c00a79,Woolworths Supermarket,Household,Tv Soap Magazine each,034622,$6.50,,https://www.woolworths.com.au/shop/productdetails/34622/tv-soap-magazine,https://cdn0.woolworths.media/content/wowproductimages/medium/034622.jpg,2020-09-20 15:36:09,,0,,True
4506404e-cc6e-45b5-a10d-e9325de7ef95,Woolworths Supermarket,Household,Method Squirt & Mop Hard Floor Cleaner Ginger Yuzu 739ml,034940,$4.80,$0.65 / 100ML,https://www.woolworths.com.au/shop/productdetails/34940/method-squirt-mop-hard-floor-cleaner-ginger-yuzu,https://cdn0.woolworths.media/content/wowproductimages/medium/034940.jpg,2020-09-20 15:36:09,,0,,True
c1d7ebb5-c045-4cc6-a3cc-7b6e4e70072e,Woolworths Supermarket,Household,Sheer Relief Pantyhose Control Support Black Avg each,035222,$8.00,,https://www.woolworths.com.au/shop/productdetails/35222/sheer-relief-pantyhose-control-support-black-avg,https://cdn0.woolworths.media/content/wowproductimages/medium/035222.jpg,2020-09-20 15:36:09,,0,,True
230117c9-756e-4f06-8041-9cab1f6ba851,Woolworths Supermarket,Household,Glad Garbage Bags Tuff Stuff Drawstring 56l 20 pack,035284,$6.80,$0.34 / 1EA,https://www.woolworths.com.au/shop/productdetails/35284/glad-garbage-bags-tuff-stuff-drawstring-56l,https://cdn0.woolworths.media/content/wowproductimages/medium/035284.jpg,2020-09-20 15:36:09,,0,,True
638fd947-2fcd-4608-a562-f7bb6988ea89,Woolworths Supermarket,Household,Sheer Relief Pantyhose Control Support M/ Beige Tall each,035291,$8.00,,https://www.woolworths.com.au/shop/productdetails/35291/sheer-relief-pantyhose-control-support-m-beige-tall,https://cdn0.woolworths.media/content/wowproductimages/medium/035291.jpg,2020-09-20 15:36:09,,0,,True
2a0f5efd-7bdf-4754-be32-81a5e2a35c12,Woolworths Supermarket,Household,Radiant Brilliant Whites Sharper Front & Top Loader Liquid 4l,035336,$18.00,$4.50 / 1L,https://www.woolworths.com.au/shop/productdetails/35336/radiant-brilliant-whites-sharper-front-top-loader-liquid,https://cdn0.woolworths.media/content/wowproductimages/medium/035336.jpg,2020-09-20 15:36:09,,0,Was $21.99 27/06/2016,True
282ca35d-52f0-4f95-8931-83464c80158f,Woolworths Supermarket,Household,Sheer Relief Pantyhose Control Support Black Tall each,035372,$8.00,,https://www.woolworths.com.au/shop/productdetails/35372/sheer-relief-pantyhose-control-support-black-tall,https://cdn0.woolworths.media/content/wowproductimages/medium/035372.jpg,2020-09-20 15:36:09,,0,,True
4b593dba-8bc5-471a-adda-1658b69feb47,Woolworths Supermarket,Household,Sheer Relief Pantyhose Control Support Black Extra Tall each,035427,$8.00,,https://www.woolworths.com.au/shop/productdetails/35427/sheer-relief-pantyhose-control-support-black-extra-tall,https://cdn0.woolworths.media/content/wowproductimages/medium/035427.jpg,2020-09-20 15:36:09,,0,,True
471e06fb-9b3f-45f1-8609-fa10e256bc97,Woolworths Supermarket,Household,Multix Easy Tear Off Freezer Bags Medium 80 pack,035460,$2.40,$0.03 / 1EA,https://www.woolworths.com.au/shop/productdetails/35460/multix-easy-tear-off-freezer-bags-medium,https://cdn0.woolworths.media/content/wowproductimages/medium/035460.jpg,2020-09-20 15:36:09,,0,,True
7ded59b1-53d8-4518-9d2c-0a204b53ecf6,Woolworths Supermarket,Household,Optus Mobile Broadband Sim Triple Sim each,036186,$2.00,,https://www.woolworths.com.au/shop/productdetails/36186/optus-mobile-broadband-sim-triple-sim,https://cdn0.woolworths.media/content/wowproductimages/medium/036186.jpg,2020-09-20 15:36:09,,0,,True
b6a2da2b-059e-4b29-985f-e4ad65ab16d0,Woolworths Supermarket,Household,Bostik Blu-tack 75g,036431,,,https://www.woolworths.com.au/shop/productdetails/36431/bostik-blu-tack,https://cdn0.woolworths.media/content/wowproductimages/medium/036431.jpg,2020-09-20 15:36:09,,0,,False
6cdbfd67-1415-413b-b13a-1baa9ad17758,Woolworths Supermarket,Household,Sellotape Sticky Tape Abs Dispenser 18mmx25m each,036653,$3.50,,https://www.woolworths.com.au/shop/productdetails/36653/sellotape-sticky-tape-abs-dispenser-18mmx25m,https://cdn0.woolworths.media/content/wowproductimages/medium/036653.jpg,2020-09-20 15:36:09,,0,,True
18192dc9-2b1d-4381-ab62-8fa000ec7f3a,Woolworths Supermarket,Household,Mortein Diy Insect Control Bomb 3 pack,036972,$12.00,$4.00 / 1EA,https://www.woolworths.com.au/shop/productdetails/36972/mortein-diy-insect-control-bomb,https://cdn0.woolworths.media/content/wowproductimages/medium/036972.jpg,2020-09-20 15:36:09,,0,Was $15.99 13/11/2017,True
9ef32622-ed3a-490e-8def-d10eb7d61d9f,Woolworths Supermarket,Household,Finish Quantum Ultimate Dishwasher Tablets Lemon Sparkle 50 pack,037013,$23.00,$0.46 / 1EA,https://www.woolworths.com.au/shop/productdetails/37013/finish-quantum-ultimate-dishwasher-tablets-lemon-sparkle,https://cdn0.woolworths.media/content/wowproductimages/medium/037013.jpg,2020-09-20 15:36:09,,0,Was $38.00 27/01/2020,True
daac44a6-1adc-4339-80c6-810c21f3a81a,Woolworths Supermarket,Household,That's Life That's Life each,037154,$3.70,,https://www.woolworths.com.au/shop/productdetails/37154/that-s-life-that-s-life,https://cdn0.woolworths.media/content/wowproductimages/medium/037154.jpg,2020-09-20 15:36:09,,0,Offer Details Here,True
8603f3ac-7be3-4abd-beea-af5c4b0eea4c,Woolworths Supermarket,Household,Finish Dishwasher Cleaner Tabs 3 pack,037181,$5.00,$1.67 / 1EA,https://www.woolworths.com.au/shop/productdetails/37181/finish-dishwasher-cleaner-tabs,https://cdn0.woolworths.media/content/wowproductimages/medium/037181.jpg,2020-09-20 15:36:09,,0,,True
80141ba3-c206-4a30-b7bb-7a889fb974e0,Woolworths Supermarket,Household,Edco Jumbo Thick Sponges 3 pack,037278,$2.99,$1.00 / 1EA,https://www.woolworths.com.au/shop/productdetails/37278/edco-jumbo-thick-sponges,https://cdn0.woolworths.media/content/wowproductimages/medium/037278.jpg,2020-09-20 15:36:09,,0,Was $3.50 13/02/2017,True
12e3bd2f-74b7-46c7-88a5-495b6404f1de,Woolworths Supermarket,Household,White King Premium Bleach Lemon 2.5l,037801,$4.25,$1.70 / 1L,https://www.woolworths.com.au/shop/productdetails/37801/white-king-premium-bleach-lemon,https://cdn0.woolworths.media/content/wowproductimages/medium/037801.jpg,2020-09-20 15:36:09,,0,,True
9678e192-d6ea-4bda-9fc1-d4c23b2aaa9c,Woolworths Supermarket,Household,Multix Easy Tear Off Freezer Bags Small 120 pack,038155,$2.40,$0.02 / 1EA,https://www.woolworths.com.au/shop/productdetails/38155/multix-easy-tear-off-freezer-bags-small,https://cdn0.woolworths.media/content/wowproductimages/medium/038155.jpg,2020-09-20 15:36:09,,0,,True
69634d64-e2ed-4425-b3a0-a0cab8038d9c,Woolworths Supermarket,Household,Bonds Singlet Mens Chesty White Size 16 1pk,038403,$13.00,,https://www.woolworths.com.au/shop/productdetails/38403/bonds-singlet-mens-chesty-white-size-16,https://cdn0.woolworths.media/content/wowproductimages/medium/038403.jpg,2020-09-20 15:36:09,,0,,True
4414071e-9613-4070-aee3-27e9c67935e0,Woolworths Supermarket,Household,Bonds Singlet Mens Chesty White Size 18 1pk,038404,$13.00,,https://www.woolworths.com.au/shop/productdetails/38404/bonds-singlet-mens-chesty-white-size-18,https://cdn0.woolworths.media/content/wowproductimages/medium/038404.jpg,2020-09-20 15:36:09,,0,,True
5e03c5b1-d7f5-4704-9b88-9e8ae94ccfec,Woolworths Supermarket,Household,Bonds Singlet Mens Chesty White Size 20 1pk,038423,$13.00,,https://www.woolworths.com.au/shop/productdetails/38423/bonds-singlet-mens-chesty-white-size-20,https://cdn0.woolworths.media/content/wowproductimages/medium/038423.jpg,2020-09-20 15:36:09,,0,,True
bc08c43f-fc12-4007-8774-3891f8492900,Woolworths Supermarket,Household,Sard Wonder Laundry Soap Eucalyptus 125g,038550,$2.65,$21.20 / 1KG,https://www.woolworths.com.au/shop/productdetails/38550/sard-wonder-laundry-soap-eucalyptus,https://cdn0.woolworths.media/content/wowproductimages/medium/038550.jpg,2020-09-20 15:36:09,,0,,True
aea92981-7b25-47c4-bb23-f63cf581c903,Woolworths Supermarket,Household,Multix Drawtight Roll Garbage Bags 56l 20pk,072563,$4.00,$0.20 / 1EA,https://www.woolworths.com.au/shop/productdetails/72563/multix-drawtight-roll-garbage-bags,https://cdn0.woolworths.media/content/wowproductimages/medium/072563.jpg,2020-09-20 15:36:09,,0,,True
546ee136-afb3-49e1-99e5-0070bf3e1249,Woolworths Supermarket,Household,Strike Disinfectant Wipes Lemon 100 pack,518438,$3.50,$0.04 / 1EA,https://www.woolworths.com.au/shop/productdetails/518438/strike-disinfectant-wipes-lemon,https://cdn0.woolworths.media/content/wowproductimages/medium/518438.jpg,2020-09-20 15:36:09,Average product rating out of 5: 4.3. Product score is based on 2496 ratings,2496,,True
1af7d1e8-d6d4-4118-b5f2-950ddac02aaa,Woolworths Supermarket,Household,Kleenex Facial Tissues Aloe Vera 140 pack,032969,$3.00,$2.14 / 100SS,https://www.woolworths.com.au/shop/productdetails/32969/kleenex-facial-tissues-aloe-vera,https://cdn0.woolworths.media/content/wowproductimages/medium/032969.jpg,2020-09-20 15:36:09,,0,Was $3.85 20/01/2020,True
0a1a8c5d-1301-44e2-a0b1-b22fb8cf9bfe,Woolworths Supermarket,Household,Pine O Cleen Disinfectant Antibacterial Lavender 1.25l,139515,$6.00,$0.48 / 100ML,https://www.woolworths.com.au/shop/productdetails/139515/pine-o-cleen-disinfectant-antibacterial-lavender,https://cdn0.woolworths.media/content/wowproductimages/medium/139515.jpg,2020-09-20 15:36:09,,0,,True
ece4508e-9dcd-4709-82ac-0b81f5858e74,Woolworths Supermarket,Household,Omo Ultimate Laundry Detergent Powder Front & Top Loader 5kg,430629,$30.00,$6.00 / 1KG,https://www.woolworths.com.au/shop/productdetails/430629/omo-ultimate-laundry-detergent-powder-front-top-loader,https://cdn0.woolworths.media/content/wowproductimages/medium/430629.jpg,2020-09-20 15:36:09,,0,,True
5718d18b-0df1-430c-aae8-f39f7ff46b33,Woolworths Supermarket,Household,Glad Baking Paper 25m,299138,$6.00,$0.24 / 1M,https://www.woolworths.com.au/shop/productdetails/299138/glad-baking-paper,https://cdn0.woolworths.media/content/wowproductimages/medium/299138.jpg,2020-09-20 15:36:09,,0,,True
8df5cecf-a66c-458a-993a-a1fc01981f10,Woolworths Supermarket,Household,Quilton Tuffy Paper Towel Triple Length 2 pack,785317,$6.00,$1.67 / 100SS,https://www.woolworths.com.au/shop/productdetails/785317/quilton-tuffy-paper-towel-triple-length,https://cdn0.woolworths.media/content/wowproductimages/medium/785317.jpg,2020-09-20 15:36:09,,0,Was $6.80 06/07/2020,True
5065827e-569a-4e21-b9aa-bdf6161731c6,Woolworths Supermarket,Household,Viva Paper Towel White 3 pack,249921,$4.00,$2.22 / 100SS,https://www.woolworths.com.au/shop/productdetails/249921/viva-paper-towel-white,https://cdn0.woolworths.media/content/wowproductimages/medium/249921.jpg,2020-09-20 15:36:09,,0,Was $4.90 26/10/2017,True
9eea0d51-d5a7-42a6-8a84-2253a09ce045,Woolworths Supermarket,Household,Finish Powder Concentrate Classic Lemon 1kg,705056,$12.00,$1.20 / 100G,https://www.woolworths.com.au/shop/productdetails/705056/finish-powder-concentrate-classic-lemon,https://cdn0.woolworths.media/content/wowproductimages/medium/705056.jpg,2020-09-20 15:36:09,,0,,True
2468b380-7182-4303-8306-1a82458592dd,Woolworths Supermarket,Household,Quilton Tuffy Paper Towel White 4ply 3 pack,574728,$4.30,$2.39 / 100SS,https://www.woolworths.com.au/shop/productdetails/574728/quilton-tuffy-paper-towel-white-4ply,https://cdn0.woolworths.media/content/wowproductimages/medium/574728.jpg,2020-09-20 15:36:09,,0,,True
82b3b4da-11ca-4973-84bc-bc78906398e5,Woolworths Supermarket,Household,Comfort Fabric Conditioner Vanilla Orchid 750ml,861324,$6.99,$9.32 / 1L,https://www.woolworths.com.au/shop/productdetails/861324/comfort-fabric-conditioner-vanilla-orchid,https://cdn0.woolworths.media/content/wowproductimages/medium/861324.jpg,2020-09-20 15:36:09,,0,,True
0c95adcf-8b73-4e0a-bbcf-c46915501eb4,Woolworths Supermarket,Household,Shine Rinse Aid 500ml,686173,$2.90,$0.58 / 100ML,https://www.woolworths.com.au/shop/productdetails/686173/shine-rinse-aid,https://cdn0.woolworths.media/content/wowproductimages/medium/686173.jpg,2020-09-20 15:36:09,Average product rating out of 5: 4.8. Product score is based on 19 ratings,19,,True
acb5a623-5477-4174-8cca-3622ed3e8b41,Woolworths Supermarket,Household,Glen 20 Disinfectant Spray Original Scent 300g,015587,$8.00,$2.67 / 100G,https://www.woolworths.com.au/shop/productdetails/15587/glen-20-disinfectant-spray-original-scent,https://cdn0.woolworths.media/content/wowproductimages/medium/015587.jpg,2020-09-20 15:36:09,,0,,True
b2f13f2c-7630-42c5-9236-b2039507ae7c,Woolworths Supermarket,Household,Essentials Facial Tissues 224 pack,759496,$1.00,$0.45 / 100SS,https://www.woolworths.com.au/shop/productdetails/759496/essentials-facial-tissues,https://cdn0.woolworths.media/content/wowproductimages/medium/759496.jpg,2020-09-20 15:36:09,Average product rating out of 5: 3.9. Product score is based on 672 ratings,672,,True
5733a24b-1064-4abf-bcbc-e3555e38de83,Woolworths Supermarket,Household,Ecostore Fragrance Free Auto Dishwasher 50 tablets,774416,$19.00,$0.38 / 1EA,https://www.woolworths.com.au/shop/productdetails/774416/ecostore-fragrance-free-auto-dishwasher,https://cdn0.woolworths.media/content/wowproductimages/medium/774416.jpg,2020-09-20 15:36:09,,0,,True
4583ed87-c523-405f-bbb2-3757e6d83bb6,Woolworths Supermarket,Household,Omo Sensitive Laundry Detergent Powder Front & Top Loader 2kg,471182,$11.00,$5.50 / 1KG,https://www.woolworths.com.au/shop/productdetails/471182/omo-sensitive-laundry-detergent-powder-front-top-loader,https://cdn0.woolworths.media/content/wowproductimages/medium/471182.jpg,2020-09-20 15:36:09,,0,,True
dd3c2cc8-8cdf-48db-9e64-7c03d95acbf8,Woolworths Supermarket,Household,Handee Ultra Paper Towel White 3 pack,252037,$4.40,$2.44 / 100SS,https://www.woolworths.com.au/shop/productdetails/252037/handee-ultra-paper-towel-white,https://cdn0.woolworths.media/content/wowproductimages/medium/252037.jpg,2020-09-20 15:36:09,,0,,True
27913701-4936-4000-b01a-f7b32839ac9d,Woolworths Supermarket,Household,Handee Ultra Paper Towel White 2 pack,019787,$3.50,$2.92 / 100SS,https://www.woolworths.com.au/shop/productdetails/19787/handee-ultra-paper-towel-white,https://cdn0.woolworths.media/content/wowproductimages/medium/019787.jpg,2020-09-20 15:36:09,,0,,True
1d8195ec-1361-4ddd-b858-182c31f053e7,Woolworths Supermarket,Household,Morning Fresh Dishwashing Liquid Raspberry & Crisp Apple 900ml,588994,$3.75,$0.42 / 100ML,https://www.woolworths.com.au/shop/productdetails/588994/morning-fresh-dishwashing-liquid-raspberry-crisp-apple,https://cdn0.woolworths.media/content/wowproductimages/medium/588994.jpg,2020-09-20 15:36:09,,0,,True
2b3803c8-7ec0-460d-b1cf-584fda61d976,Woolworths Supermarket,Household,Chux Sustainable Absorbent Cloth 2 pack,039472,$3.50,$1.75 / 1EA,https://www.woolworths.com.au/shop/productdetails/39472/chux-sustainable-absorbent-cloth,https://cdn0.woolworths.media/content/wowproductimages/medium/039472.jpg,2020-09-20 15:36:09,,0,,True
8ba7ae09-2440-4014-a68d-1207b499f3b5,Woolworths Supermarket,Household,Woolworths Folder A4 Sheet Protector 100 pack,039559,$5.00,,https://www.woolworths.com.au/shop/productdetails/39559/woolworths-folder-a4-sheet-protector,https://cdn0.woolworths.media/content/wowproductimages/medium/039559.jpg,2020-09-20 15:36:09,,0,,True
2da632bd-5d3f-4de6-a44d-86cd6886e820,Woolworths Supermarket,Household,Armada Brown Paper Lunch Bags 100 pack,039680,$2.50,$0.03 / 1EA,https://www.woolworths.com.au/shop/productdetails/39680/armada-brown-paper-lunch-bags,https://cdn0.woolworths.media/content/wowproductimages/medium/039680.jpg,2020-09-20 15:36:09,,0,,True
42924e1d-95cd-4933-92cb-9ae2898518f0,Woolworths Supermarket,Household,For Her Bikini Assorted 10-12 5 pack,039709,$10.00,,https://www.woolworths.com.au/shop/productdetails/39709/for-her-bikini-assorted-10-12,https://cdn0.woolworths.media/content/wowproductimages/medium/039709.jpg,2020-09-20 15:36:09,,0,,True
376ceddd-7011-4f4d-819f-cd1eff71573c,Woolworths Supermarket,Household,Earth Choice Lemon Burst Dishwash 500ml,040124,$2.50,$0.50 / 100ML,https://www.woolworths.com.au/shop/productdetails/40124/earth-choice-lemon-burst-dishwash,https://cdn0.woolworths.media/content/wowproductimages/medium/040124.jpg,2020-09-20 15:36:09,,0,,True
556b9255-9ddc-4dda-a3c8-fc275ad580d7,Woolworths Supermarket,Household,Waxworks Tribal Terracotta Candle Pot 2 pack,040243,$10.00,$5.00 / 1EA,https://www.woolworths.com.au/shop/productdetails/40243/waxworks-tribal-terracotta-candle-pot,https://cdn0.woolworths.media/content/wowproductimages/medium/040243.jpg,2020-09-20 15:36:09,,0,,True
96bd8a14-8f82-4591-bdee-de5e4fffa5c1,Woolworths Supermarket,Household,Redheads Classic Mega Value Block 64 pack,040246,$6.50,$0.10 / 1EA,https://www.woolworths.com.au/shop/productdetails/40246/redheads-classic-mega-value-block,https://cdn0.woolworths.media/content/wowproductimages/medium/040246.jpg,2020-09-20 15:36:09,,0,,True
b6f249a9-7957-4fa3-9a0c-6b9d96448e13,Woolworths Supermarket,Household,Waxworks Vintage Citronella Jam Jar 2 pack,040253,$10.00,$5.00 / 1EA,https://www.woolworths.com.au/shop/productdetails/40253/waxworks-vintage-citronella-jam-jar,https://cdn0.woolworths.media/content/wowproductimages/medium/040253.jpg,2020-09-20 15:36:09,,0,,True
516aa4db-8a52-4b8f-9746-f23dc509b799,Woolworths Supermarket,Household,Redheads Expert Firestarters 10 pack,040259,$2.50,$0.25 / 1EA,https://www.woolworths.com.au/shop/productdetails/40259/redheads-expert-firestarters,https://cdn0.woolworths.media/content/wowproductimages/medium/040259.jpg,2020-09-20 15:36:09,,0,,True
92d78028-c341-46ea-afc2-2117130012af,Woolworths Supermarket,Household,For Kids Boys Briefs Size 3-4 5 pack,040677,$8.00,,https://www.woolworths.com.au/shop/productdetails/40677/for-kids-boys-briefs-size-3-4,https://cdn0.woolworths.media/content/wowproductimages/medium/040677.jpg,2020-09-20 15:36:09,,0,,True
4786ba4d-8c37-4b0e-bf59-1be7e4ed893b,Woolworths Supermarket,Household,For Kids Girls Briefs Sizes 3-4 5 pack,040716,$8.00,,https://www.woolworths.com.au/shop/productdetails/40716/for-kids-girls-briefs-sizes-3-4,https://cdn0.woolworths.media/content/wowproductimages/medium/040716.jpg,2020-09-20 15:36:09,,0,Designs may vary,True
5ae4cac9-613f-4e0f-93a9-de710bc1af0e,Woolworths Supermarket,Household,Fairy Platinum Plus Dishwasher Tablets Lemon 15 pack,041808,$16.00,$1.07 / 1EA,https://www.woolworths.com.au/shop/productdetails/41808/fairy-platinum-plus-dishwasher-tablets-lemon,https://cdn0.woolworths.media/content/wowproductimages/medium/041808.jpg,2020-09-20 15:36:09,,0,,True
0b6434f5-4ae1-4434-92f0-f8bdfe4a85e1,Woolworths Supermarket,Household,Allendale Pantyhose Statique Spray 150ml,042687,$7.00,,https://www.woolworths.com.au/shop/productdetails/42687/allendale-pantyhose-statique-spray,https://cdn0.woolworths.media/content/wowproductimages/medium/042687.jpg,2020-09-20 15:36:09,,0,,True
ea276030-c337-4f82-8fcc-7491442ecd4e,Woolworths Supermarket,Household,Deeko Dinner Plates Plastic 20 pack,042862,$5.00,$0.25 / 1EA,https://www.woolworths.com.au/shop/productdetails/42862/deeko-dinner-plates-plastic,https://cdn0.woolworths.media/content/wowproductimages/medium/042862.jpg,2020-09-20 15:36:09,,0,,True
78a8981b-088c-4cc4-a9fa-14dead96cd7a,Woolworths Supermarket,Household,Pledge Wood Magic Liquid Floor Cleaner 500ml,043032,$5.00,$1.00 / 100ML,https://www.woolworths.com.au/shop/productdetails/43032/pledge-wood-magic-liquid-floor-cleaner,https://cdn0.woolworths.media/content/wowproductimages/medium/043032.jpg,2020-09-20 15:36:09,,0,,True
52dedd9b-d1af-4b07-8f87-d402be888afc,Woolworths Supermarket,Household,Sistema Storage With Tray 1.7l each,043495,$5.00,,https://www.woolworths.com.au/shop/productdetails/43495/sistema-storage-with-tray-1-7l,https://cdn0.woolworths.media/content/wowproductimages/medium/043495.jpg,2020-09-20 15:36:09,,0,,True
4383b19e-68c5-4d74-8513-306dc042f751,Woolworths Supermarket,Household,Sistema Storage With Tray 3.58l each,043497,$7.00,,https://www.woolworths.com.au/shop/productdetails/43497/sistema-storage-with-tray-3-58l,https://cdn0.woolworths.media/content/wowproductimages/medium/043497.jpg,2020-09-20 15:36:09,,0,,True
7bb21d40-c0ad-40c3-981e-f9dd728b8748,Woolworths Supermarket,Household,Reva Super Hold Pegs 18 pack,044097,$4.50,$0.25 / 1EA,https://www.woolworths.com.au/shop/productdetails/44097/reva-super-hold-pegs,https://cdn0.woolworths.media/content/wowproductimages/medium/044097.jpg,2020-09-20 15:36:09,,0,,True
d630f1bc-632e-49af-8073-a51e7f889c7b,Woolworths Supermarket,Household,White King Bleach Standard 2.5l,044100,$4.25,$1.70 / 1L,https://www.woolworths.com.au/shop/productdetails/44100/white-king-bleach-standard,https://cdn0.woolworths.media/content/wowproductimages/medium/044100.jpg,2020-09-20 15:36:09,,0,,True
ed66d7fd-c997-4033-8b3c-1ab1efe5a9ba,Woolworths Supermarket,Household,Nifti Hardworking Multi-purpose Household Cleaner Spray 500ml,044374,$4.40,$0.88 / 100ML,https://www.woolworths.com.au/shop/productdetails/44374/nifti-hardworking-multi-purpose-household-cleaner-spray,https://cdn0.woolworths.media/content/wowproductimages/medium/044374.jpg,2020-09-20 15:36:09,,0,,True
de20dc40-2e76-406b-a9f4-7fed37a17237,Woolworths Supermarket,Household,Polyglaze Car Care Upholstery Cleaner 400g,044391,$11.50,$2.88 / 100G,https://www.woolworths.com.au/shop/productdetails/44391/polyglaze-car-care-upholstery-cleaner,https://cdn0.woolworths.media/content/wowproductimages/medium/044391.jpg,2020-09-20 15:36:09,,0,,True
8ee8ee94-8f80-4174-b881-14cb2a455824,Woolworths Supermarket,Household,Glen 20 Disinfectant Spray Crisp Linen 175g,044727,$5.25,$3.00 / 100G,https://www.woolworths.com.au/shop/productdetails/44727/glen-20-disinfectant-spray-crisp-linen,https://cdn0.woolworths.media/content/wowproductimages/medium/044727.jpg,2020-09-20 15:36:09,,0,,True
4708b356-ca05-4389-84ba-4f21588556fc,Woolworths Supermarket,Household,Essentials Blue Toilet Cleaner Block In Cistern 150g,044956,$1.70,$1.13 / 100G,https://www.woolworths.com.au/shop/productdetails/44956/essentials-blue-toilet-cleaner-block-in-cistern,https://cdn0.woolworths.media/content/wowproductimages/medium/044956.jpg,2020-09-20 15:36:09,,0,,True
2827f06f-d0ec-4d91-8bfd-dae3c13957b8,Woolworths Supermarket,Household,Armada Grease Proof Paper 30cm x 30m,045245,$1.40,$0.05 / 1M,https://www.woolworths.com.au/shop/productdetails/45245/armada-grease-proof-paper,https://cdn0.woolworths.media/content/wowproductimages/medium/045245.jpg,2020-09-20 15:36:09,,0,,True
409ef555-0ad0-4eef-a806-3c00d0d8f3fe,Woolworths Supermarket,Household,Finish Powder Concentrate Classic Lemon 1kg,705056,$12.00,$1.20 / 100G,https://www.woolworths.com.au/shop/productdetails/705056/finish-powder-concentrate-classic-lemon,https://cdn0.woolworths.media/content/wowproductimages/medium/705056.jpg,2020-09-20 15:36:09,,0,,True
219d9c56-b38e-45c2-aa51-4fbca316d391,Woolworths Supermarket,Household,Morning Fresh Dishwashing Liquid Raspberry & Crisp Apple 900ml,588994,$3.75,$0.42 / 100ML,https://www.woolworths.com.au/shop/productdetails/588994/morning-fresh-dishwashing-liquid-raspberry-crisp-apple,https://cdn0.woolworths.media/content/wowproductimages/medium/588994.jpg,2020-09-20 15:36:09,,0,,True
7d6aefaa-0b5c-4527-9161-d7192f27f299,Woolworths Supermarket,Household,Essentials Facial Tissues 224 pack,759496,$1.00,$0.45 / 100SS,https://www.woolworths.com.au/shop/productdetails/759496/essentials-facial-tissues,https://cdn0.woolworths.media/content/wowproductimages/medium/759496.jpg,2020-09-20 15:36:09,Average product rating out of 5: 3.9. Product score is based on 672 ratings,672,,True
ffd05529-f978-4da1-9d56-5b2457bce59c,Woolworths Supermarket,Household,Viva Paper Towel White 2 pack,176852,$1.75,$1.46 / 100SS,https://www.woolworths.com.au/shop/productdetails/176852/viva-paper-towel-white,https://cdn0.woolworths.media/content/wowproductimages/medium/176852.jpg,2020-09-20 15:36:09,,0,,True
242d3489-c124-4dc3-a95a-820efcc195f7,Woolworths Supermarket,Household,Armada Freezer Bags Medium 80 pack,036286,$0.60,$0.01 / 1EA,https://www.woolworths.com.au/shop/productdetails/36286/armada-freezer-bags-medium,https://cdn0.woolworths.media/content/wowproductimages/medium/036286.jpg,2020-09-20 15:36:09,Average product rating out of 5: 4.5. Product score is based on 107 ratings,107,,True
0d32cd6b-4b00-4f1e-9ba8-8c434d62354d,Woolworths Supermarket,Household,Handee Ultra Paper Towel White 2 pack,019787,$3.50,$2.92 / 100SS,https://www.woolworths.com.au/shop/productdetails/19787/handee-ultra-paper-towel-white,https://cdn0.woolworths.media/content/wowproductimages/medium/019787.jpg,2020-09-20 15:36:09,,0,,True
94c6e720-f972-4585-ac85-de4e54854713,Woolworths Supermarket,Household,Quilton Facial Tissues Soft White 95pk,829630,$1.25,$1.32 / 100SS,https://www.woolworths.com.au/shop/productdetails/829630/quilton-facial-tissues-soft-white,https://cdn0.woolworths.media/content/wowproductimages/medium/829630.jpg,2020-09-20 15:36:09,,0,,True
5917ae76-0082-406d-9ca6-94fe2f850782,Woolworths Supermarket,Household,Armada Baking Paper 15m,252787,$2.70,$0.18 / 1M,https://www.woolworths.com.au/shop/productdetails/252787/armada-baking-paper,https://cdn0.woolworths.media/content/wowproductimages/medium/252787.jpg,2020-09-20 15:36:09,,0,,True
1c25e03f-102f-4f20-a5f1-ee4beeb7167f,Woolworths Supermarket,Household,Shine Rinse Aid 500ml,686173,$2.90,$0.58 / 100ML,https://www.woolworths.com.au/shop/productdetails/686173/shine-rinse-aid,https://cdn0.woolworths.media/content/wowproductimages/medium/686173.jpg,2020-09-20 15:36:09,Average product rating out of 5: 4.8. Product score is based on 19 ratings,19,,True
beb159ac-2024-48b4-a33c-d23c228ac412,Woolworths Supermarket,Household,Viva Paper Towel White 3 pack,249921,$4.00,$2.22 / 100SS,https://www.woolworths.com.au/shop/productdetails/249921/viva-paper-towel-white,https://cdn0.woolworths.media/content/wowproductimages/medium/249921.jpg,2020-09-20 15:36:09,,0,Was $4.90 26/10/2017,True
20fab252-863c-450b-82ee-d01456973c68,Woolworths Supermarket,Household,Strike Disinfectant Wipes Lemon 100 pack,518438,$3.50,$0.04 / 1EA,https://www.woolworths.com.au/shop/productdetails/518438/strike-disinfectant-wipes-lemon,https://cdn0.woolworths.media/content/wowproductimages/medium/518438.jpg,2020-09-20 15:36:09,Average product rating out of 5: 4.3. Product score is based on 2496 ratings,2496,,True
06fb1b5e-a815-4b2d-9fa6-f37ceb32ca7b,Woolworths Supermarket,Household,Handee Ultra Paper Towel White 3 pack,252037,$4.40,$2.44 / 100SS,https://www.woolworths.com.au/shop/productdetails/252037/handee-ultra-paper-towel-white,https://cdn0.woolworths.media/content/wowproductimages/medium/252037.jpg,2020-09-20 15:36:09,,0,,True
e0655bd7-9fd4-4fd0-ae71-1697e05716a5,Woolworths Supermarket,Household,Kleenex Facial Tissues 200 pack,063899,$2.00,$1.00 / 100SS,https://www.woolworths.com.au/shop/productdetails/63899/kleenex-facial-tissues,https://cdn0.woolworths.media/content/wowproductimages/medium/063899.jpg,2020-09-20 15:36:09,,0,Was $2.20 26/02/2020,True
5faefade-7110-4d52-bb15-d08ab531c476,Woolworths Supermarket,Household,Quilton Tuffy Paper Towel Triple Length 2 pack,785317,$6.00,$1.67 / 100SS,https://www.woolworths.com.au/shop/productdetails/785317/quilton-tuffy-paper-towel-triple-length,https://cdn0.woolworths.media/content/wowproductimages/medium/785317.jpg,2020-09-20 15:36:09,,0,Was $6.80 06/07/2020,True
82d26e3a-74b4-415d-8cd2-f94d813844cd,Woolworths Supermarket,Household,Quilton Tuffy Paper Towel White 4ply 3 pack,574728,$4.30,$2.39 / 100SS,https://www.woolworths.com.au/shop/productdetails/574728/quilton-tuffy-paper-towel-white-4ply,https://cdn0.woolworths.media/content/wowproductimages/medium/574728.jpg,2020-09-20 15:36:09,,0,,True
3d51e103-d12d-4e3d-91d9-4d520dd82ada,Woolworths Supermarket,Household,Kleenex Facial Tissues Aloe Vera 140 pack,032969,$3.00,$2.14 / 100SS,https://www.woolworths.com.au/shop/productdetails/32969/kleenex-facial-tissues-aloe-vera,https://cdn0.woolworths.media/content/wowproductimages/medium/032969.jpg,2020-09-20 15:36:09,,0,Was $3.85 20/01/2020,True
f6589a86-7717-4b06-9ae5-bd32d504585f,Woolworths Supermarket,Household,Armada Large Kitchen Tidy Bag Lavender/lemon Scented 25 pack,517111,$2.00,$0.08 / 1EA,https://www.woolworths.com.au/shop/productdetails/517111/armada-large-kitchen-tidy-bag-lavender-lemon-scented,https://cdn0.woolworths.media/content/wowproductimages/medium/517111.jpg,2020-09-20 15:36:09,Average product rating out of 5: 4.5. Product score is based on 602 ratings,602,Was $2.50 17/09/2018,True
5937056f-4fc7-48ae-a322-4a25927b311b,Woolworths Supermarket,Household,Quilton 2ply Tissue Hypo-allergenic 250 pack,644239,$2.50,$1.00 / 100SS,https://www.woolworths.com.au/shop/productdetails/644239/quilton-2ply-tissue-hypo-allergenic,https://cdn0.woolworths.media/content/wowproductimages/medium/644239.jpg,2020-09-20 15:36:09,,0,,True
253618ee-bbe7-431b-a8ed-19d891f68c4e,Woolworths Supermarket,Household,Kleenex Facial Tissues Large & Thick Silk Touch 3ply 95 pack,172610,$2.60,$2.74 / 100SS,https://www.woolworths.com.au/shop/productdetails/172610/kleenex-facial-tissues-large-thick-silk-touch-3ply,https://cdn0.woolworths.media/content/wowproductimages/medium/172610.jpg,2020-09-20 15:36:09,,0,,True
1919d8f3-341e-42b1-bc6a-4ee156ff445e,Woolworths Supermarket,Household,Glad Baking Paper 25m,299138,$6.00,$0.24 / 1M,https://www.woolworths.com.au/shop/productdetails/299138/glad-baking-paper,https://cdn0.woolworths.media/content/wowproductimages/medium/299138.jpg,2020-09-20 15:36:09,,0,,True
f1223eba-bfa0-48d5-9d12-d074d82496ef,Woolworths Supermarket,Household,Decor Tellfresh Cake Storer With Lifter each,045745,$6.50,,https://www.woolworths.com.au/shop/productdetails/45745/decor-tellfresh-cake-storer-with-lifter,https://cdn0.woolworths.media/content/wowproductimages/medium/045745.jpg,2020-09-20 15:36:09,,0,,True
742706de-aa02-4037-bf00-7a981783f930,Woolworths Supermarket,Household,Kiwi Kidscuff Shoe Polish Black 100ml,046220,$3.00,$3.00 / 100ML,https://www.woolworths.com.au/shop/productdetails/46220/kiwi-kidscuff-shoe-polish-black,https://cdn0.woolworths.media/content/wowproductimages/medium/046220.jpg,2020-09-20 15:36:09,,0,,True
2dc5c0ac-fb47-40e3-b300-028fcc25bee2,Woolworths Supermarket,Household,Kiwi Kidscuff Shoe Polish Brown 100ml,046255,$3.00,$3.00 / 100ML,https://www.woolworths.com.au/shop/productdetails/46255/kiwi-kidscuff-shoe-polish-brown,https://cdn0.woolworths.media/content/wowproductimages/medium/046255.jpg,2020-09-20 15:36:09,,0,,True
3a70d457-97a4-4ec7-9264-7ba98bb76d2a,Woolworths Supermarket,Household,Yates Garden Weed N Feed 2l,047606,$12.00,$0.60 / 100ML,https://www.woolworths.com.au/shop/productdetails/47606/yates-garden-weed-n-feed,https://cdn0.woolworths.media/content/wowproductimages/medium/047606.jpg,2020-09-20 15:36:09,,0,,True
908b3927-d10f-49a1-8f72-19e1c17b3e97,Woolworths Supermarket,Household,Essentials Laundry Liquid 2l,047621,$1.49,$0.75 / 1L,https://www.woolworths.com.au/shop/productdetails/47621/essentials-laundry-liquid,https://cdn0.woolworths.media/content/wowproductimages/medium/047621.jpg,2020-09-20 15:36:09,Average product rating out of 5: 3.8. Product score is based on 547 ratings,547,,True
d9d81891-6889-4400-a3f1-a07cd2bbdd39,Woolworths Supermarket,Household,Australian Women's Weekly Magazine each,047986,$7.50,,https://www.woolworths.com.au/shop/productdetails/47986/australian-women-s-weekly-magazine,https://cdn0.woolworths.media/content/wowproductimages/medium/047986.jpg,2020-09-20 15:36:09,,0,Offer Details Here,True
0f359b6e-39b6-4ffd-8e20-4e621c43bb7f,Woolworths Supermarket,Household,Actizyme Drain Cleaner Safe Pellet Natural 450g,048130,$21.00,$4.67 / 100G,https://www.woolworths.com.au/shop/productdetails/48130/actizyme-drain-cleaner-safe-pellet-natural,https://cdn0.woolworths.media/content/wowproductimages/medium/048130.jpg,2020-09-20 15:36:09,,0,,True
f226fa7c-69a1-405d-9019-86c8c717d4b5,Woolworths Supermarket,Household,Ajax Spray N' Wipe Antibacterial Disinfectant Cleaner Refill 750ml,048166,$3.50,$0.47 / 100ML,https://www.woolworths.com.au/shop/productdetails/48166/ajax-spray-n-wipe-antibacterial-disinfectant-cleaner-refill,https://cdn0.woolworths.media/content/wowproductimages/medium/048166.jpg,2020-09-20 15:36:09,,0,,True
48aa0881-59d5-4a7f-b3ea-15b1cfb68e48,Woolworths Supermarket,Household,Fluffy Fabric Softener Conditioner Sachet Jasmine Fresh 250ml,048352,$1.80,$7.20 / 1L,https://www.woolworths.com.au/shop/productdetails/48352/fluffy-fabric-softener-conditioner-sachet-jasmine-fresh,https://cdn0.woolworths.media/content/wowproductimages/medium/048352.jpg,2020-09-20 15:36:09,,0,,True
3cf2cda3-14bc-46b8-bc17-e6a9af33cd5b,Woolworths Supermarket,Household,Chux Robuste Cleaning Cloths 3 pack,048500,$4.00,$1.33 / 1EA,https://www.woolworths.com.au/shop/productdetails/48500/chux-robuste-cleaning-cloths,https://cdn0.woolworths.media/content/wowproductimages/medium/048500.jpg,2020-09-20 15:36:09,,0,,True
037956a7-a4e1-4dc2-94fd-583624754791,Woolworths Supermarket,Household,Earth Choice Multipurpose Spray 600ml,048686,$3.20,$0.53 / 100ML,https://www.woolworths.com.au/shop/productdetails/48686/earth-choice-multipurpose-spray,https://cdn0.woolworths.media/content/wowproductimages/medium/048686.jpg,2020-09-20 15:36:09,,0,,True
6bd50f12-d253-45b6-b980-ad059a75e58b,Woolworths Supermarket,Household,Essentials Aluminium Tray Foil Container Multi Purpose 6 pack,049956,$2.00,$0.33 / 1EA,https://www.woolworths.com.au/shop/productdetails/49956/essentials-aluminium-tray-foil-container-multi-purpose,https://cdn0.woolworths.media/content/wowproductimages/medium/049956.jpg,2020-09-20 15:36:09,,0,,True
94af67a4-09fb-4cca-82ff-311da96cc5e1,Woolworths Supermarket,Household,Dishmatic Handle each,049957,$3.00,,https://www.woolworths.com.au/shop/productdetails/49957/dishmatic-handle,https://cdn0.woolworths.media/content/wowproductimages/medium/049957.jpg,2020-09-20 15:36:09,,0,,True
9bc80cb0-7e3c-4eda-a44a-bce67ca4632e,Woolworths Supermarket,Household,Hasbro Classic Card Games Assortment each,052192,$10.00,,https://www.woolworths.com.au/shop/productdetails/52192/hasbro-classic-card-games-assortment,https://cdn0.woolworths.media/content/wowproductimages/medium/052192.jpg,2020-09-20 15:36:09,,0,,True
5a243cb0-ba95-451f-8afa-576e73092214,Woolworths Supermarket,Household,New Idea Royal Monthly each,052218,$6.95,,https://www.woolworths.com.au/shop/productdetails/52218/new-idea-royal-monthly,https://cdn0.woolworths.media/content/wowproductimages/medium/052218.jpg,2020-09-20 15:36:09,,0,,True
e8da84f1-863c-4922-b04d-78dd62cca368,Woolworths Supermarket,Household,Sonic B Neat Wired Earphones each,053846,$10.00,,https://www.woolworths.com.au/shop/productdetails/53846/sonic-b-neat-wired-earphones,https://cdn0.woolworths.media/content/wowproductimages/medium/053846.jpg,2020-09-20 15:36:09,,0,,True
533e5ed6-7a3d-40af-81cc-0e5043682f3d,Woolworths Supermarket,Household,Energizer Iphone Audio Adapter Cable each,053855,$30.00,,https://www.woolworths.com.au/shop/productdetails/53855/energizer-iphone-audio-adapter-cable,https://cdn0.woolworths.media/content/wowproductimages/medium/053855.jpg,2020-09-20 15:36:09,,0,,True
180fa335-c9e5-419b-a65b-221aeb7081db,Woolworths Supermarket,Household,Mortein Mosquito Coils Value Pack 30 pack,054082,$7.50,$0.25 / 1EA,https://www.woolworths.com.au/shop/productdetails/54082/mortein-mosquito-coils-value-pack,https://cdn0.woolworths.media/content/wowproductimages/medium/054082.jpg,2020-09-20 15:36:09,,0,,True
a26448f5-86dc-4b5e-a315-2c44b4ce2300,Woolworths Supermarket,Household,Essentials Domestic Cleaner Regular 1.25l,054109,$2.30,$0.18 / 100ML,https://www.woolworths.com.au/shop/productdetails/54109/essentials-domestic-cleaner-regular,https://cdn0.woolworths.media/content/wowproductimages/medium/054109.jpg,2020-09-20 15:36:09,Average product rating out of 5: 4.0. Product score is based on 83 ratings,83,,True
58c141a4-6629-48e5-b021-35bc3c1605a6,Woolworths Supermarket,Household,Lexar Usb 2.0 S50 16gb 3 pack,054281,$29.00,,https://www.woolworths.com.au/shop/productdetails/54281/lexar-usb-2-0-s50-16gb,https://cdn0.woolworths.media/content/wowproductimages/medium/054281.jpg,2020-09-20 15:36:09,,0,,True
5a48c038-15b2-4199-b2e5-c4a4bc04c182,Woolworths Supermarket,Household,Lexar Usb 2.0 S50 16gb each,054287,$12.00,,https://www.woolworths.com.au/shop/productdetails/54287/lexar-usb-2-0-s50-16gb,https://cdn0.woolworths.media/content/wowproductimages/medium/054287.jpg,2020-09-20 15:36:09,,0,,True
556890d9-8b7b-4852-90a7-c31ff2d843d2,Woolworths Supermarket,Household,Lexar Usb 2.0 S50 32gb 2 pack,054288,$30.00,,https://www.woolworths.com.au/shop/productdetails/54288/lexar-usb-2-0-s50-32gb,https://cdn0.woolworths.media/content/wowproductimages/medium/054288.jpg,2020-09-20 15:36:09,,0,,True
e13dc6c5-162b-465a-9087-5093eb1132b8,Woolworths Supermarket,Household,Lexar Usb 3.0 V100 32gb each,054289,$19.00,,https://www.woolworths.com.au/shop/productdetails/54289/lexar-usb-3-0-v100-32gb,https://cdn0.woolworths.media/content/wowproductimages/medium/054289.jpg,2020-09-20 15:36:09,,0,,True
86b85908-a989-4876-a6db-d0e33a5f1f95,Woolworths Supermarket,Household,Lexar Usb 2.0 S50 64gb each,054312,$25.00,,https://www.woolworths.com.au/shop/productdetails/54312/lexar-usb-2-0-s50-64gb,https://cdn0.woolworths.media/content/wowproductimages/medium/054312.jpg,2020-09-20 15:36:09,,0,,True
bed47a5e-1c40-4da1-8676-eecc5b9fd2a5,Woolworths Supermarket,Household,Finish Powder Concentrate Classic Lemon 1kg,705056,$12.00,$1.20 / 100G,https://www.woolworths.com.au/shop/productdetails/705056/finish-powder-concentrate-classic-lemon,https://cdn0.woolworths.media/content/wowproductimages/medium/705056.jpg,2020-09-20 15:36:09,,0,,True
50dbf47f-1169-4502-a823-7eac0a774a89,Woolworths Supermarket,Household,Kleenex Facial Tissues Large & Thick Silk Touch 3ply 95 pack,172610,$2.60,$2.74 / 100SS,https://www.woolworths.com.au/shop/productdetails/172610/kleenex-facial-tissues-large-thick-silk-touch-3ply,https://cdn0.woolworths.media/content/wowproductimages/medium/172610.jpg,2020-09-20 15:36:09,,0,,True
c04b703e-a2a7-427b-91a2-4c87d8592077,Woolworths Supermarket,Household,Quilton Facial Tissues Soft White 95pk,829630,$1.25,$1.32 / 100SS,https://www.woolworths.com.au/shop/productdetails/829630/quilton-facial-tissues-soft-white,https://cdn0.woolworths.media/content/wowproductimages/medium/829630.jpg,2020-09-20 15:36:09,,0,,True
82740178-85ee-436f-834c-1833ed374096,Woolworths Supermarket,Household,Essentials Facial Tissues 224 pack,759496,$1.00,$0.45 / 100SS,https://www.woolworths.com.au/shop/productdetails/759496/essentials-facial-tissues,https://cdn0.woolworths.media/content/wowproductimages/medium/759496.jpg,2020-09-20 15:36:09,Average product rating out of 5: 3.9. Product score is based on 672 ratings,672,,True
fdd38ccd-e862-4e3d-8038-f74db2f9ddf4,Woolworths Supermarket,Household,Viva Paper Towel White 2 pack,176852,$1.75,$1.46 / 100SS,https://www.woolworths.com.au/shop/productdetails/176852/viva-paper-towel-white,https://cdn0.woolworths.media/content/wowproductimages/medium/176852.jpg,2020-09-20 15:36:09,,0,,True
a8d8b966-a7b7-4664-b4c8-4a17a168686d,Woolworths Supermarket,Household,Handee Ultra Paper Towel White 3 pack,252037,$4.40,$2.44 / 100SS,https://www.woolworths.com.au/shop/productdetails/252037/handee-ultra-paper-towel-white,https://cdn0.woolworths.media/content/wowproductimages/medium/252037.jpg,2020-09-20 15:36:09,,0,,True
b815e7fe-b390-4c39-8163-4617c276621f,Woolworths Supermarket,Household,Shine Rinse Aid 500ml,686173,$2.90,$0.58 / 100ML,https://www.woolworths.com.au/shop/productdetails/686173/shine-rinse-aid,https://cdn0.woolworths.media/content/wowproductimages/medium/686173.jpg,2020-09-20 15:36:09,Average product rating out of 5: 4.8. Product score is based on 19 ratings,19,,True
4f3319da-ddc1-400e-b798-a5e233f889ba,Woolworths Supermarket,Household,Handee Ultra Paper Towel White 2 pack,019787,$3.50,$2.92 / 100SS,https://www.woolworths.com.au/shop/productdetails/19787/handee-ultra-paper-towel-white,https://cdn0.woolworths.media/content/wowproductimages/medium/019787.jpg,2020-09-20 15:36:09,,0,,True
05382b7f-f183-4422-ae73-1e8d531d1f34,Woolworths Supermarket,Household,Strike Disinfectant Wipes Lemon 100 pack,518438,$3.50,$0.04 / 1EA,https://www.woolworths.com.au/shop/productdetails/518438/strike-disinfectant-wipes-lemon,https://cdn0.woolworths.media/content/wowproductimages/medium/518438.jpg,2020-09-20 15:36:09,Average product rating out of 5: 4.3. Product score is based on 2496 ratings,2496,,True
ce7387c5-2e9c-4121-8814-dbb489b4b10a,Woolworths Supermarket,Household,Armada Large Kitchen Tidy Bag Lavender/lemon Scented 25 pack,517111,$2.00,$0.08 / 1EA,https://www.woolworths.com.au/shop/productdetails/517111/armada-large-kitchen-tidy-bag-lavender-lemon-scented,https://cdn0.woolworths.media/content/wowproductimages/medium/517111.jpg,2020-09-20 15:36:09,Average product rating out of 5: 4.5. Product score is based on 602 ratings,602,Was $2.50 17/09/2018,True
76d090cd-0649-41f8-8dfd-bf884309eaa3,Woolworths Supermarket,Household,Armada Freezer Bags Medium 80 pack,036286,$0.60,$0.01 / 1EA,https://www.woolworths.com.au/shop/productdetails/36286/armada-freezer-bags-medium,https://cdn0.woolworths.media/content/wowproductimages/medium/036286.jpg,2020-09-20 15:36:09,Average product rating out of 5: 4.5. Product score is based on 107 ratings,107,,True
995d6fa7-20f8-477f-bde0-90a20b2b493d,Woolworths Supermarket,Household,Viva Paper Towel White 3 pack,249921,$4.00,$2.22 / 100SS,https://www.woolworths.com.au/shop/productdetails/249921/viva-paper-towel-white,https://cdn0.woolworths.media/content/wowproductimages/medium/249921.jpg,2020-09-20 15:36:09,,0,Was $4.90 26/10/2017,True
98dc704f-a48e-4415-988e-ed9dcd815659,Woolworths Supermarket,Household,Quilton Tuffy Paper Towel Triple Length 2 pack,785317,$6.00,$1.67 / 100SS,https://www.woolworths.com.au/shop/productdetails/785317/quilton-tuffy-paper-towel-triple-length,https://cdn0.woolworths.media/content/wowproductimages/medium/785317.jpg,2020-09-20 15:36:09,,0,Was $6.80 06/07/2020,True
c5e42501-9833-44f1-97ce-cadcd3a900a8,Woolworths Supermarket,Household,Armada Baking Paper 15m,252787,$2.70,$0.18 / 1M,https://www.woolworths.com.au/shop/productdetails/252787/armada-baking-paper,https://cdn0.woolworths.media/content/wowproductimages/medium/252787.jpg,2020-09-20 15:36:09,,0,,True
2123dcdb-aa74-4352-9f11-a1469f634c7a,Woolworths Supermarket,Household,Quilton 2ply Tissue Hypo-allergenic 250 pack,644239,$2.50,$1.00 / 100SS,https://www.woolworths.com.au/shop/productdetails/644239/quilton-2ply-tissue-hypo-allergenic,https://cdn0.woolworths.media/content/wowproductimages/medium/644239.jpg,2020-09-20 15:36:09,,0,,True
91865617-c984-40f1-9e81-1d03b062b118,Woolworths Supermarket,Household,Kleenex Facial Tissues 200 pack,063899,$2.00,$1.00 / 100SS,https://www.woolworths.com.au/shop/productdetails/63899/kleenex-facial-tissues,https://cdn0.woolworths.media/content/wowproductimages/medium/063899.jpg,2020-09-20 15:36:09,,0,Was $2.20 26/02/2020,True
4fd85b97-9ca8-4fcd-8531-ca8e67415c6f,Woolworths Supermarket,Household,Quilton Tuffy Paper Towel White 4ply 3 pack,574728,$4.30,$2.39 / 100SS,https://www.woolworths.com.au/shop/productdetails/574728/quilton-tuffy-paper-towel-white-4ply,https://cdn0.woolworths.media/content/wowproductimages/medium/574728.jpg,2020-09-20 15:36:09,,0,,True
42b7f73c-e441-45ef-95a7-919ccebe61dd,Woolworths Supermarket,Household,Glad Baking Paper 25m,299138,$6.00,$0.24 / 1M,https://www.woolworths.com.au/shop/productdetails/299138/glad-baking-paper,https://cdn0.woolworths.media/content/wowproductimages/medium/299138.jpg,2020-09-20 15:36:09,,0,,True
6724e663-1689-405a-b9c7-b3f3b1787165,Woolworths Supermarket,Household,Kleenex Facial Tissues Aloe Vera 140 pack,032969,$3.00,$2.14 / 100SS,https://www.woolworths.com.au/shop/productdetails/32969/kleenex-facial-tissues-aloe-vera,https://cdn0.woolworths.media/content/wowproductimages/medium/032969.jpg,2020-09-20 15:36:09,,0,Was $3.85 20/01/2020,True
8fd9a62d-f1f0-4b30-9774-72aa668435be,Woolworths Supermarket,Household,Morning Fresh Dishwashing Liquid Raspberry & Crisp Apple 900ml,588994,$3.75,$0.42 / 100ML,https://www.woolworths.com.au/shop/productdetails/588994/morning-fresh-dishwashing-liquid-raspberry-crisp-apple,https://cdn0.woolworths.media/content/wowproductimages/medium/588994.jpg,2020-09-20 15:36:09,,0,,True
458c16f9-e74a-43b4-bfa0-b85c0b438645,Woolworths Supermarket,Household,Korbond White Balloons 12 pack,054349,$2.00,$0.17 / 1EA,https://www.woolworths.com.au/shop/productdetails/54349/korbond-white-balloons,https://cdn0.woolworths.media/content/wowproductimages/medium/054349.jpg,2020-09-20 15:36:09,,0,,True
ae24e202-3684-45d4-9af8-fa4d4ffdf4bd,Woolworths Supermarket,Household,Korbond Party Balloons Water Bombs 200 pack,054350,$3.00,$1.50 / 100EA,https://www.woolworths.com.au/shop/productdetails/54350/korbond-party-balloons-water-bombs,https://cdn0.woolworths.media/content/wowproductimages/medium/054350.jpg,2020-09-20 15:36:09,,0,,True
7214c569-ced0-4316-b54c-aaa5a1db26ff,Woolworths Supermarket,Household,Korbond Macaron Coloured Balloons 20 pack,054351,$3.00,$0.15 / 1EA,https://www.woolworths.com.au/shop/productdetails/54351/korbond-macaron-coloured-balloons,https://cdn0.woolworths.media/content/wowproductimages/medium/054351.jpg,2020-09-20 15:36:09,,0,,True
c3a23706-6180-4fc7-bfef-03c1febdb5c1,Woolworths Supermarket,Household,Korbond Ocean Blue Balloons 12 pack,054358,$2.00,$0.17 / 1EA,https://www.woolworths.com.au/shop/productdetails/54358/korbond-ocean-blue-balloons,https://cdn0.woolworths.media/content/wowproductimages/medium/054358.jpg,2020-09-20 15:36:09,,0,,True
67f49ddd-56dd-45af-a66a-10bf4d76631a,Woolworths Supermarket,Household,Korbond Pretty Pink Balloons 12 pack,054398,$2.00,$0.17 / 1EA,https://www.woolworths.com.au/shop/productdetails/54398/korbond-pretty-pink-balloons,https://cdn0.woolworths.media/content/wowproductimages/medium/054398.jpg,2020-09-20 15:36:09,,0,,True
be169292-50e4-4ea1-8301-1167c9b3f525,Woolworths Supermarket,Household,Korbond Party Balloons Assorted Colours 25 pack,054415,$3.00,$0.12 / 1EA,https://www.woolworths.com.au/shop/productdetails/54415/korbond-party-balloons-assorted-colours,https://cdn0.woolworths.media/content/wowproductimages/medium/054415.jpg,2020-09-20 15:36:09,,0,,True
c5bee7e1-d150-4e70-90ec-24f850b92a03,Woolworths Supermarket,Household,Korbond Party Shot Glasses 20 pack,054418,$3.00,$0.15 / 1EA,https://www.woolworths.com.au/shop/productdetails/54418/korbond-party-shot-glasses,https://cdn0.woolworths.media/content/wowproductimages/medium/054418.jpg,2020-09-20 15:36:09,,0,,True
06e8c91b-9ae8-4ab7-ba48-6688d00b21c4,Woolworths Supermarket,Household,Korbond Shape Print Balloons 20 pack,054421,$5.00,$0.25 / 1EA,https://www.woolworths.com.au/shop/productdetails/54421/korbond-shape-print-balloons,https://cdn0.woolworths.media/content/wowproductimages/medium/054421.jpg,2020-09-20 15:36:09,,0,,True
2004dc40-0f49-49ed-9359-3d79e426ed98,Woolworths Supermarket,Household,Korbond Party Balloons Assorted Colours 100 pack,054422,$7.00,$7.00 / 100EA,https://www.woolworths.com.au/shop/productdetails/54422/korbond-party-balloons-assorted-colours,https://cdn0.woolworths.media/content/wowproductimages/medium/054422.jpg,2020-09-20 15:36:09,,0,,True
469f56ea-789e-4745-86a9-778f58c2a315,Woolworths Supermarket,Household,Korbond Happy Birthday Balloons 20 pack,054425,$3.00,$0.15 / 1EA,https://www.woolworths.com.au/shop/productdetails/54425/korbond-happy-birthday-balloons,https://cdn0.woolworths.media/content/wowproductimages/medium/054425.jpg,2020-09-20 15:36:09,,0,,True
d14bc641-4190-4548-a53a-b799ed4f5d81,Woolworths Supermarket,Household,Korbond Printed Animal On White Balloons 30g,054426,$3.00,$0.30 / 1EA,https://www.woolworths.com.au/shop/productdetails/54426/korbond-printed-animal-on-white-balloons,https://cdn0.woolworths.media/content/wowproductimages/medium/054426.jpg,2020-09-20 15:36:09,,0,,True
696c1741-1982-4479-a63c-5be57ecc5e85,Woolworths Supermarket,Household,Korbond Stars Confetti Balloons 5 pack,054430,$3.00,$0.60 / 1EA,https://www.woolworths.com.au/shop/productdetails/54430/korbond-stars-confetti-balloons,https://cdn0.woolworths.media/content/wowproductimages/medium/054430.jpg,2020-09-20 15:36:09,,0,,True
24408a1a-8372-467f-a708-34be60e2dbba,Woolworths Supermarket,Household,Korbond Variety Foil Balloon 10 pack,054431,$5.00,$0.50 / 1EA,https://www.woolworths.com.au/shop/productdetails/54431/korbond-variety-foil-balloon,https://cdn0.woolworths.media/content/wowproductimages/medium/054431.jpg,2020-09-20 15:36:09,,0,,True
34f090ff-4fa5-4ff8-9f8b-85eb4f70b769,Woolworths Supermarket,Household,Korbond Happy Birthday Balloon 15g,054433,$2.00,$2.00 / 1EA,https://www.woolworths.com.au/shop/productdetails/54433/korbond-happy-birthday-balloon,https://cdn0.woolworths.media/content/wowproductimages/medium/054433.jpg,2020-09-20 15:36:09,,0,,True
ee78b6b7-6dec-4b35-9fe5-6f4ca3d722cb,Woolworths Supermarket,Household,Korbond Orb Foil Balloons 3 pack,054436,$8.00,$2.67 / 1EA,https://www.woolworths.com.au/shop/productdetails/54436/korbond-orb-foil-balloons,https://cdn0.woolworths.media/content/wowproductimages/medium/054436.jpg,2020-09-20 15:36:09,,0,,True
c82c242d-45ce-4825-af5c-6ac49d590ae5,Woolworths Supermarket,Household,Korbond Party Banner Happy Birthday Foil 3.65 Meters 14g,054437,$2.00,$2.00 / 1EA,https://www.woolworths.com.au/shop/productdetails/54437/korbond-party-banner-happy-birthday-foil-3-65-meters,https://cdn0.woolworths.media/content/wowproductimages/medium/054437.jpg,2020-09-20 15:36:09,,0,,True
e1bf53de-1aa6-42e5-8f27-df4705dcd1c4,Woolworths Supermarket,Household,Korbond Happy Birthday Letter Banner 55g,054438,$3.00,$3.00 / 1EA,https://www.woolworths.com.au/shop/productdetails/54438/korbond-happy-birthday-letter-banner,https://cdn0.woolworths.media/content/wowproductimages/medium/054438.jpg,2020-09-20 15:36:09,,0,,True
8ffc9834-41ca-4bb6-a5a9-7a083e2dbd8a,Woolworths Supermarket,Household,Korbond Party Balloon Pump 70g,054452,$3.00,$3.00 / 1EA,https://www.woolworths.com.au/shop/productdetails/54452/korbond-party-balloon-pump,https://cdn0.woolworths.media/content/wowproductimages/medium/054452.jpg,2020-09-20 15:36:09,,0,,True
2690518d-0797-4882-bea8-c19fb1ca23ba,Woolworths Supermarket,Household,Korbond Colour Hairspray Temporary 87g,054457,$4.00,$4.00 / 1EA,https://www.woolworths.com.au/shop/productdetails/54457/korbond-colour-hairspray-temporary,https://cdn0.woolworths.media/content/wowproductimages/medium/054457.jpg,2020-09-20 15:36:09,,0,,True
bc38a0dc-3df8-4514-9e75-3cf1728fc796,Woolworths Supermarket,Household,Korbond Paper Loot Bags 10 pack,054466,$3.00,$0.30 / 1EA,https://www.woolworths.com.au/shop/productdetails/54466/korbond-paper-loot-bags,https://cdn0.woolworths.media/content/wowproductimages/medium/054466.jpg,2020-09-20 15:36:09,,0,,True
8584578f-44fc-4eab-9e9d-49385f028756,Woolworths Supermarket,Household,Korbond Party Loot Bags Happy Birthday 10 pack,054468,$2.00,$0.20 / 1EA,https://www.woolworths.com.au/shop/productdetails/54468/korbond-party-loot-bags-happy-birthday,https://cdn0.woolworths.media/content/wowproductimages/medium/054468.jpg,2020-09-20 15:36:09,,0,,True
9edb983b-5d7a-4320-a8ce-af7a3a0318c3,Woolworths Supermarket,Household,Korbond Party Novelty Bubbles 6 pack,054470,$4.00,$0.67 / 1EA,https://www.woolworths.com.au/shop/productdetails/54470/korbond-party-novelty-bubbles,https://cdn0.woolworths.media/content/wowproductimages/medium/054470.jpg,2020-09-20 15:36:09,,0,,True
4083eff1-76e6-4f80-88dc-94ccfa7818c3,Woolworths Supermarket,Household,Korbond Kids Favours Srt 1 32g,054471,$2.00,$2.00 / 1EA,https://www.woolworths.com.au/shop/productdetails/54471/korbond-kids-favours-srt-1,https://cdn0.woolworths.media/content/wowproductimages/medium/054471.jpg,2020-09-20 15:36:09,,0,3 for $3.99 $1.33/1EA,True
9cd01e33-fe04-4c0c-9c06-9d3003223c12,Woolworths Supermarket,Household,Korbond Party Novelty Bouncy Balls 6 pack,054472,$4.00,$0.67 / 1EA,https://www.woolworths.com.au/shop/productdetails/54472/korbond-party-novelty-bouncy-balls,https://cdn0.woolworths.media/content/wowproductimages/medium/054472.jpg,2020-09-20 15:36:09,,0,,True
264c3275-ed67-4d53-8522-b725a93bab51,Woolworths Supermarket,Household,Multix Drawtight Roll Garbage Bags 56l 20pk,072563,$4.00,$0.20 / 1EA,https://www.woolworths.com.au/shop/productdetails/72563/multix-drawtight-roll-garbage-bags,https://cdn0.woolworths.media/content/wowproductimages/medium/072563.jpg,2020-09-20 15:36:09,,0,,True
8b1f4f4d-ce13-49a7-bfa1-fa90f7738796,Woolworths Supermarket,Household,Omo Ultimate Laundry Detergent Powder Front & Top Loader 5kg,430629,$30.00,$6.00 / 1KG,https://www.woolworths.com.au/shop/productdetails/430629/omo-ultimate-laundry-detergent-powder-front-top-loader,https://cdn0.woolworths.media/content/wowproductimages/medium/430629.jpg,2020-09-20 15:36:09,,0,,True
9f02f8c0-2d48-4ca3-8444-989109806ca2,Woolworths Supermarket,Household,Morning Fresh Dishwashing Liquid Raspberry & Crisp Apple 900ml,588994,$3.75,$0.42 / 100ML,https://www.woolworths.com.au/shop/productdetails/588994/morning-fresh-dishwashing-liquid-raspberry-crisp-apple,https://cdn0.woolworths.media/content/wowproductimages/medium/588994.jpg,2020-09-20 15:36:09,,0,,True
6e67575e-e8a6-4e58-8389-6fa107bb9b98,Woolworths Supermarket,Household,Glen 20 Disinfectant Spray Original Scent 300g,015587,$8.00,$2.67 / 100G,https://www.woolworths.com.au/shop/productdetails/15587/glen-20-disinfectant-spray-original-scent,https://cdn0.woolworths.media/content/wowproductimages/medium/015587.jpg,2020-09-20 15:36:09,,0,,True
6e774848-725c-46cb-91f1-9b98afe257d3,Woolworths Supermarket,Household,Glad Baking Paper 25m,299138,$6.00,$0.24 / 1M,https://www.woolworths.com.au/shop/productdetails/299138/glad-baking-paper,https://cdn0.woolworths.media/content/wowproductimages/medium/299138.jpg,2020-09-20 15:36:09,,0,,True
eb27451e-54c7-4b7e-bf3e-cc558e352398,Woolworths Supermarket,Household,Ecostore Fragrance Free Auto Dishwasher 50 tablets,774416,$19.00,$0.38 / 1EA,https://www.woolworths.com.au/shop/productdetails/774416/ecostore-fragrance-free-auto-dishwasher,https://cdn0.woolworths.media/content/wowproductimages/medium/774416.jpg,2020-09-20 15:36:09,,0,,True
56f3d9db-daf1-4550-90c2-ee8514f8f0bf,Woolworths Supermarket,Household,Omo Sensitive Laundry Detergent Powder Front & Top Loader 2kg,471182,$11.00,$5.50 / 1KG,https://www.woolworths.com.au/shop/productdetails/471182/omo-sensitive-laundry-detergent-powder-front-top-loader,https://cdn0.woolworths.media/content/wowproductimages/medium/471182.jpg,2020-09-20 15:36:09,,0,,True
c34b69c8-c8fa-40df-a2a5-d0237741cec6,Woolworths Supermarket,Household,Essentials Facial Tissues 224 pack,759496,$1.00,$0.45 / 100SS,https://www.woolworths.com.au/shop/productdetails/759496/essentials-facial-tissues,https://cdn0.woolworths.media/content/wowproductimages/medium/759496.jpg,2020-09-20 15:36:09,Average product rating out of 5: 3.9. Product score is based on 672 ratings,672,,True
911a180c-2383-4d2e-bd67-bb03a6fd81db,Woolworths Supermarket,Household,Finish Powder Concentrate Classic Lemon 1kg,705056,$12.00,$1.20 / 100G,https://www.woolworths.com.au/shop/productdetails/705056/finish-powder-concentrate-classic-lemon,https://cdn0.woolworths.media/content/wowproductimages/medium/705056.jpg,2020-09-20 15:36:09,,0,,True
395b3b88-8e31-46a3-952d-43024f429eb7,Woolworths Supermarket,Household,Quilton Tuffy Paper Towel Triple Length 2 pack,785317,$6.00,$1.67 / 100SS,https://www.woolworths.com.au/shop/productdetails/785317/quilton-tuffy-paper-towel-triple-length,https://cdn0.woolworths.media/content/wowproductimages/medium/785317.jpg,2020-09-20 15:36:09,,0,Was $6.80 06/07/2020,True
a3edc115-06a7-47db-905f-f923040d7c9e,Woolworths Supermarket,Household,Shine Rinse Aid 500ml,686173,$2.90,$0.58 / 100ML,https://www.woolworths.com.au/shop/productdetails/686173/shine-rinse-aid,https://cdn0.woolworths.media/content/wowproductimages/medium/686173.jpg,2020-09-20 15:36:09,Average product rating out of 5: 4.8. Product score is based on 19 ratings,19,,True
ff04ec68-748c-484e-8450-cf89ee94782b,Woolworths Supermarket,Household,Quilton Tuffy Paper Towel White 4ply 3 pack,574728,$4.30,$2.39 / 100SS,https://www.woolworths.com.au/shop/productdetails/574728/quilton-tuffy-paper-towel-white-4ply,https://cdn0.woolworths.media/content/wowproductimages/medium/574728.jpg,2020-09-20 15:36:09,,0,,True
6f321f07-b97a-4032-a41d-75e78b554e83,Woolworths Supermarket,Household,Comfort Fabric Conditioner Vanilla Orchid 750ml,861324,$6.99,$9.32 / 1L,https://www.woolworths.com.au/shop/productdetails/861324/comfort-fabric-conditioner-vanilla-orchid,https://cdn0.woolworths.media/content/wowproductimages/medium/861324.jpg,2020-09-20 15:36:09,,0,,True
10682659-0370-4cbd-b638-74a73fc669a7,Woolworths Supermarket,Household,Viva Paper Towel White 3 pack,249921,$4.00,$2.22 / 100SS,https://www.woolworths.com.au/shop/productdetails/249921/viva-paper-towel-white,https://cdn0.woolworths.media/content/wowproductimages/medium/249921.jpg,2020-09-20 15:36:09,,0,Was $4.90 26/10/2017,True
02480a1c-11c0-41ee-9930-0e683a0f8a92,Woolworths Supermarket,Household,Handee Ultra Paper Towel White 3 pack,252037,$4.40,$2.44 / 100SS,https://www.woolworths.com.au/shop/productdetails/252037/handee-ultra-paper-towel-white,https://cdn0.woolworths.media/content/wowproductimages/medium/252037.jpg,2020-09-20 15:36:09,,0,,True
0743c0c8-8670-4ed1-ac3b-6b5b81a73295,Woolworths Supermarket,Household,Kleenex Facial Tissues Aloe Vera 140 pack,032969,$3.00,$2.14 / 100SS,https://www.woolworths.com.au/shop/productdetails/32969/kleenex-facial-tissues-aloe-vera,https://cdn0.woolworths.media/content/wowproductimages/medium/032969.jpg,2020-09-20 15:36:09,,0,Was $3.85 20/01/2020,True
951bd94d-d4a6-43b0-920f-ea65ef7914bb,Woolworths Supermarket,Household,Pine O Cleen Disinfectant Antibacterial Lavender 1.25l,139515,$6.00,$0.48 / 100ML,https://www.woolworths.com.au/shop/productdetails/139515/pine-o-cleen-disinfectant-antibacterial-lavender,https://cdn0.woolworths.media/content/wowproductimages/medium/139515.jpg,2020-09-20 15:36:09,,0,,True
d08557c6-8014-48a0-a48a-8b949c27ac5c,Woolworths Supermarket,Household,Handee Ultra Paper Towel White 2 pack,019787,$3.50,$2.92 / 100SS,https://www.woolworths.com.au/shop/productdetails/19787/handee-ultra-paper-towel-white,https://cdn0.woolworths.media/content/wowproductimages/medium/019787.jpg,2020-09-20 15:36:09,,0,,True
04bcd314-829b-45cc-8a93-96f2c9ac8772,Woolworths Supermarket,Household,Strike Disinfectant Wipes Lemon 100 pack,518438,$3.50,$0.04 / 1EA,https://www.woolworths.com.au/shop/productdetails/518438/strike-disinfectant-wipes-lemon,https://cdn0.woolworths.media/content/wowproductimages/medium/518438.jpg,2020-09-20 15:36:09,Average product rating out of 5: 4.3. Product score is based on 2496 ratings,2496,,True
545a7432-48f9-44a7-b5d8-f323a0315901,Woolworths Supermarket,Household,Korbond Glitter Hair Spray 160g,054473,$4.00,$4.00 / 1EA,https://www.woolworths.com.au/shop/productdetails/54473/korbond-glitter-hair-spray,https://cdn0.woolworths.media/content/wowproductimages/medium/054473.jpg,2020-09-20 15:36:09,,0,,True
4354f679-ecd1-463e-81a8-917d5fa5a26c,Woolworths Supermarket,Household,Korbond Kids Favours Srt 2 32g,054476,$2.00,$2.00 / 1EA,https://www.woolworths.com.au/shop/productdetails/54476/korbond-kids-favours-srt-2,https://cdn0.woolworths.media/content/wowproductimages/medium/054476.jpg,2020-09-20 15:36:09,,0,3 for $3.99 $1.33/1EA,True
3dcd859e-59e9-4350-8ec3-f944f5fbcd79,Woolworths Supermarket,Household,Korbond Party Parasol Picks 20 pack,054477,$3.00,$0.15 / 1EA,https://www.woolworths.com.au/shop/productdetails/54477/korbond-party-parasol-picks,https://cdn0.woolworths.media/content/wowproductimages/medium/054477.jpg,2020-09-20 15:36:09,,0,,True
fff2e02e-e2dc-42c1-a833-3ed0ab9fba3a,Woolworths Supermarket,Household,Korbond Happy Birthday Scatter Confetti 32g,054502,$2.00,$2.00 / 1EA,https://www.woolworths.com.au/shop/productdetails/54502/korbond-happy-birthday-scatter-confetti,https://cdn0.woolworths.media/content/wowproductimages/medium/054502.jpg,2020-09-20 15:36:09,,0,,True
dee069cf-19a7-4b4b-a490-d1d8e7010112,Woolworths Supermarket,Household,Korbond Party Candle Metallics Number 7 19g,054507,$1.50,$1.50 / 1EA,https://www.woolworths.com.au/shop/productdetails/54507/korbond-party-candle-metallics-number-7,https://cdn0.woolworths.media/content/wowproductimages/medium/054507.jpg,2020-09-20 15:36:09,,0,,True
3a3bc3f9-73c6-43f8-a13e-bc7660aba7c2,Woolworths Supermarket,Household,Korbond Party Candle Metallics Number 8 19g,054509,$1.50,$1.50 / 1EA,https://www.woolworths.com.au/shop/productdetails/54509/korbond-party-candle-metallics-number-8,https://cdn0.woolworths.media/content/wowproductimages/medium/054509.jpg,2020-09-20 15:36:09,,0,,True
560ea0d8-14b3-4c25-845c-e6ee7fe4c110,Woolworths Supermarket,Household,Korbond Patterned Candles 12 pack,054511,$2.00,$0.17 / 1EA,https://www.woolworths.com.au/shop/productdetails/54511/korbond-patterned-candles,https://cdn0.woolworths.media/content/wowproductimages/medium/054511.jpg,2020-09-20 15:36:09,,0,,True
f39e3614-7b96-4a59-8fd3-2bfabefb494a,Woolworths Supermarket,Household,Korbond Party Candle Metallics Number 9 19g,054512,$1.50,$1.50 / 1EA,https://www.woolworths.com.au/shop/productdetails/54512/korbond-party-candle-metallics-number-9,https://cdn0.woolworths.media/content/wowproductimages/medium/054512.jpg,2020-09-20 15:36:09,,0,,True
bbc96006-2619-492a-837c-67c099caf5f5,Woolworths Supermarket,Household,Korbond Party Candle Metallics Number 0 19g,054513,$1.50,$1.50 / 1EA,https://www.woolworths.com.au/shop/productdetails/54513/korbond-party-candle-metallics-number-0,https://cdn0.woolworths.media/content/wowproductimages/medium/054513.jpg,2020-09-20 15:36:09,,0,,True
ed307901-4928-4288-a6a0-a3facee6ef1a,Woolworths Supermarket,Household,Korbond Basic Spiral Candle With Holder 24 pack,054514,$2.00,$0.08 / 1EA,https://www.woolworths.com.au/shop/productdetails/54514/korbond-basic-spiral-candle-with-holder,https://cdn0.woolworths.media/content/wowproductimages/medium/054514.jpg,2020-09-20 15:36:09,,0,,True
203665a1-eaa7-478e-8add-46c060036294,Woolworths Supermarket,Household,Korbond Dipped Colourful Candles 12 pack,054517,$2.00,$0.17 / 1EA,https://www.woolworths.com.au/shop/productdetails/54517/korbond-dipped-colourful-candles,https://cdn0.woolworths.media/content/wowproductimages/medium/054517.jpg,2020-09-20 15:36:09,,0,,True
51a8658c-cffc-41ad-b805-2b31f0c15385,Woolworths Supermarket,Household,3m Command Key Rail each,054518,$20.00,$20.00 / 1EA,https://www.woolworths.com.au/shop/productdetails/54518/3m-command-key-rail,https://cdn0.woolworths.media/content/wowproductimages/medium/054518.jpg,2020-09-20 15:36:09,,0,,True
6c0953aa-69ae-40d0-96d4-d41311e11be9,Woolworths Supermarket,Household,Korbond Party Candles Metallic Coloured 12 pack,054519,$3.00,$0.25 / 1EA,https://www.woolworths.com.au/shop/productdetails/54519/korbond-party-candles-metallic-coloured,https://cdn0.woolworths.media/content/wowproductimages/medium/054519.jpg,2020-09-20 15:36:09,,0,,True
fc668e83-487d-4aa0-84f6-b20908b17a56,Woolworths Supermarket,Household,3m Command Mixed?hooks Value 8 pack,054521,$17.00,$17.00 / 1EA,https://www.woolworths.com.au/shop/productdetails/54521/3m-command-mixed-hooks-value,https://cdn0.woolworths.media/content/wowproductimages/medium/054521.jpg,2020-09-20 15:36:09,,0,,True
97bef002-9c7c-494c-afb8-cb839a0a391c,Woolworths Supermarket,Household,Korbond Party Candles Polka Dot 12 pack,054522,$2.00,$0.17 / 1EA,https://www.woolworths.com.au/shop/productdetails/54522/korbond-party-candles-polka-dot,https://cdn0.woolworths.media/content/wowproductimages/medium/054522.jpg,2020-09-20 15:36:09,,0,,True
461bd3d9-3a9a-4c89-9bf7-c17423125f00,Woolworths Supermarket,Household,Korbond Large Spiral Glitter Candles 12 pack,054523,$2.00,$0.17 / 1EA,https://www.woolworths.com.au/shop/productdetails/54523/korbond-large-spiral-glitter-candles,https://cdn0.woolworths.media/content/wowproductimages/medium/054523.jpg,2020-09-20 15:36:09,,0,,True
ecbdff08-4d9e-4a66-a006-a0784df8f7ff,Woolworths Supermarket,Household,Korbond Dipped Glitter Candles 12 pack,054524,$2.00,$0.17 / 1EA,https://www.woolworths.com.au/shop/productdetails/54524/korbond-dipped-glitter-candles,https://cdn0.woolworths.media/content/wowproductimages/medium/054524.jpg,2020-09-20 15:36:09,,0,,True
594737ad-5c50-4396-99e3-0099a014465b,Woolworths Supermarket,Household,Korbond Party Candles Metallics Gold & Silver 12 pack,054525,$3.00,$0.25 / 1EA,https://www.woolworths.com.au/shop/productdetails/54525/korbond-party-candles-metallics-gold-silver,https://cdn0.woolworths.media/content/wowproductimages/medium/054525.jpg,2020-09-20 15:36:09,,0,,True
1ed9e75a-fd73-443a-a315-746e276922af,Woolworths Supermarket,Household,Korbond Foil Letter Happy Birthday Bunting 40g,054534,$6.00,$6.00 / 1EA,https://www.woolworths.com.au/shop/productdetails/54534/korbond-foil-letter-happy-birthday-bunting,https://cdn0.woolworths.media/content/wowproductimages/medium/054534.jpg,2020-09-20 15:36:09,,0,,True
695389f6-2c95-41b6-a9ed-3736f3f3e670,Woolworths Supermarket,Household,Korbond Happy Birthday Candle On Picks Coloured 13 pack,054535,$3.00,$0.23 / 1EA,https://www.woolworths.com.au/shop/productdetails/54535/korbond-happy-birthday-candle-on-picks-coloured,https://cdn0.woolworths.media/content/wowproductimages/medium/054535.jpg,2020-09-20 15:36:09,,0,,True
526ac239-4d3c-4db0-89f9-76417be893f9,Woolworths Supermarket,Household,Korbond Bunting Set With Confetti Balloons & Garlands 100g,054536,$8.00,$8.00 / 1EA,https://www.woolworths.com.au/shop/productdetails/54536/korbond-bunting-set-with-confetti-balloons-garlands,https://cdn0.woolworths.media/content/wowproductimages/medium/054536.jpg,2020-09-20 15:36:09,,0,,True
b85f60d3-6f8b-4806-ae4d-3697fbe42071,Woolworths Supermarket,Household,Korbond Rainbow Streamers 6pk 91g,054537,$3.00,$0.50 / 1EA,https://www.woolworths.com.au/shop/productdetails/54537/korbond-rainbow-streamers-6pk,https://cdn0.woolworths.media/content/wowproductimages/medium/054537.jpg,2020-09-20 15:36:09,,0,,True
0b954aaf-6e7e-4c6c-926d-fb532ae6fa59,Woolworths Supermarket,Household,Korbond Happy Birthday Plaque With Gold & Silver Candles 15g,054538,$2.50,$2.50 / 1EA,https://www.woolworths.com.au/shop/productdetails/54538/korbond-happy-birthday-plaque-with-gold-silver-candles,https://cdn0.woolworths.media/content/wowproductimages/medium/054538.jpg,2020-09-20 15:36:09,,0,,True
128661f5-6ed2-4535-8f38-d0949eeddb3e,Woolworths Supermarket,Household,Korbond 3d Happy Birthday Cake Banner On Picks 17g,054542,$3.00,$3.00 / 1EA,https://www.woolworths.com.au/shop/productdetails/54542/korbond-3d-happy-birthday-cake-banner-on-picks,https://cdn0.woolworths.media/content/wowproductimages/medium/054542.jpg,2020-09-20 15:36:09,,0,,True
347c2e73-8078-4579-bd08-4cede90aa1a7,Woolworths Supermarket,Household,Finish Powder Concentrate Classic Lemon 1kg,705056,$12.00,$1.20 / 100G,https://www.woolworths.com.au/shop/productdetails/705056/finish-powder-concentrate-classic-lemon,https://cdn0.woolworths.media/content/wowproductimages/medium/705056.jpg,2020-09-20 15:36:09,,0,,True
1d965d91-1193-415e-9072-78c7fc6d555f,Woolworths Supermarket,Household,Morning Fresh Dishwashing Liquid Raspberry & Crisp Apple 900ml,588994,$3.75,$0.42 / 100ML,https://www.woolworths.com.au/shop/productdetails/588994/morning-fresh-dishwashing-liquid-raspberry-crisp-apple,https://cdn0.woolworths.media/content/wowproductimages/medium/588994.jpg,2020-09-20 15:36:09,,0,,True
267361d5-fde5-4171-b8f4-4fecdec355aa,Woolworths Supermarket,Household,Handee Ultra Paper Towel White 3 pack,252037,$4.40,$2.44 / 100SS,https://www.woolworths.com.au/shop/productdetails/252037/handee-ultra-paper-towel-white,https://cdn0.woolworths.media/content/wowproductimages/medium/252037.jpg,2020-09-20 15:36:09,,0,,True
4a1744a1-80d1-41aa-aef3-eaf370e7945d,Woolworths Supermarket,Household,Handee Ultra Paper Towel White 2 pack,019787,$3.50,$2.92 / 100SS,https://www.woolworths.com.au/shop/productdetails/19787/handee-ultra-paper-towel-white,https://cdn0.woolworths.media/content/wowproductimages/medium/019787.jpg,2020-09-20 15:36:09,,0,,True
2bb2e9fc-e5f9-41fa-ab45-16d494eed5bd,Woolworths Supermarket,Household,Quilton Tuffy Paper Towel White 4ply 3 pack,574728,$4.30,$2.39 / 100SS,https://www.woolworths.com.au/shop/productdetails/574728/quilton-tuffy-paper-towel-white-4ply,https://cdn0.woolworths.media/content/wowproductimages/medium/574728.jpg,2020-09-20 15:36:09,,0,,True
259beadb-d914-4a65-8d27-6bc3bad96c49,Woolworths Supermarket,Household,Kleenex Facial Tissues Aloe Vera 140 pack,032969,$3.00,$2.14 / 100SS,https://www.woolworths.com.au/shop/productdetails/32969/kleenex-facial-tissues-aloe-vera,https://cdn0.woolworths.media/content/wowproductimages/medium/032969.jpg,2020-09-20 15:36:09,,0,Was $3.85 20/01/2020,True
9de9dadd-f474-4892-87f2-016e69d8ea61,Woolworths Supermarket,Household,Quilton Tuffy Paper Towel Triple Length 2 pack,785317,$6.00,$1.67 / 100SS,https://www.woolworths.com.au/shop/productdetails/785317/quilton-tuffy-paper-towel-triple-length,https://cdn0.woolworths.media/content/wowproductimages/medium/785317.jpg,2020-09-20 15:36:09,,0,Was $6.80 06/07/2020,True
c93a0c15-1b8d-4567-bd31-d540d2d7557f,Woolworths Supermarket,Household,Armada Baking Paper 15m,252787,$2.70,$0.18 / 1M,https://www.woolworths.com.au/shop/productdetails/252787/armada-baking-paper,https://cdn0.woolworths.media/content/wowproductimages/medium/252787.jpg,2020-09-20 15:36:09,,0,,True
5d016aa8-36e3-452a-bd2d-1e39f352456d,Woolworths Supermarket,Household,Armada Large Kitchen Tidy Bag Lavender/lemon Scented 25 pack,517111,$2.00,$0.08 / 1EA,https://www.woolworths.com.au/shop/productdetails/517111/armada-large-kitchen-tidy-bag-lavender-lemon-scented,https://cdn0.woolworths.media/content/wowproductimages/medium/517111.jpg,2020-09-20 15:36:09,Average product rating out of 5: 4.5. Product score is based on 602 ratings,602,Was $2.50 17/09/2018,True
cbdf0793-8096-4d46-b7ab-aebcc1c18949,Woolworths Supermarket,Household,Shine Rinse Aid 500ml,686173,$2.90,$0.58 / 100ML,https://www.woolworths.com.au/shop/productdetails/686173/shine-rinse-aid,https://cdn0.woolworths.media/content/wowproductimages/medium/686173.jpg,2020-09-20 15:36:09,Average product rating out of 5: 4.8. Product score is based on 19 ratings,19,,True
87f657d9-8651-4a85-bd9f-10ef01bd9720,Woolworths Supermarket,Household,Essentials Facial Tissues 224 pack,759496,$1.00,$0.45 / 100SS,https://www.woolworths.com.au/shop/productdetails/759496/essentials-facial-tissues,https://cdn0.woolworths.media/content/wowproductimages/medium/759496.jpg,2020-09-20 15:36:09,Average product rating out of 5: 3.9. Product score is based on 672 ratings,672,,True
2d573330-1ea1-4b53-8f24-c8fc5b985e2d,Woolworths Supermarket,Household,Armada Freezer Bags Medium 80 pack,036286,$0.60,$0.01 / 1EA,https://www.woolworths.com.au/shop/productdetails/36286/armada-freezer-bags-medium,https://cdn0.woolworths.media/content/wowproductimages/medium/036286.jpg,2020-09-20 15:36:09,Average product rating out of 5: 4.5. Product score is based on 107 ratings,107,,True
98e35f1b-c7f8-4fd9-b9a3-4905650211d0,Woolworths Supermarket,Household,Kleenex Facial Tissues 200 pack,063899,$2.00,$1.00 / 100SS,https://www.woolworths.com.au/shop/productdetails/63899/kleenex-facial-tissues,https://cdn0.woolworths.media/content/wowproductimages/medium/063899.jpg,2020-09-20 15:36:09,,0,Was $2.20 26/02/2020,True
84748fd0-aee9-4569-a56b-4be3944e6cef,Woolworths Supermarket,Household,Kleenex Facial Tissues Large & Thick Silk Touch 3ply 95 pack,172610,$2.60,$2.74 / 100SS,https://www.woolworths.com.au/shop/productdetails/172610/kleenex-facial-tissues-large-thick-silk-touch-3ply,https://cdn0.woolworths.media/content/wowproductimages/medium/172610.jpg,2020-09-20 15:36:09,,0,,True
c3d2207d-e3a4-40b3-a20d-697c8aecfeff,Woolworths Supermarket,Household,Viva Paper Towel White 3 pack,249921,$4.00,$2.22 / 100SS,https://www.woolworths.com.au/shop/productdetails/249921/viva-paper-towel-white,https://cdn0.woolworths.media/content/wowproductimages/medium/249921.jpg,2020-09-20 15:36:09,,0,Was $4.90 26/10/2017,True
73940bdb-b172-48f1-9a55-3c5a2b58d866,Woolworths Supermarket,Household,Strike Disinfectant Wipes Lemon 100 pack,518438,$3.50,$0.04 / 1EA,https://www.woolworths.com.au/shop/productdetails/518438/strike-disinfectant-wipes-lemon,https://cdn0.woolworths.media/content/wowproductimages/medium/518438.jpg,2020-09-20 15:36:09,Average product rating out of 5: 4.3. Product score is based on 2496 ratings,2496,,True
f8efb8ff-283b-479e-949d-d4b51db1153a,Woolworths Supermarket,Household,Quilton 2ply Tissue Hypo-allergenic 250 pack,644239,$2.50,$1.00 / 100SS,https://www.woolworths.com.au/shop/productdetails/644239/quilton-2ply-tissue-hypo-allergenic,https://cdn0.woolworths.media/content/wowproductimages/medium/644239.jpg,2020-09-20 15:36:09,,0,,True
c9fce496-17d6-4e4c-ac99-ee8db4d18df5,Woolworths Supermarket,Household,Viva Paper Towel White 2 pack,176852,$1.75,$1.46 / 100SS,https://www.woolworths.com.au/shop/productdetails/176852/viva-paper-towel-white,https://cdn0.woolworths.media/content/wowproductimages/medium/176852.jpg,2020-09-20 15:36:09,,0,,True
8d0a32c9-ea0a-42cb-a119-1fc53b50b507,Woolworths Supermarket,Household,Quilton Facial Tissues Soft White 95pk,829630,$1.25,$1.32 / 100SS,https://www.woolworths.com.au/shop/productdetails/829630/quilton-facial-tissues-soft-white,https://cdn0.woolworths.media/content/wowproductimages/medium/829630.jpg,2020-09-20 15:36:09,,0,,True
6487216b-34fe-435f-bb6f-4180ced80264,Woolworths Supermarket,Household,Glad Baking Paper 25m,299138,$6.00,$0.24 / 1M,https://www.woolworths.com.au/shop/productdetails/299138/glad-baking-paper,https://cdn0.woolworths.media/content/wowproductimages/medium/299138.jpg,2020-09-20 15:36:09,,0,,True
34b0c341-6fa4-4c7e-a333-fc40909024bd,Woolworths Supermarket,Household,Korbond Happy Birthday Candle On Picks Glitter 13 pack,054543,$3.00,$0.23 / 1EA,https://www.woolworths.com.au/shop/productdetails/54543/korbond-happy-birthday-candle-on-picks-glitter,https://cdn0.woolworths.media/content/wowproductimages/medium/054543.jpg,2020-09-20 15:36:09,,0,,True
e383b027-b102-4ff4-a55e-b9ba298b6e72,Woolworths Supermarket,Household,Korbond Happy Birthday Plaque With Coloured Candles 31g,054544,$2.50,$2.50 / 1EA,https://www.woolworths.com.au/shop/productdetails/54544/korbond-happy-birthday-plaque-with-coloured-candles,https://cdn0.woolworths.media/content/wowproductimages/medium/054544.jpg,2020-09-20 15:36:09,,0,,True
85f3478b-dc1c-4f7b-a426-7613ea079a98,Woolworths Supermarket,Household,Korbond Party Novelty Birthday Ribbon 15g,054545,$2.50,$2.50 / 1EA,https://www.woolworths.com.au/shop/productdetails/54545/korbond-party-novelty-birthday-ribbon,https://cdn0.woolworths.media/content/wowproductimages/medium/054545.jpg,2020-09-20 15:36:09,,0,,True
45c37766-c050-48f6-8cc8-e731732e427a,Woolworths Supermarket,Household,Korbond Party Blowout With Frills 8 pack,054546,$2.00,$0.25 / 1EA,https://www.woolworths.com.au/shop/productdetails/54546/korbond-party-blowout-with-frills,https://cdn0.woolworths.media/content/wowproductimages/medium/054546.jpg,2020-09-20 15:36:09,,0,,True
7b566647-cc99-47dd-92b4-977e21e36f7f,Woolworths Supermarket,Household,Korbond Congratulations Foil Balloons Metallic Set 100g,054552,$10.00,$10.00 / 1EA,https://www.woolworths.com.au/shop/productdetails/54552/korbond-congratulations-foil-balloons-metallic-set,https://cdn0.woolworths.media/content/wowproductimages/medium/054552.jpg,2020-09-20 15:36:09,,0,,True
0a8886cb-2c33-42df-9ba8-5c29179af631,Woolworths Supermarket,Household,Korbond Invitation Cards 10 pack,054554,$3.00,$0.30 / 1EA,https://www.woolworths.com.au/shop/productdetails/54554/korbond-invitation-cards,https://cdn0.woolworths.media/content/wowproductimages/medium/054554.jpg,2020-09-20 15:36:09,,0,,True
1c0bde36-00fd-4df4-90b4-e4437b73a75a,Woolworths Supermarket,Household,Korbond Party Blowouts 20 pack,054556,$3.00,$0.15 / 1EA,https://www.woolworths.com.au/shop/productdetails/54556/korbond-party-blowouts,https://cdn0.woolworths.media/content/wowproductimages/medium/054556.jpg,2020-09-20 15:36:09,,0,,True
6665f373-db3c-4138-88ee-c674f24d9f46,Woolworths Supermarket,Household,Korbond Party Lolly Bags Clear With Ties 30 pack,054558,$2.00,$0.07 / 1EA,https://www.woolworths.com.au/shop/productdetails/54558/korbond-party-lolly-bags-clear-with-ties,https://cdn0.woolworths.media/content/wowproductimages/medium/054558.jpg,2020-09-20 15:36:09,,0,,True
36847796-b47d-4fc5-b5ae-6bb513bc65e8,Woolworths Supermarket,Household,Korbond Party Table Cloth With Coloured Dots 62.7g,054559,$2.50,$2.50 / 1EA,https://www.woolworths.com.au/shop/productdetails/54559/korbond-party-table-cloth-with-coloured-dots,https://cdn0.woolworths.media/content/wowproductimages/medium/054559.jpg,2020-09-20 15:36:09,,0,,True
739d59cc-55b9-4466-a900-eed35e3428f8,Woolworths Supermarket,Household,Korbond Party Candle Metallics Number 1 19g,054568,$1.50,$1.50 / 1EA,https://www.woolworths.com.au/shop/productdetails/54568/korbond-party-candle-metallics-number-1,https://cdn0.woolworths.media/content/wowproductimages/medium/054568.jpg,2020-09-20 15:36:09,,0,,True
167e1c1e-7691-48ad-8b5f-9b8d483b7676,Woolworths Supermarket,Household,Korbond Party Candle Metallics Number 2 19g,054569,$1.50,$1.50 / 1EA,https://www.woolworths.com.au/shop/productdetails/54569/korbond-party-candle-metallics-number-2,https://cdn0.woolworths.media/content/wowproductimages/medium/054569.jpg,2020-09-20 15:36:09,,0,,True
6d436d70-b27a-42ce-b452-3f769fe4c498,Woolworths Supermarket,Household,Korbond Party Candle Metallics Number 3 19g,054570,$1.50,$1.50 / 1EA,https://www.woolworths.com.au/shop/productdetails/54570/korbond-party-candle-metallics-number-3,https://cdn0.woolworths.media/content/wowproductimages/medium/054570.jpg,2020-09-20 15:36:09,,0,,True
aec5401f-6e70-4571-aa2c-18902a97ba24,Woolworths Supermarket,Household,Korbond Party Candle Metallics Number 4 19g,054571,$1.50,$1.50 / 1EA,https://www.woolworths.com.au/shop/productdetails/54571/korbond-party-candle-metallics-number-4,https://cdn0.woolworths.media/content/wowproductimages/medium/054571.jpg,2020-09-20 15:36:09,,0,,True
6a96d5b1-cd68-4a06-a63c-cb9df7825b7f,Woolworths Supermarket,Household,Korbond Party Candle Metallics Number 5 19g,054592,$1.50,$1.50 / 1EA,https://www.woolworths.com.au/shop/productdetails/54592/korbond-party-candle-metallics-number-5,https://cdn0.woolworths.media/content/wowproductimages/medium/054592.jpg,2020-09-20 15:36:09,,0,,True
4a452fac-3a69-4dae-9263-474bebdeed6c,Woolworths Supermarket,Household,Korbond Party Candle Metallics Number 6 19g,054594,$1.50,$1.50 / 1EA,https://www.woolworths.com.au/shop/productdetails/54594/korbond-party-candle-metallics-number-6,https://cdn0.woolworths.media/content/wowproductimages/medium/054594.jpg,2020-09-20 15:36:09,,0,,True
4f63539a-98e0-4f7b-b764-ee14722d9553,Woolworths Supermarket,Household,Culinare Magican Can Opener each,054712,$16.00,,https://www.woolworths.com.au/shop/productdetails/54712/culinare-magican-can-opener,https://cdn0.woolworths.media/content/wowproductimages/medium/054712.jpg,2020-09-20 15:36:09,,0,,True
037af4a6-2db4-4ec0-bd54-72f9ccde0d07,Woolworths Supermarket,Household,Elmer's Glow In The Dark Glue Pink 147ml,054849,$10.00,,https://www.woolworths.com.au/shop/productdetails/54849/elmer-s-glow-in-the-dark-glue-pink,https://cdn0.woolworths.media/content/wowproductimages/medium/054849.jpg,2020-09-20 15:36:09,,0,,True
6d2053f1-deb9-4c39-995c-8067bd72d526,Woolworths Supermarket,Household,Elmer's Glow In The Dark Glue Blue 147ml,054850,$10.00,,https://www.woolworths.com.au/shop/productdetails/54850/elmer-s-glow-in-the-dark-glue-blue,https://cdn0.woolworths.media/content/wowproductimages/medium/054850.jpg,2020-09-20 15:36:09,,0,,True
63b69b19-f4a4-444a-a102-5a1449355235,Woolworths Supermarket,Household,Brita Classic Filter 3 pack,054952,$25.00,,https://www.woolworths.com.au/shop/productdetails/54952/brita-classic-filter,https://cdn0.woolworths.media/content/wowproductimages/medium/054952.jpg,2020-09-20 15:36:09,,0,,True
de6da4b2-f89b-420b-af65-965764ee0a57,Woolworths Supermarket,Household,Brita Limescale Filter Cartridge 3 pack,054955,$29.00,,https://www.woolworths.com.au/shop/productdetails/54955/brita-limescale-filter-cartridge,https://cdn0.woolworths.media/content/wowproductimages/medium/054955.jpg,2020-09-20 15:36:09,,0,,True
b23fcc42-1c22-48a5-89fc-9aef828beca0,Woolworths Supermarket,Household,Mr Clean Microfibre Cloth each,055055,$4.00,$4.00 / 1EA,https://www.woolworths.com.au/shop/productdetails/55055/mr-clean-microfibre-cloth,https://cdn0.woolworths.media/content/wowproductimages/medium/055055.jpg,2020-09-20 15:36:09,,0,,True
425dd0b8-3ac1-4f1b-94a4-cf41de7affe6,Woolworths Supermarket,Household,Paperclick Notebook Fashion Assorted each,055226,$4.00,,https://www.woolworths.com.au/shop/productdetails/55226/paperclick-notebook-fashion-assorted,https://cdn0.woolworths.media/content/wowproductimages/medium/055226.jpg,2020-09-20 15:36:09,,0,Designs may vary,True
00c81ea8-9fd1-4f61-afa2-fbedf066400c,Woolworths Supermarket,Household,Paperclick A4 10 Tab Divider each,055227,$2.50,,https://www.woolworths.com.au/shop/productdetails/55227/paperclick-a4-10-tab-divider,https://cdn0.woolworths.media/content/wowproductimages/medium/055227.jpg,2020-09-20 15:36:09,,0,,True
53fb87a2-0518-47aa-bb70-207d5bab3bd5,Woolworths Supermarket,Household,Paperclick Document Folder Assorted 10 pack,055228,$4.00,,https://www.woolworths.com.au/shop/productdetails/55228/paperclick-document-folder-assorted,https://cdn0.woolworths.media/content/wowproductimages/medium/055228.jpg,2020-09-20 15:36:09,,0,Designs may vary,True
4f3912dd-621b-4f1a-9d59-8d96247a4db6,Woolworths Supermarket,Household,Finish Powder Concentrate Classic Lemon 1kg,705056,$12.00,$1.20 / 100G,https://www.woolworths.com.au/shop/productdetails/705056/finish-powder-concentrate-classic-lemon,https://cdn0.woolworths.media/content/wowproductimages/medium/705056.jpg,2020-09-20 15:36:09,,0,,True
8fc13fbf-9113-4b1c-b637-944c0b0c77b8,Woolworths Supermarket,Household,Kleenex Facial Tissues Large & Thick Silk Touch 3ply 95 pack,172610,$2.60,$2.74 / 100SS,https://www.woolworths.com.au/shop/productdetails/172610/kleenex-facial-tissues-large-thick-silk-touch-3ply,https://cdn0.woolworths.media/content/wowproductimages/medium/172610.jpg,2020-09-20 15:36:09,,0,,True
1d4593c8-27ff-49e2-98ee-bd3e4ab2a697,Woolworths Supermarket,Household,Glad Baking Paper 25m,299138,$6.00,$0.24 / 1M,https://www.woolworths.com.au/shop/productdetails/299138/glad-baking-paper,https://cdn0.woolworths.media/content/wowproductimages/medium/299138.jpg,2020-09-20 15:36:09,,0,,True
d40006fd-b63b-4749-b769-8a62a61214ec,Woolworths Supermarket,Household,Viva Paper Towel White 2 pack,176852,$1.75,$1.46 / 100SS,https://www.woolworths.com.au/shop/productdetails/176852/viva-paper-towel-white,https://cdn0.woolworths.media/content/wowproductimages/medium/176852.jpg,2020-09-20 15:36:09,,0,,True
6b865cca-46a3-4ecb-bfd8-45bdfd915f73,Woolworths Supermarket,Household,Armada Freezer Bags Medium 80 pack,036286,$0.60,$0.01 / 1EA,https://www.woolworths.com.au/shop/productdetails/36286/armada-freezer-bags-medium,https://cdn0.woolworths.media/content/wowproductimages/medium/036286.jpg,2020-09-20 15:36:09,Average product rating out of 5: 4.5. Product score is based on 107 ratings,107,,True
235b6871-35be-47c7-b123-f465b217b006,Woolworths Supermarket,Household,Essentials Facial Tissues 224 pack,759496,$1.00,$0.45 / 100SS,https://www.woolworths.com.au/shop/productdetails/759496/essentials-facial-tissues,https://cdn0.woolworths.media/content/wowproductimages/medium/759496.jpg,2020-09-20 15:36:09,Average product rating out of 5: 3.9. Product score is based on 672 ratings,672,,True
39241fc9-c965-4e19-a8d0-dbf86b5cf285,Woolworths Supermarket,Household,Kleenex Facial Tissues 200 pack,063899,$2.00,$1.00 / 100SS,https://www.woolworths.com.au/shop/productdetails/63899/kleenex-facial-tissues,https://cdn0.woolworths.media/content/wowproductimages/medium/063899.jpg,2020-09-20 15:36:09,,0,Was $2.20 26/02/2020,True
0d1252b0-4fae-40f6-82ca-c681919c1d4e,Woolworths Supermarket,Household,Kleenex Facial Tissues Aloe Vera 140 pack,032969,$3.00,$2.14 / 100SS,https://www.woolworths.com.au/shop/productdetails/32969/kleenex-facial-tissues-aloe-vera,https://cdn0.woolworths.media/content/wowproductimages/medium/032969.jpg,2020-09-20 15:36:09,,0,Was $3.85 20/01/2020,True
ad2b1738-5402-4ee8-ba79-6cb1cff4bfbf,Woolworths Supermarket,Household,Quilton 2ply Tissue Hypo-allergenic 250 pack,644239,$2.50,$1.00 / 100SS,https://www.woolworths.com.au/shop/productdetails/644239/quilton-2ply-tissue-hypo-allergenic,https://cdn0.woolworths.media/content/wowproductimages/medium/644239.jpg,2020-09-20 15:36:09,,0,,True
bcc8f953-c4b8-4c8f-9f6e-ca124a1b6ded,Woolworths Supermarket,Household,Armada Large Kitchen Tidy Bag Lavender/lemon Scented 25 pack,517111,$2.00,$0.08 / 1EA,https://www.woolworths.com.au/shop/productdetails/517111/armada-large-kitchen-tidy-bag-lavender-lemon-scented,https://cdn0.woolworths.media/content/wowproductimages/medium/517111.jpg,2020-09-20 15:36:09,Average product rating out of 5: 4.5. Product score is based on 602 ratings,602,Was $2.50 17/09/2018,True
828e277c-45be-4efe-8f42-7a8717640534,Woolworths Supermarket,Household,Viva Paper Towel White 3 pack,249921,$4.00,$2.22 / 100SS,https://www.woolworths.com.au/shop/productdetails/249921/viva-paper-towel-white,https://cdn0.woolworths.media/content/wowproductimages/medium/249921.jpg,2020-09-20 15:36:09,,0,Was $4.90 26/10/2017,True
f9a3a621-eaa2-4858-a223-d87fac02ca69,Woolworths Supermarket,Household,Handee Ultra Paper Towel White 2 pack,019787,$3.50,$2.92 / 100SS,https://www.woolworths.com.au/shop/productdetails/19787/handee-ultra-paper-towel-white,https://cdn0.woolworths.media/content/wowproductimages/medium/019787.jpg,2020-09-20 15:36:09,,0,,True
98d4d487-459d-4ae2-9f1b-e4e5f756b652,Woolworths Supermarket,Household,Quilton Tuffy Paper Towel Triple Length 2 pack,785317,$6.00,$1.67 / 100SS,https://www.woolworths.com.au/shop/productdetails/785317/quilton-tuffy-paper-towel-triple-length,https://cdn0.woolworths.media/content/wowproductimages/medium/785317.jpg,2020-09-20 15:36:09,,0,Was $6.80 06/07/2020,True
5147dbfc-baf4-4ce2-ad26-1941bf8caa35,Woolworths Supermarket,Household,Strike Disinfectant Wipes Lemon 100 pack,518438,$3.50,$0.04 / 1EA,https://www.woolworths.com.au/shop/productdetails/518438/strike-disinfectant-wipes-lemon,https://cdn0.woolworths.media/content/wowproductimages/medium/518438.jpg,2020-09-20 15:36:09,Average product rating out of 5: 4.3. Product score is based on 2496 ratings,2496,,True
14a86711-510d-49bc-bb0f-de2a591ad366,Woolworths Supermarket,Household,Handee Ultra Paper Towel White 3 pack,252037,$4.40,$2.44 / 100SS,https://www.woolworths.com.au/shop/productdetails/252037/handee-ultra-paper-towel-white,https://cdn0.woolworths.media/content/wowproductimages/medium/252037.jpg,2020-09-20 15:36:09,,0,,True
9c91c898-9a80-4954-86e2-5bb035c25024,Woolworths Supermarket,Household,Shine Rinse Aid 500ml,686173,$2.90,$0.58 / 100ML,https://www.woolworths.com.au/shop/productdetails/686173/shine-rinse-aid,https://cdn0.woolworths.media/content/wowproductimages/medium/686173.jpg,2020-09-20 15:36:09,Average product rating out of 5: 4.8. Product score is based on 19 ratings,19,,True
89f55050-4794-4118-9b4d-385586555c69,Woolworths Supermarket,Household,Armada Baking Paper 15m,252787,$2.70,$0.18 / 1M,https://www.woolworths.com.au/shop/productdetails/252787/armada-baking-paper,https://cdn0.woolworths.media/content/wowproductimages/medium/252787.jpg,2020-09-20 15:36:09,,0,,True
08fb56ac-eadd-455d-bc0c-ec9d31aa4534,Woolworths Supermarket,Household,Quilton Tuffy Paper Towel White 4ply 3 pack,574728,$4.30,$2.39 / 100SS,https://www.woolworths.com.au/shop/productdetails/574728/quilton-tuffy-paper-towel-white-4ply,https://cdn0.woolworths.media/content/wowproductimages/medium/574728.jpg,2020-09-20 15:36:09,,0,,True
87c0c20e-b09d-4aee-981b-06ceffd45861,Woolworths Supermarket,Household,Quilton Facial Tissues Soft White 95pk,829630,$1.25,$1.32 / 100SS,https://www.woolworths.com.au/shop/productdetails/829630/quilton-facial-tissues-soft-white,https://cdn0.woolworths.media/content/wowproductimages/medium/829630.jpg,2020-09-20 15:36:09,,0,,True
d9c9afcd-3042-45f3-87c2-53b37e8ce1b0,Woolworths Supermarket,Household,Morning Fresh Dishwashing Liquid Raspberry & Crisp Apple 900ml,588994,$3.75,$0.42 / 100ML,https://www.woolworths.com.au/shop/productdetails/588994/morning-fresh-dishwashing-liquid-raspberry-crisp-apple,https://cdn0.woolworths.media/content/wowproductimages/medium/588994.jpg,2020-09-20 15:36:09,,0,,True
76e94e43-ba45-4983-9df4-04060b049d03,Woolworths Supermarket,Household,Paperclick Wooden Hb Pencils 6 pack,055232,$2.00,,https://www.woolworths.com.au/shop/productdetails/55232/paperclick-wooden-hb-pencils,https://cdn0.woolworths.media/content/wowproductimages/medium/055232.jpg,2020-09-20 15:36:09,,0,,True
edca0f61-f286-4ee0-836a-7eac43258fa4,Woolworths Supermarket,Household,Paperclick Glue Stick 2 pack,055242,$3.00,,https://www.woolworths.com.au/shop/productdetails/55242/paperclick-glue-stick,https://cdn0.woolworths.media/content/wowproductimages/medium/055242.jpg,2020-09-20 15:36:09,,0,,True
cfbf1e36-32f1-41fb-970c-82127f972147,Woolworths Supermarket,Household,Paperclick Assorted Pens With Lid 50 pack,055290,$5.00,,https://www.woolworths.com.au/shop/productdetails/55290/paperclick-assorted-pens-with-lid,https://cdn0.woolworths.media/content/wowproductimages/medium/055290.jpg,2020-09-20 15:36:09,,0,,True
1dd25807-540f-4983-a266-e1799bdd3c63,Woolworths Supermarket,Household,Refresh Your Car Gel Can Fresh Linen 120g,055360,$5.60,$5.60 / 1EA,https://www.woolworths.com.au/shop/productdetails/55360/refresh-your-car-gel-can-fresh-linen,https://cdn0.woolworths.media/content/wowproductimages/medium/055360.jpg,2020-09-20 15:36:09,,0,,True
45628124-bf16-42c2-b709-33d2a8941665,Woolworths Supermarket,Household,Woolworths Bbq Foil Tray Small 4 pack,055498,$4.00,$1.00 / 1EA,https://www.woolworths.com.au/shop/productdetails/55498/woolworths-bbq-foil-tray-small,https://cdn0.woolworths.media/content/wowproductimages/medium/055498.jpg,2020-09-20 15:36:09,,0,,True
974e7ae9-56de-4c87-85e7-616d0466c1c5,Woolworths Supermarket,Household,Wheels Magazine each,055560,$10.95,,https://www.woolworths.com.au/shop/productdetails/55560/wheels-magazine,https://cdn0.woolworths.media/content/wowproductimages/medium/055560.jpg,2020-09-20 15:36:09,,0,,True
39fb6b44-2af4-4ad1-9ef8-d772c1c51de5,Woolworths Supermarket,Household,Gourmet Traveller Magazine each,055573,$9.99,,https://www.woolworths.com.au/shop/productdetails/55573/gourmet-traveller-magazine,https://cdn0.woolworths.media/content/wowproductimages/medium/055573.jpg,2020-09-20 15:36:09,,0,,True
dc35df77-83de-4399-91ba-2a3393d1a02a,Woolworths Supermarket,Household,Woolworths Scrap Notebook 72 Page each,055831,$2.00,,https://www.woolworths.com.au/shop/productdetails/55831/woolworths-scrap-notebook-72-page,https://cdn0.woolworths.media/content/wowproductimages/medium/055831.jpg,2020-09-20 15:36:09,,0,,True
5e0e3538-f21c-4fcc-ab9d-ffe5839b81b8,Woolworths Supermarket,Household,Decor Tellfresh Storer Oblong Tall 3l,055883,$4.50,,https://www.woolworths.com.au/shop/productdetails/55883/decor-tellfresh-storer-oblong-tall,https://cdn0.woolworths.media/content/wowproductimages/medium/055883.jpg,2020-09-20 15:36:09,,0,,True
ccf4d67f-f775-47e0-9e26-c833066870c6,Woolworths Supermarket,Household,Samba Matches Twin Pack 100 pack,055891,$4.00,$4.00 / 100EA,https://www.woolworths.com.au/shop/productdetails/55891/samba-matches-twin-pack,https://cdn0.woolworths.media/content/wowproductimages/medium/055891.jpg,2020-09-20 15:36:09,,0,,True
025b830a-06ee-47c8-9fc3-979dc0fc6b09,Woolworths Supermarket,Household,Maseur Footcare Heel & Arch Insole Womens each,055892,$18.50,,https://www.woolworths.com.au/shop/productdetails/55892/maseur-footcare-heel-arch-insole-womens,https://cdn0.woolworths.media/content/wowproductimages/medium/055892.jpg,2020-09-20 15:36:09,,0,,True
27f498ef-f3b9-4fbf-ae19-ea0db8680631,Woolworths Supermarket,Household,Maseur Footcare Heel & Arch Insole Mens each,055893,$18.50,,https://www.woolworths.com.au/shop/productdetails/55893/maseur-footcare-heel-arch-insole-mens,https://cdn0.woolworths.media/content/wowproductimages/medium/055893.jpg,2020-09-20 15:36:09,,0,,True
633ee423-86ac-44c3-a213-667a97a8998e,Woolworths Supermarket,Household,Clean Laundry Soaker & In Wash Boost 1kg,055901,$2.49,$2.49 / 1KG,https://www.woolworths.com.au/shop/productdetails/55901/clean-laundry-soaker-in-wash-boost,https://cdn0.woolworths.media/content/wowproductimages/medium/055901.jpg,2020-09-20 15:36:09,,0,,True
51400787-1986-4e48-b36c-208a01f98983,Woolworths Supermarket,Household,Samba Firelighter Gel 1l,055939,$7.00,$0.70 / 100ML,https://www.woolworths.com.au/shop/productdetails/55939/samba-firelighter-gel,https://cdn0.woolworths.media/content/wowproductimages/medium/055939.jpg,2020-09-20 15:36:09,,0,,True
f740f383-94cc-4cf3-8a91-f8c835eea7d4,Woolworths Supermarket,Household,Bonds Explorer Socks Mens Black Size 6-10 each,056134,$14.00,,https://www.woolworths.com.au/shop/productdetails/56134/bonds-explorer-socks-mens-black-size-6-10,https://cdn0.woolworths.media/content/wowproductimages/medium/056134.jpg,2020-09-20 15:36:09,,0,Designs may vary,True
d31ac35c-6757-49fc-85bd-790c29ed7b80,Woolworths Supermarket,Household,Jack Hammer Paint Scraper 50mm each,056164,$6.00,,https://www.woolworths.com.au/shop/productdetails/56164/jack-hammer-paint-scraper-50mm,https://cdn0.woolworths.media/content/wowproductimages/medium/056164.jpg,2020-09-20 15:36:09,,0,,True
66572780-8546-4a8e-a752-861084831a1d,Woolworths Supermarket,Household,Jack Hammer Hex Keys 8 pack,056210,$6.00,,https://www.woolworths.com.au/shop/productdetails/56210/jack-hammer-hex-keys,https://cdn0.woolworths.media/content/wowproductimages/medium/056210.jpg,2020-09-20 15:36:09,,0,,True
033ed5bc-5d3b-444e-a75a-b93f8875e30b,Woolworths Supermarket,Household,Samba Smoking Chips Beef & Lamb 500g,056710,$8.00,$1.60 / 100G,https://www.woolworths.com.au/shop/productdetails/56710/samba-smoking-chips-beef-lamb,https://cdn0.woolworths.media/content/wowproductimages/medium/056710.jpg,2020-09-20 15:36:09,,0,,True
c9b37cfb-e527-4fad-a87f-da6d385fa62d,Woolworths Supermarket,Household,Telstra Essential Smart 2 4gx Black each,056795,$69.00,,https://www.woolworths.com.au/shop/productdetails/56795/telstra-essential-smart-2-4gx-black,https://cdn0.woolworths.media/content/wowproductimages/medium/056795.jpg,2020-09-20 15:36:09,,0,,True
c78d689d-6bbd-4750-a014-bfb3e9d7b795,Woolworths Supermarket,Household,Sonic B Profound Keyboard & Mouse Combo each,056827,$25.00,,https://www.woolworths.com.au/shop/productdetails/56827/sonic-b-profound-keyboard-mouse-combo,https://cdn0.woolworths.media/content/wowproductimages/medium/056827.jpg,2020-09-20 15:36:09,,0,,True
eb713496-86db-42f1-ad1c-8301b2d3baa9,Woolworths Supermarket,Household,Play-doh Toys Classic Colours each,057209,,,https://www.woolworths.com.au/shop/productdetails/57209/play-doh-toys-classic-colours,https://cdn0.woolworths.media/content/wowproductimages/medium/057209.jpg,2020-09-20 15:36:09,,0,,False
45161a4c-0dd9-4dca-b8ed-be10daacaa5e,Woolworths Supermarket,Household,Men In Black International Dvd each,057246,$10.00,,https://www.woolworths.com.au/shop/productdetails/57246/men-in-black-international-dvd,https://cdn0.woolworths.media/content/wowproductimages/medium/057246.jpg,2020-09-20 15:36:09,,0,,True
ad7c0a75-6fef-40fd-b92f-c03c700cf917,Woolworths Supermarket,Household,Ozkleen Shower Power Squeeze Pack 750ml,057247,$6.80,$0.91 / 100ML,https://www.woolworths.com.au/shop/productdetails/57247/ozkleen-shower-power-squeeze-pack,https://cdn0.woolworths.media/content/wowproductimages/medium/057247.jpg,2020-09-20 15:36:09,,0,,True
73d65b02-4f66-4754-b8f1-c9700392e02c,Woolworths Supermarket,Household,Armor All Extreme Tyre Shine 350g,057277,$13.50,,https://www.woolworths.com.au/shop/productdetails/57277/armor-all-extreme-tyre-shine,https://cdn0.woolworths.media/content/wowproductimages/medium/057277.jpg,2020-09-20 15:36:09,,0,,True
df801a75-6f21-4b3e-9598-c6e03b657e33,Woolworths Supermarket,Household,Finish Powder Concentrate Classic Lemon 1kg,705056,$12.00,$1.20 / 100G,https://www.woolworths.com.au/shop/productdetails/705056/finish-powder-concentrate-classic-lemon,https://cdn0.woolworths.media/content/wowproductimages/medium/705056.jpg,2020-09-20 15:36:09,,0,,True
d1144073-db2e-4427-ba94-80cabd2c3092,Woolworths Supermarket,Household,Morning Fresh Dishwashing Liquid Raspberry & Crisp Apple 900ml,588994,$3.75,$0.42 / 100ML,https://www.woolworths.com.au/shop/productdetails/588994/morning-fresh-dishwashing-liquid-raspberry-crisp-apple,https://cdn0.woolworths.media/content/wowproductimages/medium/588994.jpg,2020-09-20 15:36:09,,0,,True
4e93b186-b1dd-4599-817f-80978a9bb3f6,Woolworths Supermarket,Household,Quilton Facial Tissues Soft White 95pk,829630,$1.25,$1.32 / 100SS,https://www.woolworths.com.au/shop/productdetails/829630/quilton-facial-tissues-soft-white,https://cdn0.woolworths.media/content/wowproductimages/medium/829630.jpg,2020-09-20 15:36:09,,0,,True
39b3a4ff-89bf-4d09-a8a7-6ec6d9166d11,Woolworths Supermarket,Household,Quilton Tuffy Paper Towel Triple Length 2 pack,785317,$6.00,$1.67 / 100SS,https://www.woolworths.com.au/shop/productdetails/785317/quilton-tuffy-paper-towel-triple-length,https://cdn0.woolworths.media/content/wowproductimages/medium/785317.jpg,2020-09-20 15:36:09,,0,Was $6.80 06/07/2020,True
37b967f4-3a7e-41ec-bae1-9b45a42cdaaa,Woolworths Supermarket,Household,Viva Paper Towel White 2 pack,176852,$1.75,$1.46 / 100SS,https://www.woolworths.com.au/shop/productdetails/176852/viva-paper-towel-white,https://cdn0.woolworths.media/content/wowproductimages/medium/176852.jpg,2020-09-20 15:36:09,,0,,True
39a6b3a6-07a3-4d93-9391-f2a9373e041d,Woolworths Supermarket,Household,Glad Baking Paper 25m,299138,$6.00,$0.24 / 1M,https://www.woolworths.com.au/shop/productdetails/299138/glad-baking-paper,https://cdn0.woolworths.media/content/wowproductimages/medium/299138.jpg,2020-09-20 15:36:09,,0,,True
dcef0c9a-ee4a-41d1-a6bd-957203bc3180,Woolworths Supermarket,Household,Handee Ultra Paper Towel White 2 pack,019787,$3.50,$2.92 / 100SS,https://www.woolworths.com.au/shop/productdetails/19787/handee-ultra-paper-towel-white,https://cdn0.woolworths.media/content/wowproductimages/medium/019787.jpg,2020-09-20 15:36:09,,0,,True
abddcb19-0bac-4d83-be6b-caebcef10830,Woolworths Supermarket,Household,Armada Baking Paper 15m,252787,$2.70,$0.18 / 1M,https://www.woolworths.com.au/shop/productdetails/252787/armada-baking-paper,https://cdn0.woolworths.media/content/wowproductimages/medium/252787.jpg,2020-09-20 15:36:09,,0,,True
803f32cb-c514-4782-9875-48b6493249d0,Woolworths Supermarket,Household,Kleenex Facial Tissues 200 pack,063899,$2.00,$1.00 / 100SS,https://www.woolworths.com.au/shop/productdetails/63899/kleenex-facial-tissues,https://cdn0.woolworths.media/content/wowproductimages/medium/063899.jpg,2020-09-20 15:36:09,,0,Was $2.20 26/02/2020,True
530cae35-979a-4b59-bc41-ebef719ee604,Woolworths Supermarket,Household,Shine Rinse Aid 500ml,686173,$2.90,$0.58 / 100ML,https://www.woolworths.com.au/shop/productdetails/686173/shine-rinse-aid,https://cdn0.woolworths.media/content/wowproductimages/medium/686173.jpg,2020-09-20 15:36:09,Average product rating out of 5: 4.8. Product score is based on 19 ratings,19,,True
05db0fd1-28ae-4f0e-ab08-bf80650f8be6,Woolworths Supermarket,Household,Handee Ultra Paper Towel White 3 pack,252037,$4.40,$2.44 / 100SS,https://www.woolworths.com.au/shop/productdetails/252037/handee-ultra-paper-towel-white,https://cdn0.woolworths.media/content/wowproductimages/medium/252037.jpg,2020-09-20 15:36:09,,0,,True
e453e01a-f475-47da-958a-eb6b2d13281a,Woolworths Supermarket,Household,Kleenex Facial Tissues Aloe Vera 140 pack,032969,$3.00,$2.14 / 100SS,https://www.woolworths.com.au/shop/productdetails/32969/kleenex-facial-tissues-aloe-vera,https://cdn0.woolworths.media/content/wowproductimages/medium/032969.jpg,2020-09-20 15:36:09,,0,Was $3.85 20/01/2020,True
7649525b-515f-4bf0-ab5a-2cb4f4a38fa8,Woolworths Supermarket,Household,Armada Freezer Bags Medium 80 pack,036286,$0.60,$0.01 / 1EA,https://www.woolworths.com.au/shop/productdetails/36286/armada-freezer-bags-medium,https://cdn0.woolworths.media/content/wowproductimages/medium/036286.jpg,2020-09-20 15:36:09,Average product rating out of 5: 4.5. Product score is based on 107 ratings,107,,True
e382c7d3-8ed5-4887-a1d3-ae1d2a627c08,Woolworths Supermarket,Household,Quilton Tuffy Paper Towel White 4ply 3 pack,574728,$4.30,$2.39 / 100SS,https://www.woolworths.com.au/shop/productdetails/574728/quilton-tuffy-paper-towel-white-4ply,https://cdn0.woolworths.media/content/wowproductimages/medium/574728.jpg,2020-09-20 15:36:09,,0,,True
3ad89f6b-9022-4262-a312-0303dbe0f994,Woolworths Supermarket,Household,Strike Disinfectant Wipes Lemon 100 pack,518438,$3.50,$0.04 / 1EA,https://www.woolworths.com.au/shop/productdetails/518438/strike-disinfectant-wipes-lemon,https://cdn0.woolworths.media/content/wowproductimages/medium/518438.jpg,2020-09-20 15:36:09,Average product rating out of 5: 4.3. Product score is based on 2496 ratings,2496,,True
bc43baf1-e39e-4613-93aa-ce9b09d396a4,Woolworths Supermarket,Household,Armada Large Kitchen Tidy Bag Lavender/lemon Scented 25 pack,517111,$2.00,$0.08 / 1EA,https://www.woolworths.com.au/shop/productdetails/517111/armada-large-kitchen-tidy-bag-lavender-lemon-scented,https://cdn0.woolworths.media/content/wowproductimages/medium/517111.jpg,2020-09-20 15:36:09,Average product rating out of 5: 4.5. Product score is based on 602 ratings,602,Was $2.50 17/09/2018,True
93141e6a-625b-4cb9-81be-44543561c82f,Woolworths Supermarket,Household,Quilton 2ply Tissue Hypo-allergenic 250 pack,644239,$2.50,$1.00 / 100SS,https://www.woolworths.com.au/shop/productdetails/644239/quilton-2ply-tissue-hypo-allergenic,https://cdn0.woolworths.media/content/wowproductimages/medium/644239.jpg,2020-09-20 15:36:09,,0,,True
85501ef8-ecd4-4228-9598-f78979eb216b,Woolworths Supermarket,Household,Essentials Facial Tissues 224 pack,759496,$1.00,$0.45 / 100SS,https://www.woolworths.com.au/shop/productdetails/759496/essentials-facial-tissues,https://cdn0.woolworths.media/content/wowproductimages/medium/759496.jpg,2020-09-20 15:36:09,Average product rating out of 5: 3.9. Product score is based on 672 ratings,672,,True
955642f0-c721-4de7-b85d-aafac1caa562,Woolworths Supermarket,Household,Kleenex Facial Tissues Large & Thick Silk Touch 3ply 95 pack,172610,$2.60,$2.74 / 100SS,https://www.woolworths.com.au/shop/productdetails/172610/kleenex-facial-tissues-large-thick-silk-touch-3ply,https://cdn0.woolworths.media/content/wowproductimages/medium/172610.jpg,2020-09-20 15:36:09,,0,,True
17842414-6c49-43a3-b132-54ac48b39aca,Woolworths Supermarket,Household,Viva Paper Towel White 3 pack,249921,$4.00,$2.22 / 100SS,https://www.woolworths.com.au/shop/productdetails/249921/viva-paper-towel-white,https://cdn0.woolworths.media/content/wowproductimages/medium/249921.jpg,2020-09-20 15:36:09,,0,Was $4.90 26/10/2017,True
1b6e42b9-c2d4-4cbf-8957-a8891011e46d,Woolworths Supermarket,Household,Kiwi Dubbin Leather Cleaner Neutral 80g,057350,$4.15,$5.19 / 100G,https://www.woolworths.com.au/shop/productdetails/57350/kiwi-dubbin-leather-cleaner-neutral,https://cdn0.woolworths.media/content/wowproductimages/medium/057350.jpg,2020-09-20 15:36:09,,0,,True
423010a2-2f41-41e0-93d3-469f3e63f80d,Woolworths Supermarket,Household,Energizer Wearable Light each,057570,$15.00,$15.00 / 1EA,https://www.woolworths.com.au/shop/productdetails/57570/energizer-wearable-light,https://cdn0.woolworths.media/content/wowproductimages/medium/057570.jpg,2020-09-20 15:36:09,,0,,True
6637a533-617b-4d00-b3ae-7cca5947a74a,Woolworths Supermarket,Household,Energizer Batteries A23 4 pack,057615,$10.00,$2.50 / 1EA,https://www.woolworths.com.au/shop/productdetails/57615/energizer-batteries-a23,https://cdn0.woolworths.media/content/wowproductimages/medium/057615.jpg,2020-09-20 15:36:09,,0,,True
48748ced-79a9-4879-ab95-42ef1a74aa3f,Woolworths Supermarket,Household,Energizer Batteries 1632 2 pack,057616,$10.00,$5.00 / 1EA,https://www.woolworths.com.au/shop/productdetails/57616/energizer-batteries-1632,https://cdn0.woolworths.media/content/wowproductimages/medium/057616.jpg,2020-09-20 15:36:09,,0,,True
6e85992b-3a4e-4185-b42b-b10046d672ee,Woolworths Supermarket,Household,Energizer Batteries 1220 each,057617,$5.00,$5.00 / 1EA,https://www.woolworths.com.au/shop/productdetails/57617/energizer-batteries-1220,https://cdn0.woolworths.media/content/wowproductimages/medium/057617.jpg,2020-09-20 15:36:09,,0,,True
e30ee860-46b9-46ca-8302-6516bf30f339,Woolworths Supermarket,Household,Sard Wonder Super Power Stain Remover Powder 3kg,057636,$15.00,$5.00 / 1KG,https://www.woolworths.com.au/shop/productdetails/57636/sard-wonder-super-power-stain-remover-powder,https://cdn0.woolworths.media/content/wowproductimages/medium/057636.jpg,2020-09-20 15:36:09,,0,,True
2dd0315e-be45-4a0a-a424-d8db6f99f4b0,Woolworths Supermarket,Household,Energizer Batteries 1616 each,057705,$5.00,$5.00 / 1EA,https://www.woolworths.com.au/shop/productdetails/57705/energizer-batteries-1616,https://cdn0.woolworths.media/content/wowproductimages/medium/057705.jpg,2020-09-20 15:36:09,,0,,True
7bad5a19-bc36-4a7d-969e-28dd47a0403d,Woolworths Supermarket,Household,Ansell Gloves Silverlined Large Size 9 1 pair,057706,$2.30,$2.30 / 1EA,https://www.woolworths.com.au/shop/productdetails/57706/ansell-gloves-silverlined-large-size-9,https://cdn0.woolworths.media/content/wowproductimages/medium/057706.jpg,2020-09-20 15:36:09,,0,,True
b0528813-c8aa-4f77-833f-cc0d8c5fcf48,Woolworths Supermarket,Household,3m Command Mini Hooks Clear 6 pack,057771,$6.50,$1.08 / 1EA,https://www.woolworths.com.au/shop/productdetails/57771/3m-command-mini-hooks-clear,https://cdn0.woolworths.media/content/wowproductimages/medium/057771.jpg,2020-09-20 15:36:09,,0,,True
e05ab9ad-cd57-4f83-8f09-504f08c9232a,Woolworths Supermarket,Household,For Her Womens Socks Anklet Sport Size 2-8 3 pack,057941,$7.00,$2.33 / 1EA,https://www.woolworths.com.au/shop/productdetails/57941/for-her-womens-socks-anklet-sport-size-2-8,https://cdn0.woolworths.media/content/wowproductimages/medium/057941.jpg,2020-09-20 15:36:09,,0,Designs may vary,True
304b7e36-d2c4-4eaa-9891-e819b26906a6,Woolworths Supermarket,Household,Wd-40 Wd-40 Low Odour 255g,058182,$6.50,$2.55 / 100G,https://www.woolworths.com.au/shop/productdetails/58182/wd-40-wd-40-low-odour,https://cdn0.woolworths.media/content/wowproductimages/medium/058182.jpg,2020-09-20 15:36:09,,0,,True
fff3b7ea-8709-4d3b-8402-d3fa21e4ac36,Woolworths Supermarket,Household,Glad Kitchen Tidy Bag Wavetop Medium 40 pack,058479,$3.80,$0.10 / 1EA,https://www.woolworths.com.au/shop/productdetails/58479/glad-kitchen-tidy-bag-wavetop-medium,https://cdn0.woolworths.media/content/wowproductimages/medium/058479.jpg,2020-09-20 15:36:09,,0,,True
8eeba08a-3d49-46e7-b7aa-64dcca95ca66,Woolworths Supermarket,Household,Raid Max Auto Prime Advanced 185g,058595,$35.00,$18.92 / 100G,https://www.woolworths.com.au/shop/productdetails/58595/raid-max-auto-prime-advanced,https://cdn0.woolworths.media/content/wowproductimages/medium/058595.jpg,2020-09-20 15:36:09,,0,,True
23c2f572-cfbd-406f-bd20-8913f15c79c4,Woolworths Supermarket,Household,Bonds Ladies Boyleg Black Size 12 3 pack,058601,$15.00,$5.00 / 1EA,https://www.woolworths.com.au/shop/productdetails/58601/bonds-ladies-boyleg-black-size-12,https://cdn0.woolworths.media/content/wowproductimages/medium/058601.jpg,2020-09-20 15:36:09,,0,,True
f4defc0b-13d2-4de2-9643-127bded8d544,Woolworths Supermarket,Household,Raid Max Auto Refill Odourless 185g,058604,$17.50,$9.46 / 100G,https://www.woolworths.com.au/shop/productdetails/58604/raid-max-auto-refill-odourless,https://cdn0.woolworths.media/content/wowproductimages/medium/058604.jpg,2020-09-20 15:36:09,,0,,True
8a83ffe2-1d80-4066-80bf-f76e35c21930,Woolworths Supermarket,Household,Bonds Mens Edv Trunk Size S 2 pack,058606,$20.00,$10.00 / 1EA,https://www.woolworths.com.au/shop/productdetails/58606/bonds-mens-edv-trunk-size-s,https://cdn0.woolworths.media/content/wowproductimages/medium/058606.jpg,2020-09-20 15:36:09,,0,,True
069c81fb-d517-48dc-817d-50240de44190,Woolworths Supermarket,Household,Bonds Ladies Boyleg White Size 10 3 pack,058607,$15.00,$5.00 / 1EA,https://www.woolworths.com.au/shop/productdetails/58607/bonds-ladies-boyleg-white-size-10,https://cdn0.woolworths.media/content/wowproductimages/medium/058607.jpg,2020-09-20 15:36:09,,0,,True
d9d6a3a4-9e67-4750-8424-43f3762a3f5d,Woolworths Supermarket,Household,Bonds Womens Edv Boyleg Size 14 3 pack,058608,$15.00,$5.00 / 1EA,https://www.woolworths.com.au/shop/productdetails/58608/bonds-womens-edv-boyleg-size-14,https://cdn0.woolworths.media/content/wowproductimages/medium/058608.jpg,2020-09-20 15:36:09,,0,,True
1356eafb-bbcd-4d38-a680-185f13ce1a50,Woolworths Supermarket,Household,Vanish Gold Pro Stain Remover Spray 450ml,059044,$7.00,$15.56 / 1L,https://www.woolworths.com.au/shop/productdetails/59044/vanish-gold-pro-stain-remover-spray,https://cdn0.woolworths.media/content/wowproductimages/medium/059044.jpg,2020-09-20 15:36:09,,0,,True
68310567-3a9f-475f-976b-23b5daf6aceb,Woolworths Supermarket,Household,Pine O Cleen Washing Machine Cleaner Lemon Lime 250ml,059046,$6.00,$24.00 / 1L,https://www.woolworths.com.au/shop/productdetails/59046/pine-o-cleen-washing-machine-cleaner-lemon-lime,https://cdn0.woolworths.media/content/wowproductimages/medium/059046.jpg,2020-09-20 15:36:09,,0,,True
2628387d-b1c8-4b96-9520-8b4d27b07538,Woolworths Supermarket,Household,Vanish Gold Pro White Stain Remover Spray 450ml,059052,$7.00,$15.56 / 1L,https://www.woolworths.com.au/shop/productdetails/59052/vanish-gold-pro-white-stain-remover-spray,https://cdn0.woolworths.media/content/wowproductimages/medium/059052.jpg,2020-09-20 15:36:09,,0,,True
5a7b5114-70b2-407e-8470-4c1d03346647,Woolworths Supermarket,Household,Pine O Cleen Laundry Sanitiser Fresh Cotton 1.5l,059057,$12.00,$8.00 / 1L,https://www.woolworths.com.au/shop/productdetails/59057/pine-o-cleen-laundry-sanitiser-fresh-cotton,https://cdn0.woolworths.media/content/wowproductimages/medium/059057.jpg,2020-09-20 15:36:09,,0,,True
4343b3e6-11fb-4d60-9a56-88e222b7f5c3,Woolworths Supermarket,Household,Mortein Powergard Insect Auto Spray Odourless 154g,059120,$32.00,$20.78 / 100G,https://www.woolworths.com.au/shop/productdetails/59120/mortein-powergard-insect-auto-spray-odourless,https://cdn0.woolworths.media/content/wowproductimages/medium/059120.jpg,2020-09-20 15:36:09,,0,,True
36e9eae2-29aa-480b-baca-b5a0e63a5fcc,Woolworths Supermarket,Household,Mortein Powergard Crawling Insect Killer 350g,059124,$15.00,$4.29 / 100G,https://www.woolworths.com.au/shop/productdetails/59124/mortein-powergard-crawling-insect-killer,https://cdn0.woolworths.media/content/wowproductimages/medium/059124.jpg,2020-09-20 15:36:09,,0,,True
922166c6-692a-4594-8f9b-b890c014beb0,Woolworths Supermarket,Household,Multix Drawtight Roll Garbage Bags 56l 20pk,072563,$4.00,$0.20 / 1EA,https://www.woolworths.com.au/shop/productdetails/72563/multix-drawtight-roll-garbage-bags,https://cdn0.woolworths.media/content/wowproductimages/medium/072563.jpg,2020-09-20 15:36:09,,0,,True
202902dd-4d2c-4496-809a-068825d93f03,Woolworths Supermarket,Household,Handee Ultra Paper Towel White 2 pack,019787,$3.50,$2.92 / 100SS,https://www.woolworths.com.au/shop/productdetails/19787/handee-ultra-paper-towel-white,https://cdn0.woolworths.media/content/wowproductimages/medium/019787.jpg,2020-09-20 15:36:09,,0,,True
16e6394d-b7d5-47ad-967d-6bce80d464b1,Woolworths Supermarket,Household,Handee Ultra Paper Towel White 3 pack,252037,$4.40,$2.44 / 100SS,https://www.woolworths.com.au/shop/productdetails/252037/handee-ultra-paper-towel-white,https://cdn0.woolworths.media/content/wowproductimages/medium/252037.jpg,2020-09-20 15:36:09,,0,,True
98bc28e7-901b-49ef-b961-bf17590ec519,Woolworths Supermarket,Household,Glen 20 Disinfectant Spray Original Scent 300g,015587,$8.00,$2.67 / 100G,https://www.woolworths.com.au/shop/productdetails/15587/glen-20-disinfectant-spray-original-scent,https://cdn0.woolworths.media/content/wowproductimages/medium/015587.jpg,2020-09-20 15:36:09,,0,,True
11298e12-1501-4d04-b838-6bbe0490c25b,Woolworths Supermarket,Household,Viva Paper Towel White 3 pack,249921,$4.00,$2.22 / 100SS,https://www.woolworths.com.au/shop/productdetails/249921/viva-paper-towel-white,https://cdn0.woolworths.media/content/wowproductimages/medium/249921.jpg,2020-09-20 15:36:09,,0,Was $4.90 26/10/2017,True
022dee18-20f1-43ad-b794-88d62ef12a48,Woolworths Supermarket,Household,Glad Baking Paper 25m,299138,$6.00,$0.24 / 1M,https://www.woolworths.com.au/shop/productdetails/299138/glad-baking-paper,https://cdn0.woolworths.media/content/wowproductimages/medium/299138.jpg,2020-09-20 15:36:09,,0,,True
da37da41-39c9-4718-aa44-f4baf0a1e601,Woolworths Supermarket,Household,Quilton Tuffy Paper Towel Triple Length 2 pack,785317,$6.00,$1.67 / 100SS,https://www.woolworths.com.au/shop/productdetails/785317/quilton-tuffy-paper-towel-triple-length,https://cdn0.woolworths.media/content/wowproductimages/medium/785317.jpg,2020-09-20 15:36:09,,0,Was $6.80 06/07/2020,True
b2e4e6ef-dbb2-47d0-8576-f757056f664c,Woolworths Supermarket,Household,Shine Rinse Aid 500ml,686173,$2.90,$0.58 / 100ML,https://www.woolworths.com.au/shop/productdetails/686173/shine-rinse-aid,https://cdn0.woolworths.media/content/wowproductimages/medium/686173.jpg,2020-09-20 15:36:09,Average product rating out of 5: 4.8. Product score is based on 19 ratings,19,,True
2db6f751-df0b-49a1-b40d-be82c24dafe6,Woolworths Supermarket,Household,Omo Ultimate Laundry Detergent Powder Front & Top Loader 5kg,430629,$30.00,$6.00 / 1KG,https://www.woolworths.com.au/shop/productdetails/430629/omo-ultimate-laundry-detergent-powder-front-top-loader,https://cdn0.woolworths.media/content/wowproductimages/medium/430629.jpg,2020-09-20 15:36:09,,0,,True
c98134b4-a814-4da0-83bf-d76025797420,Woolworths Supermarket,Household,Morning Fresh Dishwashing Liquid Raspberry & Crisp Apple 900ml,588994,$3.75,$0.42 / 100ML,https://www.woolworths.com.au/shop/productdetails/588994/morning-fresh-dishwashing-liquid-raspberry-crisp-apple,https://cdn0.woolworths.media/content/wowproductimages/medium/588994.jpg,2020-09-20 15:36:09,,0,,True
71cec9c2-225d-443d-a933-0a1eb80fd05c,Woolworths Supermarket,Household,Kleenex Facial Tissues Aloe Vera 140 pack,032969,$3.00,$2.14 / 100SS,https://www.woolworths.com.au/shop/productdetails/32969/kleenex-facial-tissues-aloe-vera,https://cdn0.woolworths.media/content/wowproductimages/medium/032969.jpg,2020-09-20 15:36:09,,0,Was $3.85 20/01/2020,True
c081ca31-04f9-441a-adb8-bce8042c9a64,Woolworths Supermarket,Household,Comfort Fabric Conditioner Vanilla Orchid 750ml,861324,$6.99,$9.32 / 1L,https://www.woolworths.com.au/shop/productdetails/861324/comfort-fabric-conditioner-vanilla-orchid,https://cdn0.woolworths.media/content/wowproductimages/medium/861324.jpg,2020-09-20 15:36:09,,0,,True
7d223311-aa3e-4b11-a463-5b1ca546ff72,Woolworths Supermarket,Household,Essentials Facial Tissues 224 pack,759496,$1.00,$0.45 / 100SS,https://www.woolworths.com.au/shop/productdetails/759496/essentials-facial-tissues,https://cdn0.woolworths.media/content/wowproductimages/medium/759496.jpg,2020-09-20 15:36:09,Average product rating out of 5: 3.9. Product score is based on 672 ratings,672,,True
768dc402-ef85-4795-8821-a5cee85676bd,Woolworths Supermarket,Household,Ecostore Fragrance Free Auto Dishwasher 50 tablets,774416,$19.00,$0.38 / 1EA,https://www.woolworths.com.au/shop/productdetails/774416/ecostore-fragrance-free-auto-dishwasher,https://cdn0.woolworths.media/content/wowproductimages/medium/774416.jpg,2020-09-20 15:36:09,,0,,True
bbff4013-e715-4d4b-8de4-e13f955abe92,Woolworths Supermarket,Household,Quilton Tuffy Paper Towel White 4ply 3 pack,574728,$4.30,$2.39 / 100SS,https://www.woolworths.com.au/shop/productdetails/574728/quilton-tuffy-paper-towel-white-4ply,https://cdn0.woolworths.media/content/wowproductimages/medium/574728.jpg,2020-09-20 15:36:09,,0,,True
6ca91b8f-e868-4be6-8a1b-4cbd1ab3e69f,Woolworths Supermarket,Household,Finish Powder Concentrate Classic Lemon 1kg,705056,$12.00,$1.20 / 100G,https://www.woolworths.com.au/shop/productdetails/705056/finish-powder-concentrate-classic-lemon,https://cdn0.woolworths.media/content/wowproductimages/medium/705056.jpg,2020-09-20 15:36:09,,0,,True
4fd73ac5-cda1-4fd3-ba73-38cb00261fb2,Woolworths Supermarket,Household,Pine O Cleen Disinfectant Antibacterial Lavender 1.25l,139515,$6.00,$0.48 / 100ML,https://www.woolworths.com.au/shop/productdetails/139515/pine-o-cleen-disinfectant-antibacterial-lavender,https://cdn0.woolworths.media/content/wowproductimages/medium/139515.jpg,2020-09-20 15:36:09,,0,,True
c15e35a1-80ae-468f-b3a8-a216fc433db0,Woolworths Supermarket,Household,Omo Sensitive Laundry Detergent Powder Front & Top Loader 2kg,471182,$11.00,$5.50 / 1KG,https://www.woolworths.com.au/shop/productdetails/471182/omo-sensitive-laundry-detergent-powder-front-top-loader,https://cdn0.woolworths.media/content/wowproductimages/medium/471182.jpg,2020-09-20 15:36:09,,0,,True
75ed176d-62a8-45f6-9e1c-622d1607e648,Woolworths Supermarket,Household,Strike Disinfectant Wipes Lemon 100 pack,518438,$3.50,$0.04 / 1EA,https://www.woolworths.com.au/shop/productdetails/518438/strike-disinfectant-wipes-lemon,https://cdn0.woolworths.media/content/wowproductimages/medium/518438.jpg,2020-09-20 15:36:09,Average product rating out of 5: 4.3. Product score is based on 2496 ratings,2496,,True
a639a185-6bf8-41d1-b242-acdf966d9c2e,Woolworths Supermarket,Household,Aerogard Fabric Insect Repellent Odourless 150g,059141,$11.50,$7.67 / 100G,https://www.woolworths.com.au/shop/productdetails/59141/aerogard-fabric-insect-repellent-odourless,https://cdn0.woolworths.media/content/wowproductimages/medium/059141.jpg,2020-09-20 15:36:09,,0,,True
61645bfd-49dc-47d0-beac-cb6d801fc0ed,Woolworths Supermarket,Household,Air Wick Floor Carpet Deodorant Vanilla 500g,059297,$3.75,$0.75 / 100G,https://www.woolworths.com.au/shop/productdetails/59297/air-wick-floor-carpet-deodorant-vanilla,https://cdn0.woolworths.media/content/wowproductimages/medium/059297.jpg,2020-09-20 15:36:09,,0,,True
2bc22576-ae71-4a50-9380-07369fe16768,Woolworths Supermarket,Household,Vanish Gold Pro Stain Remover Powder 500g,059304,$6.00,$12.00 / 1KG,https://www.woolworths.com.au/shop/productdetails/59304/vanish-gold-pro-stain-remover-powder,https://cdn0.woolworths.media/content/wowproductimages/medium/059304.jpg,2020-09-20 15:36:09,,0,,True
8683f4a0-60ef-4b5c-9f70-842d998d6569,Woolworths Supermarket,Household,Sard Wonder Power Fizz Stain Remover 250ml,059514,$10.00,$4.00 / 100ML,https://www.woolworths.com.au/shop/productdetails/59514/sard-wonder-power-fizz-stain-remover,https://cdn0.woolworths.media/content/wowproductimages/medium/059514.jpg,2020-09-20 15:36:09,,0,,True
ee3f62a5-001c-4cc0-96c2-c4d0f2e9a487,Woolworths Supermarket,Household,Jackson Led Push Lights 3 pack,059562,$10.00,,https://www.woolworths.com.au/shop/productdetails/59562/jackson-led-push-lights,https://cdn0.woolworths.media/content/wowproductimages/medium/059562.jpg,2020-09-20 15:36:09,,0,,True
94d83ad9-4a46-431e-8ad0-a3a208b95eae,Woolworths Supermarket,Household,Chevron Extension Lead 10m 10amps each,059726,$10.00,,https://www.woolworths.com.au/shop/productdetails/59726/chevron-extension-lead-10m-10amps,https://cdn0.woolworths.media/content/wowproductimages/medium/059726.jpg,2020-09-20 15:36:09,,0,,True
ab9e0e5e-4505-435b-b5b2-4437139ff0f4,Woolworths Supermarket,Household,Aerogard Fabric Insect Repellent Eucalyptus 150g,059832,$11.50,$7.67 / 100G,https://www.woolworths.com.au/shop/productdetails/59832/aerogard-fabric-insect-repellent-eucalyptus,https://cdn0.woolworths.media/content/wowproductimages/medium/059832.jpg,2020-09-20 15:36:09,,0,,True
dd102716-8089-4720-b8b3-68cf78880e24,Woolworths Supermarket,Household,Mortein Dual Action Trap No View No Touch 2 pack,059833,$10.00,$10.00 / 1EA,https://www.woolworths.com.au/shop/productdetails/59833/mortein-dual-action-trap-no-view-no-touch,https://cdn0.woolworths.media/content/wowproductimages/medium/059833.jpg,2020-09-20 15:36:09,,0,,True
7770282f-0be5-4eaf-9033-3359c00b5d17,Woolworths Supermarket,Household,Chevron Extension Lead 5m 10 Amps each,059957,$7.00,,https://www.woolworths.com.au/shop/productdetails/59957/chevron-extension-lead-5m-10-amps,https://cdn0.woolworths.media/content/wowproductimages/medium/059957.jpg,2020-09-20 15:36:09,,0,,True
16be0507-a9c6-46af-873e-9a4940e890ee,Woolworths Supermarket,Household,Mortein Powergard Multi Insect Spray Refill 154g,060003,$16.00,$10.39 / 100G,https://www.woolworths.com.au/shop/productdetails/60003/mortein-powergard-multi-insect-spray-refill,https://cdn0.woolworths.media/content/wowproductimages/medium/060003.jpg,2020-09-20 15:36:09,,0,,True
cf4d4226-a4ed-409e-80f5-0c0470f10203,Woolworths Supermarket,Household,Pine O Cleen Laundry Sanitiser 1.5l,060101,$12.00,$8.00 / 1L,https://www.woolworths.com.au/shop/productdetails/60101/pine-o-cleen-laundry-sanitiser,https://cdn0.woolworths.media/content/wowproductimages/medium/060101.jpg,2020-09-20 15:36:09,,0,,True
fc51dc05-c728-4f87-ac73-d1f305a6b414,Woolworths Supermarket,Household,Jackson 24 Hour Timer each,060140,$10.00,,https://www.woolworths.com.au/shop/productdetails/60140/jackson-24-hour-timer,https://cdn0.woolworths.media/content/wowproductimages/medium/060140.jpg,2020-09-20 15:36:09,,0,,True
e489a524-e082-4b1b-9fbc-e1a10361e72e,Woolworths Supermarket,Household,Jackson 3 Meter Power Outlet Extension Lead Reel each,060143,$15.00,,https://www.woolworths.com.au/shop/productdetails/60143/jackson-3-meter-power-outlet-extension-lead-reel,https://cdn0.woolworths.media/content/wowproductimages/medium/060143.jpg,2020-09-20 15:36:09,,0,,True
14e2cb53-9646-4982-ac8e-6672987e6ec2,Woolworths Supermarket,Household,Jackson Backlit Led Nightlight each,060145,$10.00,,https://www.woolworths.com.au/shop/productdetails/60145/jackson-backlit-led-nightlight,https://cdn0.woolworths.media/content/wowproductimages/medium/060145.jpg,2020-09-20 15:36:09,,0,,True
bfad1b55-bf8b-4f08-b628-848f07eac08c,Woolworths Supermarket,Household,Energizer Cap Light each,060293,$10.00,,https://www.woolworths.com.au/shop/productdetails/60293/energizer-cap-light,https://cdn0.woolworths.media/content/wowproductimages/medium/060293.jpg,2020-09-20 15:36:09,,0,,True
957fb2e2-1f5c-48e1-a44d-4abf17412546,Woolworths Supermarket,Household,Telstra Essential Pro each,060738,$79.00,,https://www.woolworths.com.au/shop/productdetails/60738/telstra-essential-pro,https://cdn0.woolworths.media/content/wowproductimages/medium/060738.jpg,2020-09-20 15:36:09,,0,,True
848158c9-f0a4-45ca-9f9a-1dd3c3d9f88a,Woolworths Supermarket,Household,Spider-man: Far From Home Dvd each,061033,$16.00,,https://www.woolworths.com.au/shop/productdetails/61033/spider-man-far-from-home-dvd,https://cdn0.woolworths.media/content/wowproductimages/medium/061033.jpg,2020-09-20 15:36:09,,0,,True
dc7d68fd-51f1-4513-9237-07c0dcdee3dd,Woolworths Supermarket,Household,Supreme Clean White Bleach Eucalyptus 2l,061589,$3.99,$2.00 / 1L,https://www.woolworths.com.au/shop/productdetails/61589/supreme-clean-white-bleach-eucalyptus,https://cdn0.woolworths.media/content/wowproductimages/medium/061589.jpg,2020-09-20 15:36:09,,0,,True
f9294683-5d6f-4422-9b3e-804ff8c9ee14,Woolworths Supermarket,Household,Supreme Clean White Bleach Lavender 2l,061590,$3.99,$2.00 / 1L,https://www.woolworths.com.au/shop/productdetails/61590/supreme-clean-white-bleach-lavender,https://cdn0.woolworths.media/content/wowproductimages/medium/061590.jpg,2020-09-20 15:36:09,,0,,True
8fd36081-be01-4782-a436-659c77fc7605,Woolworths Supermarket,Household,Supreme Clean White Bleach Lemon 2l,061650,$3.99,$2.00 / 1L,https://www.woolworths.com.au/shop/productdetails/61650/supreme-clean-white-bleach-lemon,https://cdn0.woolworths.media/content/wowproductimages/medium/061650.jpg,2020-09-20 15:36:09,,0,,True
0ded10be-ec22-4610-819c-37a17d43b13e,Woolworths Supermarket,Household,Bic Gelocity Original Blue 2 pack,061976,$4.50,,https://www.woolworths.com.au/shop/productdetails/61976/bic-gelocity-original-blue,https://cdn0.woolworths.media/content/wowproductimages/medium/061976.jpg,2020-09-20 15:36:09,,0,,True
33188668-f3b8-4b82-affb-7beaec33f71e,Woolworths Supermarket,Household,Bic Gelocity Original Black 2 pack,061977,$4.50,,https://www.woolworths.com.au/shop/productdetails/61977/bic-gelocity-original-black,https://cdn0.woolworths.media/content/wowproductimages/medium/061977.jpg,2020-09-20 15:36:09,,0,,True
f854cdea-520f-4d52-8c5e-a2aeb80e578d,Woolworths Supermarket,Household,Wahu High Bounce Ball each,062225,$4.00,,https://www.woolworths.com.au/shop/productdetails/62225/wahu-high-bounce-ball,https://cdn0.woolworths.media/content/wowproductimages/medium/062225.jpg,2020-09-20 15:36:09,,0,,True
704f8495-99f4-4e71-a33e-72e3bba9688c,Woolworths Supermarket,Household,Childrens Card Games Asstorted each,062244,$4.00,,https://www.woolworths.com.au/shop/productdetails/62244/childrens-card-games-asstorted,https://cdn0.woolworths.media/content/wowproductimages/medium/062244.jpg,2020-09-20 15:36:09,,0,,True
a24cf5b4-ad70-46ef-b22e-d92b6988cbba,Woolworths Supermarket,Household,Finish Powder Concentrate Classic Lemon 1kg,705056,$12.00,$1.20 / 100G,https://www.woolworths.com.au/shop/productdetails/705056/finish-powder-concentrate-classic-lemon,https://cdn0.woolworths.media/content/wowproductimages/medium/705056.jpg,2020-09-20 15:36:09,,0,,True
22143d18-556c-4399-a929-fece18e168fd,Woolworths Supermarket,Household,Kleenex Facial Tissues Large & Thick Silk Touch 3ply 95 pack,172610,$2.60,$2.74 / 100SS,https://www.woolworths.com.au/shop/productdetails/172610/kleenex-facial-tissues-large-thick-silk-touch-3ply,https://cdn0.woolworths.media/content/wowproductimages/medium/172610.jpg,2020-09-20 15:36:09,,0,,True
447e6c1f-6928-4bfe-8b93-ab9e74a8f585,Woolworths Supermarket,Household,Glad Baking Paper 25m,299138,$6.00,$0.24 / 1M,https://www.woolworths.com.au/shop/productdetails/299138/glad-baking-paper,https://cdn0.woolworths.media/content/wowproductimages/medium/299138.jpg,2020-09-20 15:36:09,,0,,True
aadc95d6-8926-43e9-96a8-6e35e36cfad5,Woolworths Supermarket,Household,Quilton Tuffy Paper Towel Triple Length 2 pack,785317,$6.00,$1.67 / 100SS,https://www.woolworths.com.au/shop/productdetails/785317/quilton-tuffy-paper-towel-triple-length,https://cdn0.woolworths.media/content/wowproductimages/medium/785317.jpg,2020-09-20 15:36:09,,0,Was $6.80 06/07/2020,True
7bba4226-4304-4a84-b4e4-ddccd72fe1ea,Woolworths Supermarket,Household,Quilton Tuffy Paper Towel White 4ply 3 pack,574728,$4.30,$2.39 / 100SS,https://www.woolworths.com.au/shop/productdetails/574728/quilton-tuffy-paper-towel-white-4ply,https://cdn0.woolworths.media/content/wowproductimages/medium/574728.jpg,2020-09-20 15:36:09,,0,,True
5abf18d4-2794-4bb6-b220-7c5504c1d7a5,Woolworths Supermarket,Household,Viva Paper Towel White 3 pack,249921,$4.00,$2.22 / 100SS,https://www.woolworths.com.au/shop/productdetails/249921/viva-paper-towel-white,https://cdn0.woolworths.media/content/wowproductimages/medium/249921.jpg,2020-09-20 15:36:09,,0,Was $4.90 26/10/2017,True
bfe44580-85c1-4446-adc9-2b98ba4c0d60,Woolworths Supermarket,Household,Quilton 2ply Tissue Hypo-allergenic 250 pack,644239,$2.50,$1.00 / 100SS,https://www.woolworths.com.au/shop/productdetails/644239/quilton-2ply-tissue-hypo-allergenic,https://cdn0.woolworths.media/content/wowproductimages/medium/644239.jpg,2020-09-20 15:36:09,,0,,True
c8a2d207-2a65-421d-be58-2c741c9ebf16,Woolworths Supermarket,Household,Handee Ultra Paper Towel White 2 pack,019787,$3.50,$2.92 / 100SS,https://www.woolworths.com.au/shop/productdetails/19787/handee-ultra-paper-towel-white,https://cdn0.woolworths.media/content/wowproductimages/medium/019787.jpg,2020-09-20 15:36:09,,0,,True
e7796579-c906-4823-9bc2-ea73015d7c19,Woolworths Supermarket,Household,Essentials Facial Tissues 224 pack,759496,$1.00,$0.45 / 100SS,https://www.woolworths.com.au/shop/productdetails/759496/essentials-facial-tissues,https://cdn0.woolworths.media/content/wowproductimages/medium/759496.jpg,2020-09-20 15:36:09,Average product rating out of 5: 3.9. Product score is based on 672 ratings,672,,True
1c24289b-f53b-4e9f-b5c5-91aedd1929ef,Woolworths Supermarket,Household,Armada Baking Paper 15m,252787,$2.70,$0.18 / 1M,https://www.woolworths.com.au/shop/productdetails/252787/armada-baking-paper,https://cdn0.woolworths.media/content/wowproductimages/medium/252787.jpg,2020-09-20 15:36:09,,0,,True
431466ea-9475-437d-9fd3-0909ece1116b,Woolworths Supermarket,Household,Armada Freezer Bags Medium 80 pack,036286,$0.60,$0.01 / 1EA,https://www.woolworths.com.au/shop/productdetails/36286/armada-freezer-bags-medium,https://cdn0.woolworths.media/content/wowproductimages/medium/036286.jpg,2020-09-20 15:36:09,Average product rating out of 5: 4.5. Product score is based on 107 ratings,107,,True
95fbe031-b0a7-4328-af99-8bb1009bd49a,Woolworths Supermarket,Household,Handee Ultra Paper Towel White 3 pack,252037,$4.40,$2.44 / 100SS,https://www.woolworths.com.au/shop/productdetails/252037/handee-ultra-paper-towel-white,https://cdn0.woolworths.media/content/wowproductimages/medium/252037.jpg,2020-09-20 15:36:09,,0,,True
c9991469-ad9f-41b4-b61c-f92d96f1d8a6,Woolworths Supermarket,Household,Shine Rinse Aid 500ml,686173,$2.90,$0.58 / 100ML,https://www.woolworths.com.au/shop/productdetails/686173/shine-rinse-aid,https://cdn0.woolworths.media/content/wowproductimages/medium/686173.jpg,2020-09-20 15:36:09,Average product rating out of 5: 4.8. Product score is based on 19 ratings,19,,True
d5ec6c20-c104-4f96-af21-5b805c7892d0,Woolworths Supermarket,Household,Armada Large Kitchen Tidy Bag Lavender/lemon Scented 25 pack,517111,$2.00,$0.08 / 1EA,https://www.woolworths.com.au/shop/productdetails/517111/armada-large-kitchen-tidy-bag-lavender-lemon-scented,https://cdn0.woolworths.media/content/wowproductimages/medium/517111.jpg,2020-09-20 15:36:09,Average product rating out of 5: 4.5. Product score is based on 602 ratings,602,Was $2.50 17/09/2018,True
bd164f18-cbbd-47a7-a491-f317624f7371,Woolworths Supermarket,Household,Kleenex Facial Tissues 200 pack,063899,$2.00,$1.00 / 100SS,https://www.woolworths.com.au/shop/productdetails/63899/kleenex-facial-tissues,https://cdn0.woolworths.media/content/wowproductimages/medium/063899.jpg,2020-09-20 15:36:09,,0,Was $2.20 26/02/2020,True
9553c5f1-e965-4b8d-bbcf-97df8144c682,Woolworths Supermarket,Household,Strike Disinfectant Wipes Lemon 100 pack,518438,$3.50,$0.04 / 1EA,https://www.woolworths.com.au/shop/productdetails/518438/strike-disinfectant-wipes-lemon,https://cdn0.woolworths.media/content/wowproductimages/medium/518438.jpg,2020-09-20 15:36:09,Average product rating out of 5: 4.3. Product score is based on 2496 ratings,2496,,True
f4835410-190d-4f6f-8dc3-ad6d161c2123,Woolworths Supermarket,Household,Kleenex Facial Tissues Aloe Vera 140 pack,032969,$3.00,$2.14 / 100SS,https://www.woolworths.com.au/shop/productdetails/32969/kleenex-facial-tissues-aloe-vera,https://cdn0.woolworths.media/content/wowproductimages/medium/032969.jpg,2020-09-20 15:36:09,,0,Was $3.85 20/01/2020,True
6bbedbfb-db4a-42f7-b6e4-1f3a97b700c3,Woolworths Supermarket,Household,Quilton Facial Tissues Soft White 95pk,829630,$1.25,$1.32 / 100SS,https://www.woolworths.com.au/shop/productdetails/829630/quilton-facial-tissues-soft-white,https://cdn0.woolworths.media/content/wowproductimages/medium/829630.jpg,2020-09-20 15:36:09,,0,,True
3418d4df-6734-472b-9715-4c4f241a1d22,Woolworths Supermarket,Household,Viva Paper Towel White 2 pack,176852,$1.75,$1.46 / 100SS,https://www.woolworths.com.au/shop/productdetails/176852/viva-paper-towel-white,https://cdn0.woolworths.media/content/wowproductimages/medium/176852.jpg,2020-09-20 15:36:09,,0,,True
fc775a6c-4a5f-4f7b-b4a0-1329742cbb0d,Woolworths Supermarket,Household,Morning Fresh Dishwashing Liquid Raspberry & Crisp Apple 900ml,588994,$3.75,$0.42 / 100ML,https://www.woolworths.com.au/shop/productdetails/588994/morning-fresh-dishwashing-liquid-raspberry-crisp-apple,https://cdn0.woolworths.media/content/wowproductimages/medium/588994.jpg,2020-09-20 15:36:09,,0,,True
fcf93511-af4b-4c81-baa2-cb6cfa3a6b29,Woolworths Supermarket,Household,Leap Frog Chat & Count Smart Phone Assorted each,062333,$20.00,,https://www.woolworths.com.au/shop/productdetails/62333/leap-frog-chat-count-smart-phone-assorted,https://cdn0.woolworths.media/content/wowproductimages/medium/062333.jpg,2020-09-20 15:36:09,,0,,True
0689d59a-82c0-4290-8fa9-96a3a619c28f,Woolworths Supermarket,Household,Hot Hands Hand Warmers 5 pack,062467,$8.00,$1.60 / 1EA,https://www.woolworths.com.au/shop/productdetails/62467/hot-hands-hand-warmers,https://cdn0.woolworths.media/content/wowproductimages/medium/062467.jpg,2020-09-20 15:36:09,,0,,True
6bf15455-6163-452f-a430-462f6ce5f4a2,Woolworths Supermarket,Household,Ansell Gloves Super Large Size 9 1 pair,062582,$3.30,$3.30 / 1EA,https://www.woolworths.com.au/shop/productdetails/62582/ansell-gloves-super-large-size-9,https://cdn0.woolworths.media/content/wowproductimages/medium/062582.jpg,2020-09-20 15:36:09,,0,,True
b3a0c7b4-4784-47ec-8e32-4a3cb36bac46,Woolworths Supermarket,Household,Ansell Gloves Super Medium Size 8 1 pair,062583,$3.30,$3.30 / 1EA,https://www.woolworths.com.au/shop/productdetails/62583/ansell-gloves-super-medium-size-8,https://cdn0.woolworths.media/content/wowproductimages/medium/062583.jpg,2020-09-20 15:36:09,,0,,True
6d2d02c8-8cfd-4538-8d1b-9a0e3d0e3df7,Woolworths Supermarket,Household,Ansell Gloves Super Sml - Med Size 7.5 1 pair,062592,$3.30,$3.30 / 1EA,https://www.woolworths.com.au/shop/productdetails/62592/ansell-gloves-super-sml-med-size-7-5,https://cdn0.woolworths.media/content/wowproductimages/medium/062592.jpg,2020-09-20 15:36:09,,0,,True
340fc087-e9ec-42f7-89d7-df0e547c2bc3,Woolworths Supermarket,Household,Kleenex Facial Tissue Kids 200 pack,062777,$2.00,$1.00 / 100SS,https://www.woolworths.com.au/shop/productdetails/62777/kleenex-facial-tissue-kids,https://cdn0.woolworths.media/content/wowproductimages/medium/062777.jpg,2020-09-20 15:36:09,,0,Was $2.20 26/02/2020,True
c878593b-5014-41dd-bbce-1f9f39142c18,Woolworths Supermarket,Household,Jack Hammer Occy Strap 900mm each,063318,$3.50,,https://www.woolworths.com.au/shop/productdetails/63318/jack-hammer-occy-strap-900mm,https://cdn0.woolworths.media/content/wowproductimages/medium/063318.jpg,2020-09-20 15:36:09,,0,,True
fdadf776-c8dc-4d71-8f32-e050ebc0e6b2,Woolworths Supermarket,Household,Telstra Essential Alcatel 1tl each,063375,$59.00,,https://www.woolworths.com.au/shop/productdetails/63375/telstra-essential-alcatel-1tl,https://cdn0.woolworths.media/content/wowproductimages/medium/063375.jpg,2020-09-20 15:36:09,,0,,True
5c5c609f-3f75-4556-909c-bef9a1257feb,Woolworths Supermarket,Household,Essentials Reusable 800ml Containers 3 pack,063562,$5.50,,https://www.woolworths.com.au/shop/productdetails/63562/essentials-reusable-800ml-containers,https://cdn0.woolworths.media/content/wowproductimages/medium/063562.jpg,2020-09-20 15:36:09,,0,,True
a114ef33-5b78-4a12-9554-b4d9788b3b67,Woolworths Supermarket,Household,Essentials Reusable 2.5l Containers 2 pack,063563,$7.00,,https://www.woolworths.com.au/shop/productdetails/63563/essentials-reusable-2-5l-containers,https://cdn0.woolworths.media/content/wowproductimages/medium/063563.jpg,2020-09-20 15:36:09,,0,,True
278d1ef4-63da-445d-abaf-7905068c589b,Woolworths Supermarket,Household,Essentials Reusable 3 Compartment Containers 2 pack,063564,$6.00,,https://www.woolworths.com.au/shop/productdetails/63564/essentials-reusable-3-compartment-containers,https://cdn0.woolworths.media/content/wowproductimages/medium/063564.jpg,2020-09-20 15:36:09,,0,,True
ec40f727-ba08-46cb-8382-df30e5fd94f2,Woolworths Supermarket,Household,Essentials Reusable 1.5l Containers 2 pack,063565,$6.00,,https://www.woolworths.com.au/shop/productdetails/63565/essentials-reusable-1-5l-containers,https://cdn0.woolworths.media/content/wowproductimages/medium/063565.jpg,2020-09-20 15:36:09,,0,,True
f4047559-b31c-41a0-a5c7-80e2267aff00,Woolworths Supermarket,Household,Essentials Reusable 200ml Containers 3 pack,063566,$3.00,,https://www.woolworths.com.au/shop/productdetails/63566/essentials-reusable-200ml-containers,https://cdn0.woolworths.media/content/wowproductimages/medium/063566.jpg,2020-09-20 15:36:09,,0,,True
0f1127be-824e-4f42-a0ab-eb1840f3e3e8,Woolworths Supermarket,Household,Essentials Reusable 600ml Containers 3 pack,063567,$5.00,,https://www.woolworths.com.au/shop/productdetails/63567/essentials-reusable-600ml-containers,https://cdn0.woolworths.media/content/wowproductimages/medium/063567.jpg,2020-09-20 15:36:09,,0,,True
11b06a86-cd72-4a4e-81f0-bc994d5c62ac,Woolworths Supermarket,Household,Essentials Reusable 1l Containers 3 pack,063569,$6.00,,https://www.woolworths.com.au/shop/productdetails/63569/essentials-reusable-1l-containers,https://cdn0.woolworths.media/content/wowproductimages/medium/063569.jpg,2020-09-20 15:36:09,,0,,True
cfb7f8ad-7ac6-48aa-8a9c-3a3ae5ba79b2,Woolworths Supermarket,Household,Elmer's Metallic Glue Pink 147ml,063666,$4.90,,https://www.woolworths.com.au/shop/productdetails/63666/elmer-s-metallic-glue-pink,https://cdn0.woolworths.media/content/wowproductimages/medium/063666.jpg,2020-09-20 15:36:09,,0,,True
44219d07-6e56-465e-b0c6-7ce271cffce0,Woolworths Supermarket,Household,Elmer's Metallic Glue Teal 147ml,063668,$4.90,,https://www.woolworths.com.au/shop/productdetails/63668/elmer-s-metallic-glue-teal,https://cdn0.woolworths.media/content/wowproductimages/medium/063668.jpg,2020-09-20 15:36:09,,0,,True
12e30c7a-2123-407a-8700-555e0c1b5871,Woolworths Supermarket,Household,Elmer's Metallic Glue Blue 147ml,063669,$4.90,,https://www.woolworths.com.au/shop/productdetails/63669/elmer-s-metallic-glue-blue,https://cdn0.woolworths.media/content/wowproductimages/medium/063669.jpg,2020-09-20 15:36:09,,0,,True
d32b8928-f3e2-444e-8863-badc741197fc,Woolworths Supermarket,Household,Marvel 9.5inch Figure Assorted each,063744,$12.00,,https://www.woolworths.com.au/shop/productdetails/63744/marvel-9-5inch-figure-assorted,https://cdn0.woolworths.media/content/wowproductimages/medium/063744.jpg,2020-09-20 15:36:09,,0,,True
afeedcc7-f855-45ca-99a0-bb27c506b02a,Woolworths Supermarket,Household,Kleenex Facial Tissue Cube 85 pack,063757,$2.30,$2.71 / 100SS,https://www.woolworths.com.au/shop/productdetails/63757/kleenex-facial-tissue-cube,https://cdn0.woolworths.media/content/wowproductimages/medium/063757.jpg,2020-09-20 15:36:09,,0,,True
2336b9e7-408c-4ad7-b8bb-04b4601f16fc,Woolworths Supermarket,Household,Earth Choice Wool Wash 1l,063878,$2.20,$2.20 / 1L,https://www.woolworths.com.au/shop/productdetails/63878/earth-choice-wool-wash,https://cdn0.woolworths.media/content/wowproductimages/medium/063878.jpg,2020-09-20 15:36:09,,0,,True
fc5dd888-343a-4512-83a8-cbb3195cc528,Woolworths Supermarket,Household,Kleenex Facial Tissues 200 pack,063899,$2.00,$1.00 / 100SS,https://www.woolworths.com.au/shop/productdetails/63899/kleenex-facial-tissues,https://cdn0.woolworths.media/content/wowproductimages/medium/063899.jpg,2020-09-20 15:36:09,,0,Was $2.20 26/02/2020,True
c5938059-8f3f-4599-8089-275a7a79c7e0,Woolworths Supermarket,Household,Parker Jotter Ball Point Pen Black each,063978,$18.00,,https://www.woolworths.com.au/shop/productdetails/63978/parker-jotter-ball-point-pen-black,https://cdn0.woolworths.media/content/wowproductimages/medium/063978.jpg,2020-09-20 15:36:09,,0,,True
6d1d2d82-8698-46c4-aad9-3d5d08ac90a5,Woolworths Supermarket,Household,Parker Quink Flow Ballpoint Refill Black Noir each,063979,$10.00,,https://www.woolworths.com.au/shop/productdetails/63979/parker-quink-flow-ballpoint-refill-black-noir,https://cdn0.woolworths.media/content/wowproductimages/medium/063979.jpg,2020-09-20 15:36:09,,0,,True
123a2cdb-1ba4-4426-a4a5-eb65e10ff6e8,Woolworths Supermarket,Household,Finish Powder Concentrate Classic Lemon 1kg,705056,$12.00,$1.20 / 100G,https://www.woolworths.com.au/shop/productdetails/705056/finish-powder-concentrate-classic-lemon,https://cdn0.woolworths.media/content/wowproductimages/medium/705056.jpg,2020-09-20 15:36:09,,0,,True
23eec351-1b1c-4bf5-a396-827106791119,Woolworths Supermarket,Household,Morning Fresh Dishwashing Liquid Raspberry & Crisp Apple 900ml,588994,$3.75,$0.42 / 100ML,https://www.woolworths.com.au/shop/productdetails/588994/morning-fresh-dishwashing-liquid-raspberry-crisp-apple,https://cdn0.woolworths.media/content/wowproductimages/medium/588994.jpg,2020-09-20 15:36:09,,0,,True
0538b26c-ab61-468f-959c-09a833a16d0b,Woolworths Supermarket,Household,Handee Ultra Paper Towel White 3 pack,252037,$4.40,$2.44 / 100SS,https://www.woolworths.com.au/shop/productdetails/252037/handee-ultra-paper-towel-white,https://cdn0.woolworths.media/content/wowproductimages/medium/252037.jpg,2020-09-20 15:36:09,,0,,True
19484dd3-ab9c-41f9-abdc-ee6dba07943f,Woolworths Supermarket,Household,Handee Ultra Paper Towel White 2 pack,019787,$3.50,$2.92 / 100SS,https://www.woolworths.com.au/shop/productdetails/19787/handee-ultra-paper-towel-white,https://cdn0.woolworths.media/content/wowproductimages/medium/019787.jpg,2020-09-20 15:36:09,,0,,True
0e6a058b-db68-4a01-a405-025382fb0a63,Woolworths Supermarket,Household,Viva Paper Towel White 2 pack,176852,$1.75,$1.46 / 100SS,https://www.woolworths.com.au/shop/productdetails/176852/viva-paper-towel-white,https://cdn0.woolworths.media/content/wowproductimages/medium/176852.jpg,2020-09-20 15:36:09,,0,,True
72eebadf-120a-4bbc-8934-86058a286d28,Woolworths Supermarket,Household,Kleenex Facial Tissues Aloe Vera 140 pack,032969,$3.00,$2.14 / 100SS,https://www.woolworths.com.au/shop/productdetails/32969/kleenex-facial-tissues-aloe-vera,https://cdn0.woolworths.media/content/wowproductimages/medium/032969.jpg,2020-09-20 15:36:09,,0,Was $3.85 20/01/2020,True
e0567439-3e76-4520-a5b9-02866541b407,Woolworths Supermarket,Household,Quilton 2ply Tissue Hypo-allergenic 250 pack,644239,$2.50,$1.00 / 100SS,https://www.woolworths.com.au/shop/productdetails/644239/quilton-2ply-tissue-hypo-allergenic,https://cdn0.woolworths.media/content/wowproductimages/medium/644239.jpg,2020-09-20 15:36:09,,0,,True
8f6178ef-ceeb-41ab-ab0f-0bb6bafccbc8,Woolworths Supermarket,Household,Shine Rinse Aid 500ml,686173,$2.90,$0.58 / 100ML,https://www.woolworths.com.au/shop/productdetails/686173/shine-rinse-aid,https://cdn0.woolworths.media/content/wowproductimages/medium/686173.jpg,2020-09-20 15:36:09,Average product rating out of 5: 4.8. Product score is based on 19 ratings,19,,True
95408eaa-06e5-4256-873b-64073d47b91c,Woolworths Supermarket,Household,Kleenex Facial Tissues 200 pack,063899,$2.00,$1.00 / 100SS,https://www.woolworths.com.au/shop/productdetails/63899/kleenex-facial-tissues,https://cdn0.woolworths.media/content/wowproductimages/medium/063899.jpg,2020-09-20 15:36:09,,0,Was $2.20 26/02/2020,True
fe20c2dd-896e-4f0b-a7ad-c5015c0829ef,Woolworths Supermarket,Household,Strike Disinfectant Wipes Lemon 100 pack,518438,$3.50,$0.04 / 1EA,https://www.woolworths.com.au/shop/productdetails/518438/strike-disinfectant-wipes-lemon,https://cdn0.woolworths.media/content/wowproductimages/medium/518438.jpg,2020-09-20 15:36:09,Average product rating out of 5: 4.3. Product score is based on 2496 ratings,2496,,True
8ea1e697-51d2-49dc-8757-de4c8bc2b92e,Woolworths Supermarket,Household,Quilton Facial Tissues Soft White 95pk,829630,$1.25,$1.32 / 100SS,https://www.woolworths.com.au/shop/productdetails/829630/quilton-facial-tissues-soft-white,https://cdn0.woolworths.media/content/wowproductimages/medium/829630.jpg,2020-09-20 15:36:09,,0,,True
be3bd7c7-cde3-4f32-ae1e-7a0e3f62cc49,Woolworths Supermarket,Household,Quilton Tuffy Paper Towel White 4ply 3 pack,574728,$4.30,$2.39 / 100SS,https://www.woolworths.com.au/shop/productdetails/574728/quilton-tuffy-paper-towel-white-4ply,https://cdn0.woolworths.media/content/wowproductimages/medium/574728.jpg,2020-09-20 15:36:09,,0,,True
9e463a46-2d38-4e8b-9a70-7370be8fe84b,Woolworths Supermarket,Household,Quilton Tuffy Paper Towel Triple Length 2 pack,785317,$6.00,$1.67 / 100SS,https://www.woolworths.com.au/shop/productdetails/785317/quilton-tuffy-paper-towel-triple-length,https://cdn0.woolworths.media/content/wowproductimages/medium/785317.jpg,2020-09-20 15:36:09,,0,Was $6.80 06/07/2020,True
ca46412b-06f3-400b-8529-688f218c8767,Woolworths Supermarket,Household,Armada Baking Paper 15m,252787,$2.70,$0.18 / 1M,https://www.woolworths.com.au/shop/productdetails/252787/armada-baking-paper,https://cdn0.woolworths.media/content/wowproductimages/medium/252787.jpg,2020-09-20 15:36:09,,0,,True
7c812abf-aa81-41d7-91d8-ed700e20c42c,Woolworths Supermarket,Household,Armada Freezer Bags Medium 80 pack,036286,$0.60,$0.01 / 1EA,https://www.woolworths.com.au/shop/productdetails/36286/armada-freezer-bags-medium,https://cdn0.woolworths.media/content/wowproductimages/medium/036286.jpg,2020-09-20 15:36:09,Average product rating out of 5: 4.5. Product score is based on 107 ratings,107,,True
bcd7b984-1096-48de-8b9b-e0d7384841a3,Woolworths Supermarket,Household,Glad Baking Paper 25m,299138,$6.00,$0.24 / 1M,https://www.woolworths.com.au/shop/productdetails/299138/glad-baking-paper,https://cdn0.woolworths.media/content/wowproductimages/medium/299138.jpg,2020-09-20 15:36:09,,0,,True
f1b113a0-8970-4c7a-81b7-1ca250570d44,Woolworths Supermarket,Household,Armada Large Kitchen Tidy Bag Lavender/lemon Scented 25 pack,517111,$2.00,$0.08 / 1EA,https://www.woolworths.com.au/shop/productdetails/517111/armada-large-kitchen-tidy-bag-lavender-lemon-scented,https://cdn0.woolworths.media/content/wowproductimages/medium/517111.jpg,2020-09-20 15:36:09,Average product rating out of 5: 4.5. Product score is based on 602 ratings,602,Was $2.50 17/09/2018,True
42a623f6-ea21-428e-a8c8-aa2f2679b244,Woolworths Supermarket,Household,Essentials Facial Tissues 224 pack,759496,$1.00,$0.45 / 100SS,https://www.woolworths.com.au/shop/productdetails/759496/essentials-facial-tissues,https://cdn0.woolworths.media/content/wowproductimages/medium/759496.jpg,2020-09-20 15:36:09,Average product rating out of 5: 3.9. Product score is based on 672 ratings,672,,True
baabbbd2-950b-4c1d-9c00-e89b37c65184,Woolworths Supermarket,Household,Viva Paper Towel White 3 pack,249921,$4.00,$2.22 / 100SS,https://www.woolworths.com.au/shop/productdetails/249921/viva-paper-towel-white,https://cdn0.woolworths.media/content/wowproductimages/medium/249921.jpg,2020-09-20 15:36:09,,0,Was $4.90 26/10/2017,True
a343557e-92c7-4291-b95e-de3fc922598d,Woolworths Supermarket,Household,Kleenex Facial Tissues Large & Thick Silk Touch 3ply 95 pack,172610,$2.60,$2.74 / 100SS,https://www.woolworths.com.au/shop/productdetails/172610/kleenex-facial-tissues-large-thick-silk-touch-3ply,https://cdn0.woolworths.media/content/wowproductimages/medium/172610.jpg,2020-09-20 15:36:09,,0,,True
433727d6-8dba-4222-8f03-d5c6c01415d9,Woolworths Supermarket,Household,Expo Bullet Black Dry Erase Markers 4 pack,063984,$11.50,,https://www.woolworths.com.au/shop/productdetails/63984/expo-bullet-black-dry-erase-markers,https://cdn0.woolworths.media/content/wowproductimages/medium/063984.jpg,2020-09-20 15:36:09,,0,,True
0efc4854-b8d5-4c21-bf31-b1acd8af5278,Woolworths Supermarket,Household,Parker Jotter Ball Point Pen White each,063987,$18.00,,https://www.woolworths.com.au/shop/productdetails/63987/parker-jotter-ball-point-pen-white,https://cdn0.woolworths.media/content/wowproductimages/medium/063987.jpg,2020-09-20 15:36:09,,0,,True
e42b6d7d-efa2-49df-b2a9-892f2ade1cba,Woolworths Supermarket,Household,Expo Bullet Dry Erase Markers 4 Colours 4 pack,064003,$11.50,,https://www.woolworths.com.au/shop/productdetails/64003/expo-bullet-dry-erase-markers-4-colours,https://cdn0.woolworths.media/content/wowproductimages/medium/064003.jpg,2020-09-20 15:36:09,,0,,True
c66d7c3d-5699-486c-bf35-f067e01f112b,Woolworths Supermarket,Household,Sharpie Metallic Fine Permanent Marker 6 pack,064006,$10.00,,https://www.woolworths.com.au/shop/productdetails/64006/sharpie-metallic-fine-permanent-marker,https://cdn0.woolworths.media/content/wowproductimages/medium/064006.jpg,2020-09-20 15:36:09,,0,,True
2d82a636-58bc-4a77-8314-cdc9dccabb2a,Woolworths Supermarket,Household,Armada Kitchen Tidy Bags With Handles Large Roll 30 pack,064018,$2.40,$0.08 / 1EA,https://www.woolworths.com.au/shop/productdetails/64018/armada-kitchen-tidy-bags-with-handles-large-roll,https://cdn0.woolworths.media/content/wowproductimages/medium/064018.jpg,2020-09-20 15:36:09,,0,,True
5c1c2041-2e72-4303-859f-bf6acd6a35b6,Woolworths Supermarket,Household,Sharpie Fine Permanent Marker 12 pack,064033,$15.00,,https://www.woolworths.com.au/shop/productdetails/64033/sharpie-fine-permanent-marker,https://cdn0.woolworths.media/content/wowproductimages/medium/064033.jpg,2020-09-20 15:36:09,,0,,True
0ab40c20-981f-434f-bf2c-c2dcdbfa39af,Woolworths Supermarket,Household,Sharpie Ultra Fine Permanent Marker 12 pack,064034,$10.00,,https://www.woolworths.com.au/shop/productdetails/64034/sharpie-ultra-fine-permanent-marker,https://cdn0.woolworths.media/content/wowproductimages/medium/064034.jpg,2020-09-20 15:36:09,,0,,True
dc2e9d9a-707f-4dd6-8bc7-603a05b1f7cd,Woolworths Supermarket,Household,Gripball 2000 L each,064204,$8.00,,https://www.woolworths.com.au/shop/productdetails/64204/gripball-2000-l,https://cdn0.woolworths.media/content/wowproductimages/medium/064204.jpg,2020-09-20 15:36:09,,0,,True
67a905b3-8e3c-4d3e-a089-5b7fda54d95a,Woolworths Supermarket,Household,Sorbent Facial Tissue Thick & Large Frangipani & Vitamin E 90 pack,064208,$1.75,$1.94 / 100SS,https://www.woolworths.com.au/shop/productdetails/64208/sorbent-facial-tissue-thick-large-frangipani-vitamin-e,https://cdn0.woolworths.media/content/wowproductimages/medium/064208.jpg,2020-09-20 15:36:09,,0,,True
03e7f707-d5c8-4f8c-8ef1-c135f687eab7,Woolworths Supermarket,Household,Unique Cars Magazine each,064317,$9.95,,https://www.woolworths.com.au/shop/productdetails/64317/unique-cars-magazine,https://cdn0.woolworths.media/content/wowproductimages/medium/064317.jpg,2020-09-20 15:36:09,,0,,True
effbadec-e09e-4e44-95b3-c4de64f26c47,Woolworths Supermarket,Household,Kleenex Facial Tissue Soft & Thick 95 pack,064373,$2.00,$2.11 / 100SS,https://www.woolworths.com.au/shop/productdetails/64373/kleenex-facial-tissue-soft-thick,https://cdn0.woolworths.media/content/wowproductimages/medium/064373.jpg,2020-09-20 15:36:09,,0,,True
f616fdc2-6c73-412e-aee2-81f1b13e4f02,Woolworths Supermarket,Household,Earth Choice Top & Front Loader 1l,065008,$2.20,$2.20 / 1L,https://www.woolworths.com.au/shop/productdetails/65008/earth-choice-top-front-loader,https://cdn0.woolworths.media/content/wowproductimages/medium/065008.jpg,2020-09-20 15:36:09,,0,,True
ff4b0236-4c65-473e-b6d4-3b89f577853a,Woolworths Supermarket,Household,Steelo Scourer Steel Wool Soap Pads Stainless 5 pack,065415,$2.00,$0.40 / 1EA,https://www.woolworths.com.au/shop/productdetails/65415/steelo-scourer-steel-wool-soap-pads-stainless,https://cdn0.woolworths.media/content/wowproductimages/medium/065415.jpg,2020-09-20 15:36:09,,0,,True
60ca382d-2767-4275-9eb1-065010ee3b8c,Woolworths Supermarket,Household,Essentials Toilet Cleaner Potpourri 700ml,065610,$2.00,$0.29 / 100ML,https://www.woolworths.com.au/shop/productdetails/65610/essentials-toilet-cleaner-potpourri,https://cdn0.woolworths.media/content/wowproductimages/medium/065610.jpg,2020-09-20 15:36:09,,0,,True
1aec0aad-7d66-4766-b065-273148ce36ba,Woolworths Supermarket,Household,Earth Choice Floor Surface Cleaner 1l,065897,$3.00,$0.30 / 100ML,https://www.woolworths.com.au/shop/productdetails/65897/earth-choice-floor-surface-cleaner,https://cdn0.woolworths.media/content/wowproductimages/medium/065897.jpg,2020-09-20 15:36:09,,0,,True
96cd8cef-6c32-485d-b055-5188a88a924b,Woolworths Supermarket,Household,Armada Plastic Plates White 20 pack,066025,$3.00,$0.15 / 1EA,https://www.woolworths.com.au/shop/productdetails/66025/armada-plastic-plates-white,https://cdn0.woolworths.media/content/wowproductimages/medium/066025.jpg,2020-09-20 15:36:09,,0,,True
6bf52999-9ead-4e6b-a68b-dafa37967a42,Woolworths Supermarket,Household,Post-it Super Sticky Notes Cube each,066119,$10.00,,https://www.woolworths.com.au/shop/productdetails/66119/post-it-super-sticky-notes-cube,https://cdn0.woolworths.media/content/wowproductimages/medium/066119.jpg,2020-09-20 15:36:09,,0,,True
06b712d1-1c33-4c8b-a567-c1443b33e0b3,Woolworths Supermarket,Household,Vevelle Toilet Paper 4ply 8 pack,067114,$4.40,$0.39 / 100SS,https://www.woolworths.com.au/shop/productdetails/67114/vevelle-toilet-paper-4ply,https://cdn0.woolworths.media/content/wowproductimages/medium/067114.jpg,2020-09-20 15:36:09,,0,,True
063d3e73-5698-4c86-97f1-d9bc6d2b4073,Woolworths Supermarket,Household,Spirax Platinum Notebook A5 120pg each,067577,$6.00,,https://www.woolworths.com.au/shop/productdetails/67577/spirax-platinum-notebook-a5-120pg,https://cdn0.woolworths.media/content/wowproductimages/medium/067577.jpg,2020-09-20 15:36:09,,0,Designs may vary,True
ddddf10e-1d13-4bc9-a14b-bc3693bf6973,Woolworths Supermarket,Household,Decor Tellfresh Storer Oblong Tall 800ml,068403,$2.50,,https://www.woolworths.com.au/shop/productdetails/68403/decor-tellfresh-storer-oblong-tall,https://cdn0.woolworths.media/content/wowproductimages/medium/068403.jpg,2020-09-20 15:36:09,,0,,True
248013d0-f8ca-4241-8ff7-538c6a20ca24,Woolworths Supermarket,Household,Essentials Candle Submarine Plain 6 pack,068475,$4.00,$0.67 / 1EA,https://www.woolworths.com.au/shop/productdetails/68475/essentials-candle-submarine-plain,https://cdn0.woolworths.media/content/wowproductimages/medium/068475.jpg,2020-09-20 15:36:09,,0,,True
1d8cca8f-6586-41a0-ae87-25132ed12d49,Woolworths Supermarket,Household,Papermate Liquid Paper Correction Tape each,069015,$7.00,,https://www.woolworths.com.au/shop/productdetails/69015/papermate-liquid-paper-correction-tape,https://cdn0.woolworths.media/content/wowproductimages/medium/069015.jpg,2020-09-20 15:36:09,,0,,True
5c2fb8d3-b2b7-4675-9f9d-bbc6f9dc789a,Woolworths Supermarket,Household,Glad Resealable Medium Storage Bags 15 pack,069146,$3.30,$0.22 / 1EA,https://www.woolworths.com.au/shop/productdetails/69146/glad-resealable-medium-storage-bags,https://cdn0.woolworths.media/content/wowproductimages/medium/069146.jpg,2020-09-20 15:36:09,,0,,True
7435aaf7-bd7b-4cc2-973d-b6552b4ed4bc,Woolworths Supermarket,Household,Dettol Antibacterial Disinfectant Liquid Solution 750ml,069455,$11.20,$1.49 / 100ML,https://www.woolworths.com.au/shop/productdetails/69455/dettol-antibacterial-disinfectant-liquid-solution,https://cdn0.woolworths.media/content/wowproductimages/medium/069455.jpg,2020-09-20 15:36:09,,0,,True
7e3a5dd6-e3d0-4b0e-b95f-427e737b2833,Woolworths Supermarket,Household,Multix Drawtight Roll Garbage Bags 56l 20pk,072563,$4.00,$0.20 / 1EA,https://www.woolworths.com.au/shop/productdetails/72563/multix-drawtight-roll-garbage-bags,https://cdn0.woolworths.media/content/wowproductimages/medium/072563.jpg,2020-09-20 15:36:09,,0,,True
0592a12c-a483-40d7-9f63-0ca150e6ba23,Woolworths Supermarket,Household,Strike Disinfectant Wipes Lemon 100 pack,518438,$3.50,$0.04 / 1EA,https://www.woolworths.com.au/shop/productdetails/518438/strike-disinfectant-wipes-lemon,https://cdn0.woolworths.media/content/wowproductimages/medium/518438.jpg,2020-09-20 15:36:09,Average product rating out of 5: 4.3. Product score is based on 2496 ratings,2496,,True
261d0f79-ebbd-4882-8517-387f28170d05,Woolworths Supermarket,Household,Pine O Cleen Disinfectant Antibacterial Lavender 1.25l,139515,$6.00,$0.48 / 100ML,https://www.woolworths.com.au/shop/productdetails/139515/pine-o-cleen-disinfectant-antibacterial-lavender,https://cdn0.woolworths.media/content/wowproductimages/medium/139515.jpg,2020-09-20 15:36:09,,0,,True
19726ced-453f-40c9-b024-b11283927f97,Woolworths Supermarket,Household,Quilton Tuffy Paper Towel White 4ply 3 pack,574728,$4.30,$2.39 / 100SS,https://www.woolworths.com.au/shop/productdetails/574728/quilton-tuffy-paper-towel-white-4ply,https://cdn0.woolworths.media/content/wowproductimages/medium/574728.jpg,2020-09-20 15:36:09,,0,,True
c8e340c0-c980-4be3-b0c4-9266938f3fe7,Woolworths Supermarket,Household,Viva Paper Towel White 3 pack,249921,$4.00,$2.22 / 100SS,https://www.woolworths.com.au/shop/productdetails/249921/viva-paper-towel-white,https://cdn0.woolworths.media/content/wowproductimages/medium/249921.jpg,2020-09-20 15:36:09,,0,Was $4.90 26/10/2017,True
2cc93565-a39b-4cb2-a0bf-e7d4b6b18d2e,Woolworths Supermarket,Household,Comfort Fabric Conditioner Vanilla Orchid 750ml,861324,$6.99,$9.32 / 1L,https://www.woolworths.com.au/shop/productdetails/861324/comfort-fabric-conditioner-vanilla-orchid,https://cdn0.woolworths.media/content/wowproductimages/medium/861324.jpg,2020-09-20 15:36:09,,0,,True
6c1bd7c9-3ecc-4663-a8ba-aa0025fa8013,Woolworths Supermarket,Household,Handee Ultra Paper Towel White 3 pack,252037,$4.40,$2.44 / 100SS,https://www.woolworths.com.au/shop/productdetails/252037/handee-ultra-paper-towel-white,https://cdn0.woolworths.media/content/wowproductimages/medium/252037.jpg,2020-09-20 15:36:09,,0,,True
33e53b3f-adcf-4b61-9ead-4a719912a738,Woolworths Supermarket,Household,Omo Sensitive Laundry Detergent Powder Front & Top Loader 2kg,471182,$11.00,$5.50 / 1KG,https://www.woolworths.com.au/shop/productdetails/471182/omo-sensitive-laundry-detergent-powder-front-top-loader,https://cdn0.woolworths.media/content/wowproductimages/medium/471182.jpg,2020-09-20 15:36:09,,0,,True
ef9f39e9-ce27-4f18-ad6d-3a2b3bcbe14c,Woolworths Supermarket,Household,Finish Powder Concentrate Classic Lemon 1kg,705056,$12.00,$1.20 / 100G,https://www.woolworths.com.au/shop/productdetails/705056/finish-powder-concentrate-classic-lemon,https://cdn0.woolworths.media/content/wowproductimages/medium/705056.jpg,2020-09-20 15:36:09,,0,,True
4348d536-8d3a-4c34-af02-75d14f3bd201,Woolworths Supermarket,Household,Shine Rinse Aid 500ml,686173,$2.90,$0.58 / 100ML,https://www.woolworths.com.au/shop/productdetails/686173/shine-rinse-aid,https://cdn0.woolworths.media/content/wowproductimages/medium/686173.jpg,2020-09-20 15:36:09,Average product rating out of 5: 4.8. Product score is based on 19 ratings,19,,True
ab1d1eb8-9c53-441e-b209-716223da36fb,Woolworths Supermarket,Household,Essentials Facial Tissues 224 pack,759496,$1.00,$0.45 / 100SS,https://www.woolworths.com.au/shop/productdetails/759496/essentials-facial-tissues,https://cdn0.woolworths.media/content/wowproductimages/medium/759496.jpg,2020-09-20 15:36:09,Average product rating out of 5: 3.9. Product score is based on 672 ratings,672,,True
bf4d4f9b-f7da-4b89-9fe4-a8d43f65aecd,Woolworths Supermarket,Household,Quilton Tuffy Paper Towel Triple Length 2 pack,785317,$6.00,$1.67 / 100SS,https://www.woolworths.com.au/shop/productdetails/785317/quilton-tuffy-paper-towel-triple-length,https://cdn0.woolworths.media/content/wowproductimages/medium/785317.jpg,2020-09-20 15:36:09,,0,Was $6.80 06/07/2020,True
a05d369f-504a-41a9-9b80-402e6c387989,Woolworths Supermarket,Household,Omo Ultimate Laundry Detergent Powder Front & Top Loader 5kg,430629,$30.00,$6.00 / 1KG,https://www.woolworths.com.au/shop/productdetails/430629/omo-ultimate-laundry-detergent-powder-front-top-loader,https://cdn0.woolworths.media/content/wowproductimages/medium/430629.jpg,2020-09-20 15:36:09,,0,,True
8eb3ca75-b328-4518-af24-640e14ea48be,Woolworths Supermarket,Household,Ecostore Fragrance Free Auto Dishwasher 50 tablets,774416,$19.00,$0.38 / 1EA,https://www.woolworths.com.au/shop/productdetails/774416/ecostore-fragrance-free-auto-dishwasher,https://cdn0.woolworths.media/content/wowproductimages/medium/774416.jpg,2020-09-20 15:36:09,,0,,True
8d917983-9b0a-423d-b2a6-a6d8e1c647fc,Woolworths Supermarket,Household,Kleenex Facial Tissues Aloe Vera 140 pack,032969,$3.00,$2.14 / 100SS,https://www.woolworths.com.au/shop/productdetails/32969/kleenex-facial-tissues-aloe-vera,https://cdn0.woolworths.media/content/wowproductimages/medium/032969.jpg,2020-09-20 15:36:09,,0,Was $3.85 20/01/2020,True
3f7dbe59-0a22-4394-8838-2cc4adc6e279,Woolworths Supermarket,Household,Glen 20 Disinfectant Spray Original Scent 300g,015587,$8.00,$2.67 / 100G,https://www.woolworths.com.au/shop/productdetails/15587/glen-20-disinfectant-spray-original-scent,https://cdn0.woolworths.media/content/wowproductimages/medium/015587.jpg,2020-09-20 15:36:09,,0,,True
b0a8b4d6-5268-4a17-9787-a7162ed96bc9,Woolworths Supermarket,Household,Glad Baking Paper 25m,299138,$6.00,$0.24 / 1M,https://www.woolworths.com.au/shop/productdetails/299138/glad-baking-paper,https://cdn0.woolworths.media/content/wowproductimages/medium/299138.jpg,2020-09-20 15:36:09,,0,,True
873a078f-7741-450e-842c-d354bc7e5e5b,Woolworths Supermarket,Household,Handee Ultra Paper Towel White 2 pack,019787,$3.50,$2.92 / 100SS,https://www.woolworths.com.au/shop/productdetails/19787/handee-ultra-paper-towel-white,https://cdn0.woolworths.media/content/wowproductimages/medium/019787.jpg,2020-09-20 15:36:09,,0,,True
59553865-b96a-437c-846d-1d06852dc10c,Woolworths Supermarket,Household,Morning Fresh Dishwashing Liquid Raspberry & Crisp Apple 900ml,588994,$3.75,$0.42 / 100ML,https://www.woolworths.com.au/shop/productdetails/588994/morning-fresh-dishwashing-liquid-raspberry-crisp-apple,https://cdn0.woolworths.media/content/wowproductimages/medium/588994.jpg,2020-09-20 15:36:09,,0,,True
429f3f04-2bc5-49d1-93ad-d9ba99244ff2,Woolworths Supermarket,Household,Pine O Cleen Disinfectant Eucalyptus 1.25l,070022,$6.00,$0.48 / 100ML,https://www.woolworths.com.au/shop/productdetails/70022/pine-o-cleen-disinfectant-eucalyptus,https://cdn0.woolworths.media/content/wowproductimages/medium/070022.jpg,2020-09-20 15:36:09,,0,,True
c1573af3-f675-4e9e-bc91-9b9d4fadb34c,Woolworths Supermarket,Household,Who Magazine each,070139,$5.30,,https://www.woolworths.com.au/shop/productdetails/70139/who-magazine,https://cdn0.woolworths.media/content/wowproductimages/medium/070139.jpg,2020-09-20 15:36:09,,0,Offer Details Here,True
83a05183-76e2-4df6-afac-7ee0b8d3ae1a,Woolworths Supermarket,Household,Perfect World Pictures Downton Abbey Dvd 1ea,070327,$16.00,,https://www.woolworths.com.au/shop/productdetails/70327/perfect-world-pictures-downton-abbey-dvd,https://cdn0.woolworths.media/content/wowproductimages/medium/070327.jpg,2020-09-20 15:36:09,,0,,True
25a49181-0bd3-4a8c-8576-ce0c289de021,Woolworths Supermarket,Household,Energizer Max 9v Batteries 2 pack,070360,$12.20,$6.10 / 1EA,https://www.woolworths.com.au/shop/productdetails/70360/energizer-max-9v-batteries,https://cdn0.woolworths.media/content/wowproductimages/medium/070360.jpg,2020-09-20 15:36:09,,0,,True
35f91199-a98c-4590-b4cf-1da47afe5deb,Woolworths Supermarket,Household,Energizer Aa Batteries 10 pack,070613,$10.00,$1.00 / 1EA,https://www.woolworths.com.au/shop/productdetails/70613/energizer-aa-batteries,https://cdn0.woolworths.media/content/wowproductimages/medium/070613.jpg,2020-09-20 15:36:09,,0,Was $13.17 01/05/2017,True
e5cd70f3-b138-4322-afda-f5a64a73f118,Woolworths Supermarket,Household,Energizer Max Type D Batteries 4 pack,070655,$12.00,$3.00 / 1EA,https://www.woolworths.com.au/shop/productdetails/70655/energizer-max-type-d-batteries,https://cdn0.woolworths.media/content/wowproductimages/medium/070655.jpg,2020-09-20 15:36:09,,0,,True
e573514c-3704-47ee-8dbb-14bca0817856,Woolworths Supermarket,Household,Cavalier Breamworth Floor Carpet Stain Remover 350g,071071,$8.70,$2.49 / 100G,https://www.woolworths.com.au/shop/productdetails/71071/cavalier-breamworth-floor-carpet-stain-remover,https://cdn0.woolworths.media/content/wowproductimages/medium/071071.jpg,2020-09-20 15:36:09,,0,,True
f3ccf13b-c136-44fe-b6d9-2ceaa790d4cc,Woolworths Supermarket,Household,Vogue Australia each,071175,$8.99,,https://www.woolworths.com.au/shop/productdetails/71175/vogue-australia,https://cdn0.woolworths.media/content/wowproductimages/medium/071175.jpg,2020-09-20 15:36:09,,0,,True
50486af6-a09f-458a-858a-cb84bcab6a55,Woolworths Supermarket,Household,Vogue Living Magazine each,071176,$10.99,,https://www.woolworths.com.au/shop/productdetails/71176/vogue-living-magazine,https://cdn0.woolworths.media/content/wowproductimages/medium/071176.jpg,2020-09-20 15:36:09,,0,,True
ba04f86c-c69a-4c1e-96fc-5c67d64fe5c4,Woolworths Supermarket,Household,Sheer Relief Pantyhose Control Support Mini Tan Tall each,071597,$8.00,,https://www.woolworths.com.au/shop/productdetails/71597/sheer-relief-pantyhose-control-support-mini-tan-tall,https://cdn0.woolworths.media/content/wowproductimages/medium/071597.jpg,2020-09-20 15:36:09,,0,,True
7a106b56-0ac4-4c6d-a708-5b1a839fa135,Woolworths Supermarket,Household,Breville 2 Slice Sandwich Maker each,072459,$49.00,,https://www.woolworths.com.au/shop/productdetails/72459/breville-2-slice-sandwich-maker,https://cdn0.woolworths.media/content/wowproductimages/medium/072459.jpg,2020-09-20 15:36:09,,0,,True
94b7ff5c-5579-4496-93d1-0b3d9817bf91,Woolworths Supermarket,Household,Multix Drawtight Roll Garbage Bags 56l 20pk,072563,$4.00,$0.20 / 1EA,https://www.woolworths.com.au/shop/productdetails/72563/multix-drawtight-roll-garbage-bags,https://cdn0.woolworths.media/content/wowproductimages/medium/072563.jpg,2020-09-20 15:36:09,,0,,True
7baf8eef-25af-4ab0-844a-090d3705c839,Woolworths Supermarket,Household,Energizer Max Aaa Batteries 4 pack,073629,$5.50,$1.38 / 1EA,https://www.woolworths.com.au/shop/productdetails/73629/energizer-max-aaa-batteries,https://cdn0.woolworths.media/content/wowproductimages/medium/073629.jpg,2020-09-20 15:36:09,,0,Was $8.60 01/05/2017,True
8960e697-8f22-420d-b8ba-f2d53a67618a,Woolworths Supermarket,Household,Ansell Gloves Handy Clean Disposable 24 pack,073987,$6.00,$0.25 / 1EA,https://www.woolworths.com.au/shop/productdetails/73987/ansell-gloves-handy-clean-disposable,https://cdn0.woolworths.media/content/wowproductimages/medium/073987.jpg,2020-09-20 15:36:09,,0,,True
78606c96-a590-4121-9b58-a5bc9d383f7a,Woolworths Supermarket,Household,Clr Multipurpose Cleaner - Calcium Limescale & Rust 750ml,074394,$13.80,$1.84 / 100ML,https://www.woolworths.com.au/shop/productdetails/74394/clr-multipurpose-cleaner-calcium-limescale-rust,https://cdn0.woolworths.media/content/wowproductimages/medium/074394.jpg,2020-09-20 15:36:09,,0,,True
4b358f59-a5cc-4392-988b-0a436c502e92,Woolworths Supermarket,Household,Hatchimals Colleggtibles Pixies - Vacay Style each,074712,$12.00,,https://www.woolworths.com.au/shop/productdetails/74712/hatchimals-colleggtibles-pixies-vacay-style,https://cdn0.woolworths.media/content/wowproductimages/medium/074712.jpg,2020-09-20 15:36:09,,0,,True
23a2a916-317f-48b7-80f2-ae606a6acd83,Woolworths Supermarket,Household,Valvoline Motor Oil Xld Premium 20w-50 1l,075089,$17.00,$1.70 / 100ML,https://www.woolworths.com.au/shop/productdetails/75089/valvoline-motor-oil-xld-premium-20w-50,https://cdn0.woolworths.media/content/wowproductimages/medium/075089.jpg,2020-09-20 15:36:09,,0,,True
8a38aead-3fb8-4e40-821e-854dd29ae140,Woolworths Supermarket,Household,Selleys All Clear All Clear Water Resistant 260g,075353,$13.50,$5.19 / 100G,https://www.woolworths.com.au/shop/productdetails/75353/selleys-all-clear-all-clear-water-resistant,https://cdn0.woolworths.media/content/wowproductimages/medium/075353.jpg,2020-09-20 15:36:09,,0,,True
529ef38b-8cee-4aa6-aa6f-19ca82b66584,Woolworths Supermarket,Household,Selleys Adhesive Liquid Nails 100g,075383,$7.50,$7.50 / 100G,https://www.woolworths.com.au/shop/productdetails/75383/selleys-adhesive-liquid-nails,https://cdn0.woolworths.media/content/wowproductimages/medium/075383.jpg,2020-09-20 15:36:09,,0,,True
48418553-65d4-4f2d-9dcb-8bc00828e1db,Woolworths Supermarket,Household,Selleys Sealant Wet Area Silicone 75g,075577,$9.00,$12.00 / 100G,https://www.woolworths.com.au/shop/productdetails/75577/selleys-sealant-wet-area-silicone,https://cdn0.woolworths.media/content/wowproductimages/medium/075577.jpg,2020-09-20 15:36:09,,0,,True
b1884348-fe33-4c69-b4c4-697bc1135862,Woolworths Supermarket,Household,Beyblade Hypersphere each,075757,$14.00,,https://www.woolworths.com.au/shop/productdetails/75757/beyblade-hypersphere,https://cdn0.woolworths.media/content/wowproductimages/medium/075757.jpg,2020-09-20 15:36:09,,0,,True
f9b1e7a8-514d-4c51-a04b-612fea9d3490,Woolworths Supermarket,Household,Woolworths Bbq Foil Tray Medium 3 pack,075770,$4.00,$1.33 / 1EA,https://www.woolworths.com.au/shop/productdetails/75770/woolworths-bbq-foil-tray-medium,https://cdn0.woolworths.media/content/wowproductimages/medium/075770.jpg,2020-09-20 15:36:09,,0,,True
f9f27f46-2fc6-4d1e-92fc-62518b5288ef,Woolworths Supermarket,Household,Korbond Whiz Pop Bang Sparkling Candles 24 pack,075993,$2.00,$2.00 / 1EA,https://www.woolworths.com.au/shop/productdetails/75993/korbond-whiz-pop-bang-sparkling-candles,https://cdn0.woolworths.media/content/wowproductimages/medium/075993.jpg,2020-09-20 15:36:09,,0,,True
f7af58bb-ca23-4dc2-b072-bf50da958c56,Woolworths Supermarket,Household,Korbond Whiz Pop Bang Happy Birthday Party Pack 3 pack,075994,$5.00,$5.00 / 1EA,https://www.woolworths.com.au/shop/productdetails/75994/korbond-whiz-pop-bang-happy-birthday-party-pack,https://cdn0.woolworths.media/content/wowproductimages/medium/075994.jpg,2020-09-20 15:36:09,,0,,True
61f8c57d-252d-4392-9d0e-307cb4140a97,Woolworths Supermarket,Household,Selleys Diy Rapid Spakfilla 400ml,076009,$13.00,$3.25 / 100ML,https://www.woolworths.com.au/shop/productdetails/76009/selleys-diy-rapid-spakfilla,https://cdn0.woolworths.media/content/wowproductimages/medium/076009.jpg,2020-09-20 15:36:09,,0,,True
8b5e33ad-3193-40fc-83c3-d227354ed008,Woolworths Supermarket,Household,Korbond Whiz Pop Bang 1st Foil Variety Balloon Pack 5 pack,076067,$8.00,,https://www.woolworths.com.au/shop/productdetails/76067/korbond-whiz-pop-bang-1st-foil-variety-balloon-pack,https://cdn0.woolworths.media/content/wowproductimages/medium/076067.jpg,2020-09-20 15:36:09,,0,,True
81a51c3d-c1ff-4d11-8474-b0121686b632,Woolworths Supermarket,Household,Korbond Whiz Pop Bang Glow Unicorn Wand each,076069,$2.50,$2.50 / 1EA,https://www.woolworths.com.au/shop/productdetails/76069/korbond-whiz-pop-bang-glow-unicorn-wand,https://cdn0.woolworths.media/content/wowproductimages/medium/076069.jpg,2020-09-20 15:36:09,,0,,True
2e726426-9808-4355-91ac-6ba97b49e0f1,Woolworths Supermarket,Household,Korbond Whiz Pop Bang Smile Face Balloons 20 pack,076074,$3.00,$0.15 / 1EA,https://www.woolworths.com.au/shop/productdetails/76074/korbond-whiz-pop-bang-smile-face-balloons,https://cdn0.woolworths.media/content/wowproductimages/medium/076074.jpg,2020-09-20 15:36:09,,0,,True
dcaeea36-7eb8-4e4c-81c6-212974eea046,Woolworths Supermarket,Household,Korbond Whiz Pop Bang Foil Balloon Round Assorted each,076076,$2.00,$2.00 / 1EA,https://www.woolworths.com.au/shop/productdetails/76076/korbond-whiz-pop-bang-foil-balloon-round-assorted,https://cdn0.woolworths.media/content/wowproductimages/medium/076076.jpg,2020-09-20 15:36:09,,0,,True
08bd2dad-09bf-4ccd-ba07-473428bf7ad6,Woolworths Supermarket,Household,Korbond Whiz Pop Bang Dinosaur Balloons 15 pack,076115,$5.00,$0.50 / 1EA,https://www.woolworths.com.au/shop/productdetails/76115/korbond-whiz-pop-bang-dinosaur-balloons,https://cdn0.woolworths.media/content/wowproductimages/medium/076115.jpg,2020-09-20 15:36:09,,0,,True
77fe9bee-4e71-414c-ae51-0371ba42cbbb,Woolworths Supermarket,Household,Korbond Whiz Pop Bang Giant Confetti Balloons 2 pack,076119,$10.00,$5.00 / 1EA,https://www.woolworths.com.au/shop/productdetails/76119/korbond-whiz-pop-bang-giant-confetti-balloons,https://cdn0.woolworths.media/content/wowproductimages/medium/076119.jpg,2020-09-20 15:36:09,,0,,True
7657de09-49da-49e2-a774-ff47ae1b06f4,Woolworths Supermarket,Household,Korbond Whiz Pop Bang Printed Unicorn Balloons 15 pack,076142,$5.00,$0.33 / 1EA,https://www.woolworths.com.au/shop/productdetails/76142/korbond-whiz-pop-bang-printed-unicorn-balloons,https://cdn0.woolworths.media/content/wowproductimages/medium/076142.jpg,2020-09-20 15:36:09,,0,,True
b944d740-8d0e-4f91-b436-497a746a88b9,Woolworths Supermarket,Household,Selleys Adhesive Araldite 5 Minute Dispenser 24ml,076793,$11.50,$47.92 / 100ML,https://www.woolworths.com.au/shop/productdetails/76793/selleys-adhesive-araldite-5-minute-dispenser,https://cdn0.woolworths.media/content/wowproductimages/medium/076793.jpg,2020-09-20 15:36:09,,0,,True
3ad9852e-ff66-41c9-87d9-953204977d12,Woolworths Supermarket,Household,Energizer 2450 Lithium Battery each,077209,$5.49,$5.49 / 1EA,https://www.woolworths.com.au/shop/productdetails/77209/energizer-2450-lithium-battery,https://cdn0.woolworths.media/content/wowproductimages/medium/077209.jpg,2020-09-20 15:36:09,,0,,True
05d0a62f-2835-4939-80b5-900c9f3872cc,Woolworths Supermarket,Household,Energizer Lithium Ultimate Aa Batteries 2 pack,077216,$14.00,$7.00 / 1EA,https://www.woolworths.com.au/shop/productdetails/77216/energizer-lithium-ultimate-aa-batteries,https://cdn0.woolworths.media/content/wowproductimages/medium/077216.jpg,2020-09-20 15:36:09,,0,,True
2b6247d7-d4e4-49db-826e-ffacc18779e2,Woolworths Supermarket,Household,Dollar Sweets Happy Birthday Silver Cake Topper each,077331,$3.00,$3.00 / 1EA,https://www.woolworths.com.au/shop/productdetails/77331/dollar-sweets-happy-birthday-silver-cake-topper,https://cdn0.woolworths.media/content/wowproductimages/medium/077331.jpg,2020-09-20 15:36:09,,0,,True
663d8b93-b696-4ab9-a68a-ede75703cf29,Woolworths Supermarket,Household,Selleys Adhesive Fix & Go Supa Glue 3ml,077476,$2.85,$95.00 / 100ML,https://www.woolworths.com.au/shop/productdetails/77476/selleys-adhesive-fix-go-supa-glue,https://cdn0.woolworths.media/content/wowproductimages/medium/077476.jpg,2020-09-20 15:36:09,,0,,True
446ca78f-b9c1-4dbe-8cc2-c928d5d738c0,Woolworths Supermarket,Household,Oakwood Shoe Gel Cleaner 120ml,078059,$8.00,$6.67 / 100ML,https://www.woolworths.com.au/shop/productdetails/78059/oakwood-shoe-gel-cleaner,https://cdn0.woolworths.media/content/wowproductimages/medium/078059.jpg,2020-09-20 15:36:09,,0,,True
ddcff06a-d0bb-4f43-9d7c-2167602598a0,Woolworths Supermarket,Household,Oakwood Hydrating Leather Conditioner 75ml,078141,$6.40,$8.53 / 100ML,https://www.woolworths.com.au/shop/productdetails/78141/oakwood-hydrating-leather-conditioner,https://cdn0.woolworths.media/content/wowproductimages/medium/078141.jpg,2020-09-20 15:36:09,,0,,True
4aea77cc-03cf-4e3f-bcf9-4d41942e6d88,Woolworths Supermarket,Household,Glade Essential Oils Candle Smoldering Volcanic Coconut 96g,078175,$6.00,,https://www.woolworths.com.au/shop/productdetails/78175/glade-essential-oils-candle-smoldering-volcanic-coconut,https://cdn0.woolworths.media/content/wowproductimages/medium/078175.jpg,2020-09-20 15:36:09,,0,Was $6.99 12/01/2017,True
57670e35-5b30-4125-b6da-abe20ef5708b,Woolworths Supermarket,Household,Palmolive Eco Antibacterial Dishwashing Liquid Lavender Rosemary 450ml,078210,$4.00,$0.89 / 100ML,https://www.woolworths.com.au/shop/productdetails/78210/palmolive-eco-antibacterial-dishwashing-liquid-lavender-rosemary,https://cdn0.woolworths.media/content/wowproductimages/medium/078210.jpg,2020-09-20 15:36:09,,0,,True
8a6202a7-e8cc-4ff4-994b-4ee45fe7d485,Woolworths Supermarket,Household,Finish Quantum Ultimate Pro Dishwasher Tablets Lemon 16 pack,078637,$8.50,$0.53 / 1EA,https://www.woolworths.com.au/shop/productdetails/78637/finish-quantum-ultimate-pro-dishwasher-tablets-lemon,https://cdn0.woolworths.media/content/wowproductimages/medium/078637.jpg,2020-09-20 15:36:09,,0,,True
8bed07e1-a037-4ca8-b27b-175c036fc298,Woolworths Supermarket,Household,Finish Quantum Ultimate Pro Dishwasher Tablets Lemon 32 pack,078638,$16.00,$0.50 / 1EA,https://www.woolworths.com.au/shop/productdetails/78638/finish-quantum-ultimate-pro-dishwasher-tablets-lemon,https://cdn0.woolworths.media/content/wowproductimages/medium/078638.jpg,2020-09-20 15:36:09,,0,,True
aae42547-32c8-4d80-b362-4ca43886474f,Woolworths Supermarket,Household,Finish Quantum Ultimate Pro Dishwasher Tablets Regular 32 pack,078641,$16.00,$0.50 / 1EA,https://www.woolworths.com.au/shop/productdetails/78641/finish-quantum-ultimate-pro-dishwasher-tablets-regular,https://cdn0.woolworths.media/content/wowproductimages/medium/078641.jpg,2020-09-20 15:36:09,,0,,True
ec5b9ebb-0d6a-44bd-a8a8-6829e6f4278c,Woolworths Supermarket,Household,Finish Quantum Ultimate Pro Dishwasher Tablets Lemon 48 pack,078644,$38.00,$0.79 / 1EA,https://www.woolworths.com.au/shop/productdetails/78644/finish-quantum-ultimate-pro-dishwasher-tablets-lemon,https://cdn0.woolworths.media/content/wowproductimages/medium/078644.jpg,2020-09-20 15:36:09,,0,,True
1bb73eaa-38dc-48a2-a9c4-fdd67c68fe34,Woolworths Supermarket,Household,Air Wick Botanica Vanilla & Himalayan Magnolia Refills 19ml x2 pack,078649,$12.50,$3.29 / 10ML,https://www.woolworths.com.au/shop/productdetails/78649/air-wick-botanica-vanilla-himalayan-magnolia-refills,https://cdn0.woolworths.media/content/wowproductimages/medium/078649.jpg,2020-09-20 15:36:09,,0,2 for $24.00 $3.16/10ML,True
c900ab9a-bb8e-48a9-ad3e-8083ab074ad9,Woolworths Supermarket,Household,Air Wick Botanica Fresh Pineapple & Tunisian Rosemary Room Spray 236ml,078655,$7.50,$3.18 / 100ML,https://www.woolworths.com.au/shop/productdetails/78655/air-wick-botanica-fresh-pineapple-tunisian-rosemary-room-spray,https://cdn0.woolworths.media/content/wowproductimages/medium/078655.jpg,2020-09-20 15:36:09,,0,,True
2bb2a769-df8d-4e80-86f0-d319eb841eb5,Woolworths Supermarket,Household,Air Wick Botanica Island Rose & African Geranium Room Spray 236ml,078656,$7.50,$3.18 / 100ML,https://www.woolworths.com.au/shop/productdetails/78656/air-wick-botanica-island-rose-african-geranium-room-spray,https://cdn0.woolworths.media/content/wowproductimages/medium/078656.jpg,2020-09-20 15:36:09,,0,,True
d7cdc2d2-e345-4708-8594-4333a0b3d14d,Woolworths Supermarket,Household,Air Wick Botanica Reed Diffuser Vanilla & Himalayan Magnolia 80ml,078659,$11.50,$1.44 / 10ML,https://www.woolworths.com.au/shop/productdetails/78659/air-wick-botanica-reed-diffuser-vanilla-himalayan-magnolia,https://cdn0.woolworths.media/content/wowproductimages/medium/078659.jpg,2020-09-20 15:36:09,,0,,True
68ff665f-3cd8-4ce3-ada4-244cea478a59,Woolworths Supermarket,Household,Air Wick Botanica Reed Diffuser Fresh Pineapple & Tunisian Rosemary 80ml,078660,$11.50,$1.44 / 10ML,https://www.woolworths.com.au/shop/productdetails/78660/air-wick-botanica-reed-diffuser-fresh-pineapple-tunisian-rosemary,https://cdn0.woolworths.media/content/wowproductimages/medium/078660.jpg,2020-09-20 15:36:09,,0,,True
65e25978-6519-4e9f-a16a-6758ccfff4d0,Woolworths Supermarket,Household,Air Wick Botanica Island Rose & African Geranium Scented Candle each,078661,,,https://www.woolworths.com.au/shop/productdetails/78661/air-wick-botanica-island-rose-african-geranium-scented-candle,https://cdn0.woolworths.media/content/wowproductimages/medium/078661.jpg,2020-09-20 15:36:09,,0,,False
a8db87c1-6011-491a-b7a4-7057445b3f86,Woolworths Supermarket,Household,Clean Air Manual Spray Air Freshener Alpine Refill 125g,078677,$3.35,$0.27 / 10G,https://www.woolworths.com.au/shop/productdetails/78677/clean-air-manual-spray-air-freshener-alpine-refill,https://cdn0.woolworths.media/content/wowproductimages/medium/078677.jpg,2020-09-20 15:36:09,,0,,True
cd991b03-6b59-4dd2-ab6c-bba4849052eb,Woolworths Supermarket,Household,Korbond Whiz Pop Bang Propellers 8 pack,078679,$4.00,$0.50 / 1EA,https://www.woolworths.com.au/shop/productdetails/78679/korbond-whiz-pop-bang-propellers,https://cdn0.woolworths.media/content/wowproductimages/medium/078679.jpg,2020-09-20 15:36:09,,0,,True
68cae59b-4f10-46d8-8263-02a184966a48,Woolworths Supermarket,Household,Essentials Steam Iron each,078776,$12.00,,https://www.woolworths.com.au/shop/productdetails/78776/essentials-steam-iron,https://cdn0.woolworths.media/content/wowproductimages/medium/078776.jpg,2020-09-20 15:36:09,,0,,True
80ea766f-74f5-4fcf-bdd0-d9fb13867482,Woolworths Supermarket,Household,Adesso Steam Iron each,078777,$19.00,,https://www.woolworths.com.au/shop/productdetails/78777/adesso-steam-iron,https://cdn0.woolworths.media/content/wowproductimages/medium/078777.jpg,2020-09-20 15:36:09,,0,,True
73694c16-e7a6-49c0-9a60-a5c94d0a6c6f,Woolworths Supermarket,Household,Air Wick Botanica Vanilla & Himalayan Magnolia Diffuser + Refill 19ml,078823,$12.50,$6.58 / 10ML,https://www.woolworths.com.au/shop/productdetails/78823/air-wick-botanica-vanilla-himalayan-magnolia-diffuser-refill,https://cdn0.woolworths.media/content/wowproductimages/medium/078823.jpg,2020-09-20 15:36:09,,0,,True
5431fe67-6d8b-4e2f-b050-6a28fb5f4e4c,Woolworths Supermarket,Household,Air Wick Botanica Fresh Pineapple & Rosemary Diffuser + Refill each,078824,$12.50,$6.58 / 10ML,https://www.woolworths.com.au/shop/productdetails/78824/air-wick-botanica-fresh-pineapple-rosemary-diffuser-refill,https://cdn0.woolworths.media/content/wowproductimages/medium/078824.jpg,2020-09-20 15:36:09,,0,,True
a75c67c5-92a3-462f-a789-7b27110ef8f0,Woolworths Supermarket,Household,Air Wick Botanica Island Rose & African Geranium Reed Diffuser 80ml,079095,$11.50,$1.44 / 10ML,https://www.woolworths.com.au/shop/productdetails/79095/air-wick-botanica-island-rose-african-geranium-reed-diffuser,https://cdn0.woolworths.media/content/wowproductimages/medium/079095.jpg,2020-09-20 15:36:09,,0,,True
ece4d353-7af1-4360-be57-ccca9050f744,Woolworths Supermarket,Household,Mistral 3.5l Air Fryer each,079116,$49.00,,https://www.woolworths.com.au/shop/productdetails/79116/mistral-3-5l-air-fryer,https://cdn0.woolworths.media/content/wowproductimages/medium/079116.jpg,2020-09-20 15:36:09,,0,,True
9ecc177d-2645-463d-9af3-a1965c5a9ba5,Woolworths Supermarket,Household,Mistral 4 Pie Maker each,079117,$29.00,,https://www.woolworths.com.au/shop/productdetails/79117/mistral-4-pie-maker,https://cdn0.woolworths.media/content/wowproductimages/medium/079117.jpg,2020-09-20 15:36:09,,0,,True
d5ac5046-91fe-4773-b03f-412461dc7e7b,Woolworths Supermarket,Household,Mortein Insect Spray Multi Insect Killer 300g,079118,$6.35,$2.12 / 100G,https://www.woolworths.com.au/shop/productdetails/79118/mortein-insect-spray-multi-insect-killer,https://cdn0.woolworths.media/content/wowproductimages/medium/079118.jpg,2020-09-20 15:36:09,,0,Was $6.49 02/09/2019,True
eee81e91-d544-4c0f-bf6d-74f71fb362b2,Woolworths Supermarket,Household,Kleenex Facial Tissues Extra Care Eucalyptus 95 pack,079492,$1.56,$1.64 / 100SS,https://www.woolworths.com.au/shop/productdetails/79492/kleenex-facial-tissues-extra-care-eucalyptus,https://cdn0.woolworths.media/content/wowproductimages/medium/079492.jpg,2020-09-20 15:36:09,,0,,True
0396b482-23b8-488b-b2ca-eab10093cb90,Woolworths Supermarket,Household,Kleenex Aloe Vera Facial Tissues 95 pack,079502,$1.56,$1.64 / 100SS,https://www.woolworths.com.au/shop/productdetails/79502/kleenex-aloe-vera-facial-tissues,https://cdn0.woolworths.media/content/wowproductimages/medium/079502.jpg,2020-09-20 15:36:09,,0,,True
8b56c1e1-0baa-4803-9d54-87ba59ba1713,Woolworths Supermarket,Household,Essentials Pvc Bath Mat 68cm X 39cm each,079530,$10.00,,https://www.woolworths.com.au/shop/productdetails/79530/essentials-pvc-bath-mat-68cm-x-39cm,https://cdn0.woolworths.media/content/wowproductimages/medium/079530.jpg,2020-09-20 15:36:09,,0,,True
fe72250c-e99f-427c-aa42-caabab054030,Woolworths Supermarket,Household,Essentials Sink Plug each,079693,$2.00,,https://www.woolworths.com.au/shop/productdetails/79693/essentials-sink-plug,https://cdn0.woolworths.media/content/wowproductimages/medium/079693.jpg,2020-09-20 15:36:09,,0,,True
3d4d1e1a-dbe9-4382-8448-86426abe2d39,Woolworths Supermarket,Household,Essentials Pizza Cutter Plastic each,079694,$2.00,,https://www.woolworths.com.au/shop/productdetails/79694/essentials-pizza-cutter-plastic,https://cdn0.woolworths.media/content/wowproductimages/medium/079694.jpg,2020-09-20 15:36:09,,0,,True
92e9b4dc-b609-42b5-89a9-8ce016b2be3b,Woolworths Supermarket,Household,Mint Cheese Knives 3 pack,079700,$9.00,,https://www.woolworths.com.au/shop/productdetails/79700/mint-cheese-knives,https://cdn0.woolworths.media/content/wowproductimages/medium/079700.jpg,2020-09-20 15:36:09,,0,,True
c70591e8-e05d-461f-a406-8981dda54640,Woolworths Supermarket,Household,Inspire Waffle Blanket Cotton Queen Assorted each,079784,$35.00,,https://www.woolworths.com.au/shop/productdetails/79784/inspire-waffle-blanket-cotton-queen-assorted,https://cdn0.woolworths.media/content/wowproductimages/medium/079784.jpg,2020-09-20 15:36:09,,0,Designs may vary,True
822ac486-1228-4257-bf16-479fffb41684,Woolworths Supermarket,Household,Palmolive Eco Antibacterial Dish Washing Liquid Orange & Ginger 450ml,079957,$4.00,$0.89 / 100ML,https://www.woolworths.com.au/shop/productdetails/79957/palmolive-eco-antibacterial-dish-washing-liquid-orange-ginger,https://cdn0.woolworths.media/content/wowproductimages/medium/079957.jpg,2020-09-20 15:36:09,,0,,True
9c98db79-69b8-4348-a473-922728ce2097,Woolworths Supermarket,Household,Palmolive Eco Antibacterial Dishwashing Liquid Coconut & Lime 450ml,080042,$4.00,$0.89 / 100ML,https://www.woolworths.com.au/shop/productdetails/80042/palmolive-eco-antibacterial-dishwashing-liquid-coconut-lime,https://cdn0.woolworths.media/content/wowproductimages/medium/080042.jpg,2020-09-20 15:36:09,,0,,True
aef0d9e2-fa3e-4fa7-a0f9-285f7a8e2e9f,Woolworths Supermarket,Household,Neat Feat Spandex Gel Arch Cushion each,080049,$21.00,$21.00 / 1EA,https://www.woolworths.com.au/shop/productdetails/80049/neat-feat-spandex-gel-arch-cushion,https://cdn0.woolworths.media/content/wowproductimages/medium/080049.jpg,2020-09-20 15:36:09,,0,,True
772bb9de-78d9-4869-ae33-689e49f408b9,Woolworths Supermarket,Household,Thomas & Friends Reward Chart Sticker Book each,080400,$4.00,,https://www.woolworths.com.au/shop/productdetails/80400/thomas-friends-reward-chart-sticker-book,https://cdn0.woolworths.media/content/wowproductimages/medium/080400.jpg,2020-09-20 15:36:09,,0,,True
1dc3edc6-e5ce-4c61-b51a-5ae3c75dd7f0,Woolworths Supermarket,Household,Fairy Dishwashing Liquid Original 495ml,080491,$5.00,$1.01 / 100ML,https://www.woolworths.com.au/shop/productdetails/80491/fairy-dishwashing-liquid-original,https://cdn0.woolworths.media/content/wowproductimages/medium/080491.jpg,2020-09-20 15:36:09,,0,,True
a67cc651-2d45-45df-bf4b-01ec307c2e87,Woolworths Supermarket,Household,Fairy Dishwashing Liquid Lemon 495ml,080512,$5.00,$1.01 / 100ML,https://www.woolworths.com.au/shop/productdetails/80512/fairy-dishwashing-liquid-lemon,https://cdn0.woolworths.media/content/wowproductimages/medium/080512.jpg,2020-09-20 15:36:09,,0,,True
8a630b13-5dd8-41df-8219-fb34190302e8,Woolworths Supermarket,Household,Fairy Dishwashing Spray Lemon 300ml,080513,$7.50,$2.50 / 100ML,https://www.woolworths.com.au/shop/productdetails/80513/fairy-dishwashing-spray-lemon,https://cdn0.woolworths.media/content/wowproductimages/medium/080513.jpg,2020-09-20 15:36:09,,0,,True
ef78c05e-bb6e-4774-8fac-f7b8a8cd03e9,Woolworths Supermarket,Household,Finish Quantum Ultimate Dishwasher Tablets Lemon 80 pack,080746,$32.00,$0.40 / 1EA,https://www.woolworths.com.au/shop/productdetails/80746/finish-quantum-ultimate-dishwasher-tablets-lemon,https://cdn0.woolworths.media/content/wowproductimages/medium/080746.jpg,2020-09-20 15:36:09,,0,,True
47c26a5b-84e4-4b1a-ae4b-31e27e70076a,Woolworths Supermarket,Household,Trolls Tour Figurine Assorted each,080747,$10.00,,https://www.woolworths.com.au/shop/productdetails/80747/trolls-tour-figurine-assorted,https://cdn0.woolworths.media/content/wowproductimages/medium/080747.jpg,2020-09-20 15:36:09,,0,,True
cb7de831-b1de-48a0-bced-9bdc5ecb58cc,Woolworths Supermarket,Household,Inkcredibles Magic Ink Pictures 1ea,080838,$7.99,,https://www.woolworths.com.au/shop/productdetails/80838/inkcredibles-magic-ink-pictures,https://cdn0.woolworths.media/content/wowproductimages/medium/080838.jpg,2020-09-20 15:36:09,,0,,True
18cb2ea0-1729-4b4b-a95d-4522d1061731,Woolworths Supermarket,Household,Scholl Shock Reducer Shoe Base Insoles each,080858,$10.00,$10.00 / 1EA,https://www.woolworths.com.au/shop/productdetails/80858/scholl-shock-reducer-shoe-base-insoles,https://cdn0.woolworths.media/content/wowproductimages/medium/080858.jpg,2020-09-20 15:36:09,,0,,True
6aabc52b-fb08-400e-a9a1-93a59caafd4b,Woolworths Supermarket,Household,Scholl Air Cushion Shoe Insoles each,081222,$10.00,$10.00 / 1EA,https://www.woolworths.com.au/shop/productdetails/81222/scholl-air-cushion-shoe-insoles,https://cdn0.woolworths.media/content/wowproductimages/medium/081222.jpg,2020-09-20 15:36:09,,0,,True
fc1347a1-6288-4984-adf4-b8dc2c72ee40,Woolworths Supermarket,Household,Scholl Odour Buster Show Base Insoles each,081224,$10.00,$10.00 / 1EA,https://www.woolworths.com.au/shop/productdetails/81224/scholl-odour-buster-show-base-insoles,https://cdn0.woolworths.media/content/wowproductimages/medium/081224.jpg,2020-09-20 15:36:09,,0,,True
a1ea622a-c0cd-4510-958a-ac9c6f32468b,Woolworths Supermarket,Household,Treasurex Fire Vs Ice Assortment each,081279,$15.00,,https://www.woolworths.com.au/shop/productdetails/81279/treasurex-fire-vs-ice-assortment,https://cdn0.woolworths.media/content/wowproductimages/medium/081279.jpg,2020-09-20 15:36:09,,0,,True
7316950e-bb8e-4c85-8574-1b9af48111fc,Woolworths Supermarket,Household,Neat Feat Spandex Gel Metatarsal Cushion each,081607,$21.00,$21.00 / 1EA,https://www.woolworths.com.au/shop/productdetails/81607/neat-feat-spandex-gel-metatarsal-cushion,https://cdn0.woolworths.media/content/wowproductimages/medium/081607.jpg,2020-09-20 15:36:09,,0,,True
92edc5e2-b6f6-488d-b584-639922964e8f,Woolworths Supermarket,Household,Oakwood Renovating Shoe Polish 65g,081625,$5.00,$7.69 / 100G,https://www.woolworths.com.au/shop/productdetails/81625/oakwood-renovating-shoe-polish,https://cdn0.woolworths.media/content/wowproductimages/medium/081625.jpg,2020-09-20 15:36:09,,0,,True
74515049-efba-46c1-920e-c2a85d614217,Woolworths Supermarket,Household,Korbond Whiz Pop Bang Climbing Men 6 pack,082148,$4.00,$0.67 / 1EA,https://www.woolworths.com.au/shop/productdetails/82148/korbond-whiz-pop-bang-climbing-men,https://cdn0.woolworths.media/content/wowproductimages/medium/082148.jpg,2020-09-20 15:36:09,,0,,True
ede7da6e-588d-4785-aa31-9cead0009d1c,Woolworths Supermarket,Household,Method Dish Washing Liquid Clementine 532ml,082404,$4.80,,https://www.woolworths.com.au/shop/productdetails/82404/method-dish-washing-liquid-clementine,https://cdn0.woolworths.media/content/wowproductimages/medium/082404.jpg,2020-09-20 15:36:09,,0,,True
7d7a4613-1494-4f48-a9a6-76a4396dce62,Woolworths Supermarket,Household,Method Dish Washing Liquid Lemon Mint 532ml,082405,$4.80,$0.90 / 100ML,https://www.woolworths.com.au/shop/productdetails/82405/method-dish-washing-liquid-lemon-mint,https://cdn0.woolworths.media/content/wowproductimages/medium/082405.jpg,2020-09-20 15:36:09,,0,,True
c03ddb48-b303-4560-bece-9d7a2508f8c4,Woolworths Supermarket,Household,Korbond Whiz Pop Bang Catch Game 6 pack,082414,$4.00,$0.67 / 1EA,https://www.woolworths.com.au/shop/productdetails/82414/korbond-whiz-pop-bang-catch-game,https://cdn0.woolworths.media/content/wowproductimages/medium/082414.jpg,2020-09-20 15:36:09,,0,,True
d6459a02-8202-4cad-9601-9de6256c819d,Woolworths Supermarket,Household,Glen 20 Disinfectant Spray Country Scent 300g,082503,$8.00,$2.67 / 100G,https://www.woolworths.com.au/shop/productdetails/82503/glen-20-disinfectant-spray-country-scent,https://cdn0.woolworths.media/content/wowproductimages/medium/082503.jpg,2020-09-20 15:36:09,,0,,True
fc6f38ad-523d-491f-8349-5a7d3a03be98,Woolworths Supermarket,Household,Organic Choice Air Freshener & Linen Spray Melaleuca & Native Blossom 200ml,082574,$5.00,$2.50 / 100ML,https://www.woolworths.com.au/shop/productdetails/82574/organic-choice-air-freshener-linen-spray-melaleuca-native-blossom,https://cdn0.woolworths.media/content/wowproductimages/medium/082574.jpg,2020-09-20 15:36:09,,0,,True
cac9617f-2003-48d1-882c-d8f516eb96bb,Woolworths Supermarket,Household,Gemex Jewellery Making Kit each,082808,$11.00,,https://www.woolworths.com.au/shop/productdetails/82808/gemex-jewellery-making-kit,https://cdn0.woolworths.media/content/wowproductimages/medium/082808.jpg,2020-09-20 15:36:09,,0,,True
7be8c078-b582-4f75-981b-4abaaace27dc,Woolworths Supermarket,Household,Air Wick Pure Aerosol White Vanilla 159g,082993,$3.50,$2.20 / 100G,https://www.woolworths.com.au/shop/productdetails/82993/air-wick-pure-aerosol-white-vanilla,https://cdn0.woolworths.media/content/wowproductimages/medium/082993.jpg,2020-09-20 15:36:09,,0,,True
46412b7d-caa6-4dde-ac50-4b7f6dc8b59b,Woolworths Supermarket,Household,Yankee Candle Home Inspiration Vanilla Frosting 340g,083278,$20.00,,https://www.woolworths.com.au/shop/productdetails/83278/yankee-candle-home-inspiration-vanilla-frosting,https://cdn0.woolworths.media/content/wowproductimages/medium/083278.jpg,2020-09-20 15:36:09,,0,,True
e1dc0cf4-62b7-4787-b00b-c8c1f53522b4,Woolworths Supermarket,Household,Korbond Whiz Pop Bang Party Bubbles 24 pack,083292,$8.00,$8.00 / 1EA,https://www.woolworths.com.au/shop/productdetails/83292/korbond-whiz-pop-bang-party-bubbles,https://cdn0.woolworths.media/content/wowproductimages/medium/083292.jpg,2020-09-20 15:36:09,,0,,True
960f26c8-8dbb-4deb-9514-0ab6460ff191,Woolworths Supermarket,Household,Mr Sheen Polish Regular 250g,083301,$6.00,$2.40 / 100G,https://www.woolworths.com.au/shop/productdetails/83301/mr-sheen-polish-regular,https://cdn0.woolworths.media/content/wowproductimages/medium/083301.jpg,2020-09-20 15:36:09,,0,,True
545aea82-0dbd-44c8-bdf2-0d99f9455705,Woolworths Supermarket,Household,Mr Sheen Polish Pot Pourri Trigger 375ml,083305,$6.20,$1.65 / 100ML,https://www.woolworths.com.au/shop/productdetails/83305/mr-sheen-polish-pot-pourri-trigger,https://cdn0.woolworths.media/content/wowproductimages/medium/083305.jpg,2020-09-20 15:36:09,,0,,True
79463b05-8a1e-48f6-8706-311e139e8628,Woolworths Supermarket,Household,Uno Junior Card Game each,083409,$11.00,,https://www.woolworths.com.au/shop/productdetails/83409/uno-junior-card-game,https://cdn0.woolworths.media/content/wowproductimages/medium/083409.jpg,2020-09-20 15:36:09,,0,,True
63d8b304-557c-4e31-8488-67de2836bb62,Woolworths Supermarket,Household,Yankee Candle Home Inspiration Stony Cove Reed Diffuser 88ml,083466,$20.00,,https://www.woolworths.com.au/shop/productdetails/83466/yankee-candle-home-inspiration-stony-cove-reed-diffuser,https://cdn0.woolworths.media/content/wowproductimages/medium/083466.jpg,2020-09-20 15:36:09,,0,,True
e27b7562-d9d8-4e51-826d-075670208531,Woolworths Supermarket,Household,Air Wick Pure New Car Air Freshener 2.5ml,083514,,,https://www.woolworths.com.au/shop/productdetails/83514/air-wick-pure-new-car-air-freshener,https://cdn0.woolworths.media/content/wowproductimages/medium/083514.jpg,2020-09-20 15:36:09,,0,,False
a4190201-58cf-4653-9183-5386c5b904b9,Woolworths Supermarket,Household,Yankee Candle Home Inspiration Stony Cove 340g,083616,$20.00,,https://www.woolworths.com.au/shop/productdetails/83616/yankee-candle-home-inspiration-stony-cove,https://cdn0.woolworths.media/content/wowproductimages/medium/083616.jpg,2020-09-20 15:36:09,,0,,True
86b78f71-2973-4dd3-b562-cb47e1e2f98b,Woolworths Supermarket,Household,Telstra Lite 2 4g each,083705,$29.00,,https://www.woolworths.com.au/shop/productdetails/83705/telstra-lite-2-4g,https://cdn0.woolworths.media/content/wowproductimages/medium/083705.jpg,2020-09-20 15:36:09,,0,,True
c3ad4984-2ca2-44f4-8745-c27286274c80,Woolworths Supermarket,Household,Yankee Candle Home Inspiration Sugared Blossom 340g,083814,$20.00,,https://www.woolworths.com.au/shop/productdetails/83814/yankee-candle-home-inspiration-sugared-blossom,https://cdn0.woolworths.media/content/wowproductimages/medium/083814.jpg,2020-09-20 15:36:09,,0,,True
345c37c3-0339-4a1f-8993-0b6a00c131bc,Woolworths Supermarket,Household,Yankee Candle Home Inspiration Pink Island Sunset Reed Diffuser 88ml,083815,$20.00,,https://www.woolworths.com.au/shop/productdetails/83815/yankee-candle-home-inspiration-pink-island-sunset-reed-diffuser,https://cdn0.woolworths.media/content/wowproductimages/medium/083815.jpg,2020-09-20 15:36:09,,0,,True
f8d5f060-558a-4261-863f-67b19a8db566,Woolworths Supermarket,Household,All Dressed Up Shoes each,083849,$7.00,,https://www.woolworths.com.au/shop/productdetails/83849/all-dressed-up-shoes,https://cdn0.woolworths.media/content/wowproductimages/medium/083849.jpg,2020-09-20 15:36:09,,0,,True
829b9715-8df6-4c41-a17d-96772c30a14b,Woolworths Supermarket,Household,Ambi Pur Bathroom Fresh Air Freshener Refreshing Soap 6ml,083874,$8.00,$8.00 / 1EA,https://www.woolworths.com.au/shop/productdetails/83874/ambi-pur-bathroom-fresh-air-freshener-refreshing-soap,https://cdn0.woolworths.media/content/wowproductimages/medium/083874.jpg,2020-09-20 15:36:09,,0,,True
742254a3-0e02-4806-8ce6-d2b28fa2fc55,Woolworths Supermarket,Household,Ambi Pur Bathroom Fresh Air Freshener Zesty Lemon 6ml,083875,$8.00,,https://www.woolworths.com.au/shop/productdetails/83875/ambi-pur-bathroom-fresh-air-freshener-zesty-lemon,https://cdn0.woolworths.media/content/wowproductimages/medium/083875.jpg,2020-09-20 15:36:09,,0,,True
79817511-2144-4340-825c-2a53a3503d71,Woolworths Supermarket,Household,Ambi Pur Air Bathroom Spray Garden Fresh 275g,083876,$7.00,$2.55 / 100G,https://www.woolworths.com.au/shop/productdetails/83876/ambi-pur-air-bathroom-spray-garden-fresh,https://cdn0.woolworths.media/content/wowproductimages/medium/083876.jpg,2020-09-20 15:36:09,,0,,True
4a27111d-5f55-4dbe-ac6f-1882caade9a0,Woolworths Supermarket,Household,Decor Double Wall Reusable Tritan Cup Assorted 340ml,083879,$12.00,,https://www.woolworths.com.au/shop/productdetails/83879/decor-double-wall-reusable-tritan-cup-assorted,https://cdn0.woolworths.media/content/wowproductimages/medium/083879.jpg,2020-09-20 15:36:09,,0,Designs may vary,True
cb4684a3-a287-491f-882a-f9749954e95b,Woolworths Supermarket,Household,Air Wick Mini Scents Decorative Air Fresheners Frangipani 60g x2 pack,084126,$4.00,$0.33 / 10G,https://www.woolworths.com.au/shop/productdetails/84126/air-wick-mini-scents-decorative-air-fresheners-frangipani,https://cdn0.woolworths.media/content/wowproductimages/medium/084126.jpg,2020-09-20 15:36:09,,0,,True
bb150a6b-18e2-48a4-bf60-bfe83ef0b615,Woolworths Supermarket,Household,Air Wick Botanica French Lavender & Honey Blossom Room Spray 236ml,084604,$7.50,$3.18 / 100ML,https://www.woolworths.com.au/shop/productdetails/84604/air-wick-botanica-french-lavender-honey-blossom-room-spray,https://cdn0.woolworths.media/content/wowproductimages/medium/084604.jpg,2020-09-20 15:36:09,,0,,True
3c294944-2b92-4060-9e15-8139dc3b1b84,Woolworths Supermarket,Household,Yankee Candle Home Inspiration Pomegranate Coconut 340g,084631,$20.00,,https://www.woolworths.com.au/shop/productdetails/84631/yankee-candle-home-inspiration-pomegranate-coconut,https://cdn0.woolworths.media/content/wowproductimages/medium/084631.jpg,2020-09-20 15:36:09,,0,,True
d8738a70-f123-4d9e-85b9-1219c247448b,Woolworths Supermarket,Household,Fluffy Field Flowers Concentrated Fabric Conditioner 1l,085670,$7.00,$7.00 / 1L,https://www.woolworths.com.au/shop/productdetails/85670/fluffy-field-flowers-concentrated-fabric-conditioner,https://cdn0.woolworths.media/content/wowproductimages/medium/085670.jpg,2020-09-20 15:36:09,,0,,True
eb592792-2341-4287-8ce1-3c3fe5420baf,Woolworths Supermarket,Household,Haven Reed Diffuser Vanilla Sugar 120ml,085826,,,https://www.woolworths.com.au/shop/productdetails/85826/haven-reed-diffuser-vanilla-sugar,https://cdn0.woolworths.media/content/wowproductimages/medium/085826.jpg,2020-09-20 15:36:09,,0,,False
b2e8501a-27cf-457c-88e1-13ece15c13b0,Woolworths Supermarket,Household,Fluffy Fragrance Temptations Jade Shimmer Fabric Conditioner 1l,085832,$7.00,$7.00 / 1L,https://www.woolworths.com.au/shop/productdetails/85832/fluffy-fragrance-temptations-jade-shimmer-fabric-conditioner,https://cdn0.woolworths.media/content/wowproductimages/medium/085832.jpg,2020-09-20 15:36:09,,0,,True
267fd034-5a71-496d-894e-b382c8bc7ff0,Woolworths Supermarket,Household,Haven Scented Glass Candle Vanilla Sugar each,085913,$6.50,,https://www.woolworths.com.au/shop/productdetails/85913/haven-scented-glass-candle-vanilla-sugar,https://cdn0.woolworths.media/content/wowproductimages/medium/085913.jpg,2020-09-20 15:36:09,,0,,True
4cfc33a7-477a-45f8-8f66-555c17888d17,Woolworths Supermarket,Household,Cuddly Aroma-intense Fragrance Booster Exotic Jasmie 850ml,086297,$9.00,$10.59 / 1L,https://www.woolworths.com.au/shop/productdetails/86297/cuddly-aroma-intense-fragrance-booster-exotic-jasmie,https://cdn0.woolworths.media/content/wowproductimages/medium/086297.jpg,2020-09-20 15:36:09,,0,,True
b766a950-8d87-4901-93ce-bda1890b41b1,Woolworths Supermarket,Household,Cold Power Clean & Fresh Odour Fighter Laundry Powder 1.8kg,086339,$17.50,$9.72 / 1KG,https://www.woolworths.com.au/shop/productdetails/86339/cold-power-clean-fresh-odour-fighter-laundry-powder,https://cdn0.woolworths.media/content/wowproductimages/medium/086339.jpg,2020-09-20 15:36:09,,0,,True
e9cd15a1-774a-42d9-b3b0-58d1309aac3e,Woolworths Supermarket,Household,Fluffy Summer Breeze Concentrated Fabric Conditioner 2l,086379,$13.00,$6.50 / 1L,https://www.woolworths.com.au/shop/productdetails/86379/fluffy-summer-breeze-concentrated-fabric-conditioner,https://cdn0.woolworths.media/content/wowproductimages/medium/086379.jpg,2020-09-20 15:36:09,,0,,True
1cf9de91-e8c7-412e-a48c-2a31f5e0a894,Woolworths Supermarket,Household,Dynamo Professional Sensitive Laundry Liquid 1.8l,086527,$20.00,$11.11 / 1L,https://www.woolworths.com.au/shop/productdetails/86527/dynamo-professional-sensitive-laundry-liquid,https://cdn0.woolworths.media/content/wowproductimages/medium/086527.jpg,2020-09-20 15:36:09,,0,,True
aa3dd06d-a2d0-47ef-a66c-d41e153c28dd,Woolworths Supermarket,Household,Huggie Odour Neutralising Fabric Softener Peach & Jasmine 1l,086554,$8.00,$8.00 / 1L,https://www.woolworths.com.au/shop/productdetails/86554/huggie-odour-neutralising-fabric-softener-peach-jasmine,https://cdn0.woolworths.media/content/wowproductimages/medium/086554.jpg,2020-09-20 15:36:09,,0,,True
56c41125-1946-4a0c-9a82-885a971e665f,Woolworths Supermarket,Household,Decor Double Wall Reusable Stainless Steel Flask 400ml,086606,$15.00,,https://www.woolworths.com.au/shop/productdetails/86606/decor-double-wall-reusable-stainless-steel-flask,https://cdn0.woolworths.media/content/wowproductimages/medium/086606.jpg,2020-09-20 15:36:09,,0,Designs may vary,True
cf4c0a5f-fbad-4a02-bfa8-d49ec939a5d7,Woolworths Supermarket,Household,Huggie 40 Days Freshness Fabric Softener 1l,086633,$8.00,$8.00 / 1L,https://www.woolworths.com.au/shop/productdetails/86633/huggie-40-days-freshness-fabric-softener,https://cdn0.woolworths.media/content/wowproductimages/medium/086633.jpg,2020-09-20 15:36:09,,0,,True
35d9e413-c6f5-4f0c-ac63-cb5d4a042202,Woolworths Supermarket,Household,Sellotape Invisible Tape Dispesner 18mm X 25m & Refill each,086665,$4.40,,https://www.woolworths.com.au/shop/productdetails/86665/sellotape-invisible-tape-dispesner-18mm-x-25m-refill,https://cdn0.woolworths.media/content/wowproductimages/medium/086665.jpg,2020-09-20 15:36:09,,0,,True
636166ff-73ef-4ae5-8c54-3f91c32eb693,Woolworths Supermarket,Household,Windex Shower Cleaner Trigger 750ml,086753,,,https://www.woolworths.com.au/shop/productdetails/86753/windex-shower-cleaner-trigger,https://cdn0.woolworths.media/content/wowproductimages/medium/086753.jpg,2020-09-20 15:36:09,,0,,False
24be2dc9-7bd4-4bfe-ba03-a39476d90522,Woolworths Supermarket,Household,Comfort Sleep Aromatherapy Sheets & Towels Fabric Conditioner 750ml,086861,$6.99,$9.32 / 1L,https://www.woolworths.com.au/shop/productdetails/86861/comfort-sleep-aromatherapy-sheets-towels-fabric-conditioner,https://cdn0.woolworths.media/content/wowproductimages/medium/086861.jpg,2020-09-20 15:36:09,,0,,True
4b546d35-ca6d-4546-973a-89418e93a400,Woolworths Supermarket,Household,Cold Power Sensitive Pure Clean Laundry Powder 2kg,086941,$17.50,$8.75 / 1KG,https://www.woolworths.com.au/shop/productdetails/86941/cold-power-sensitive-pure-clean-laundry-powder,https://cdn0.woolworths.media/content/wowproductimages/medium/086941.jpg,2020-09-20 15:36:09,,0,,True
1a32e68a-ac3d-4bd3-8e5f-d927c6560066,Woolworths Supermarket,Household,Comfort Exotic Oriental Fabric Conditioner 750ml,087423,$6.99,$0.93 / 100ML,https://www.woolworths.com.au/shop/productdetails/87423/comfort-exotic-oriental-fabric-conditioner,https://cdn0.woolworths.media/content/wowproductimages/medium/087423.jpg,2020-09-20 15:36:09,,0,,True
4d82396f-27e4-4ae7-98ad-3c68865a2c0f,Woolworths Supermarket,Household,Fab Perfume Indulgence Sublime Velvel Laundry Liquid 900ml,087425,$5.00,$5.56 / 1L,https://www.woolworths.com.au/shop/productdetails/87425/fab-perfume-indulgence-sublime-velvel-laundry-liquid,https://cdn0.woolworths.media/content/wowproductimages/medium/087425.jpg,2020-09-20 15:36:09,,0,,True
ece3658f-db1f-48b2-a11a-0d99cf8c7844,Woolworths Supermarket,Household,Omo Expert Odour Eliminator 1.8l,087440,$22.00,$12.22 / 1L,https://www.woolworths.com.au/shop/productdetails/87440/omo-expert-odour-eliminator,https://cdn0.woolworths.media/content/wowproductimages/medium/087440.jpg,2020-09-20 15:36:09,,0,,True
4a9b8d5b-d847-4e07-99b1-bffb57233618,Woolworths Supermarket,Household,Fab Essential Oils Cherry Blossom & Green Tea Laundry Liquid 1.8l,087703,$8.00,$4.44 / 1L,https://www.woolworths.com.au/shop/productdetails/87703/fab-essential-oils-cherry-blossom-green-tea-laundry-liquid,https://cdn0.woolworths.media/content/wowproductimages/medium/087703.jpg,2020-09-20 15:36:09,,0,,True
33d0ea3c-5d33-4665-aa1b-89870faf3a0b,Woolworths Supermarket,Household,Dynamo Professional Odour Elminating Laundry Liquid 900ml,087733,$12.00,$13.33 / 1L,https://www.woolworths.com.au/shop/productdetails/87733/dynamo-professional-odour-elminating-laundry-liquid,https://cdn0.woolworths.media/content/wowproductimages/medium/087733.jpg,2020-09-20 15:36:09,,0,,True
60d92707-60d2-463b-8df5-93fabf186f91,Woolworths Supermarket,Household,Dynamo Professional Oxi Plus Stain Remover Laundry Liquid 900ml,087742,$12.00,$13.33 / 1L,https://www.woolworths.com.au/shop/productdetails/87742/dynamo-professional-oxi-plus-stain-remover-laundry-liquid,https://cdn0.woolworths.media/content/wowproductimages/medium/087742.jpg,2020-09-20 15:36:09,,0,,True
099e1145-8687-4c1a-b137-5883ad3263f9,Woolworths Supermarket,Household,Dynamo Professional 7 Actions In 1 Wash Laundry Liquid 900ml,087803,$12.00,$13.33 / 1L,https://www.woolworths.com.au/shop/productdetails/87803/dynamo-professional-7-actions-in-1-wash-laundry-liquid,https://cdn0.woolworths.media/content/wowproductimages/medium/087803.jpg,2020-09-20 15:36:09,,0,,True
fb62695f-2651-43c2-b71d-f0d93a06c2a9,Woolworths Supermarket,Household,Cold Power Advanced Clean Front & Top Loader Laundry Liquid Lemon 2l,087848,$17.50,$8.75 / 1L,https://www.woolworths.com.au/shop/productdetails/87848/cold-power-advanced-clean-front-top-loader-laundry-liquid-lemon,https://cdn0.woolworths.media/content/wowproductimages/medium/087848.jpg,2020-09-20 15:36:09,,0,,True
802f6514-f3c3-4c43-85d0-66771133fb85,Woolworths Supermarket,Household,Ozkleen Kitchen Power Degreaser Trigger Orange Zest 500ml,087851,$5.50,,https://www.woolworths.com.au/shop/productdetails/87851/ozkleen-kitchen-power-degreaser-trigger-orange-zest,https://cdn0.woolworths.media/content/wowproductimages/medium/087851.jpg,2020-09-20 15:36:09,,0,,True
b78d4454-e48e-45fc-9b65-c104ef930b6f,Woolworths Supermarket,Household,Fab Intense Fresh 1.8l,087866,$8.00,$4.44 / 1L,https://www.woolworths.com.au/shop/productdetails/87866/fab-intense-fresh,https://cdn0.woolworths.media/content/wowproductimages/medium/087866.jpg,2020-09-20 15:36:09,,0,,True
12f265ca-b628-4e91-9eac-13da6e72b4c1,Woolworths Supermarket,Household,Cold Power Advanced Clean Front & Top Loader Laundry Liquid 2l,088163,$17.50,$8.75 / 1L,https://www.woolworths.com.au/shop/productdetails/88163/cold-power-advanced-clean-front-top-loader-laundry-liquid,https://cdn0.woolworths.media/content/wowproductimages/medium/088163.jpg,2020-09-20 15:36:09,,0,,True
b092ac00-17c1-4839-9d40-ebf85a97ac0c,Woolworths Supermarket,Household,Fab Perfume Indulgence Gold Absolute Laundry Liquid 1.8l,088165,$8.00,$4.44 / 1L,https://www.woolworths.com.au/shop/productdetails/88165/fab-perfume-indulgence-gold-absolute-laundry-liquid,https://cdn0.woolworths.media/content/wowproductimages/medium/088165.jpg,2020-09-20 15:36:09,,0,,True
45e69815-874d-40f5-8c83-acff555785a4,Woolworths Supermarket,Household,Cold Power Advanced Clean Front & Top Loader Laundry Powder 4kg,088205,$20.00,$5.00 / 1KG,https://www.woolworths.com.au/shop/productdetails/88205/cold-power-advanced-clean-front-top-loader-laundry-powder,https://cdn0.woolworths.media/content/wowproductimages/medium/088205.jpg,2020-09-20 15:36:09,,0,,True
d8e5152c-2671-435d-ac25-dd36458fb1ec,Woolworths Supermarket,Household,Cold Power Advanced Clean Front & Top Loader Laundry Liquid 4l,088207,$20.00,$5.00 / 1L,https://www.woolworths.com.au/shop/productdetails/88207/cold-power-advanced-clean-front-top-loader-laundry-liquid,https://cdn0.woolworths.media/content/wowproductimages/medium/088207.jpg,2020-09-20 15:36:09,,0,,True
9d680502-9bd1-40ba-a81c-0b66bb5abc3e,Woolworths Supermarket,Household,Cold Power 2 In 1 Advanced Clean Fabric Softener 900g,088311,$5.50,$6.11 / 1KG,https://www.woolworths.com.au/shop/productdetails/88311/cold-power-2-in-1-advanced-clean-fabric-softener,https://cdn0.woolworths.media/content/wowproductimages/medium/088311.jpg,2020-09-20 15:36:09,,0,,True
7eb8f342-4f50-40b1-801a-34b03d597e5a,Woolworths Supermarket,Household,Cold Power Clean & Fresh Odour Fighter Laundry Liquid 3.6l,088328,$20.00,$5.56 / 1L,https://www.woolworths.com.au/shop/productdetails/88328/cold-power-clean-fresh-odour-fighter-laundry-liquid,https://cdn0.woolworths.media/content/wowproductimages/medium/088328.jpg,2020-09-20 15:36:09,,0,,True
8397ff87-3233-4f60-8383-5e693c772583,Woolworths Supermarket,Household,Ajax Eco Bathroom Cleaner Spray Orange & Ginger 450ml,088331,$3.50,,https://www.woolworths.com.au/shop/productdetails/88331/ajax-eco-bathroom-cleaner-spray-orange-ginger,https://cdn0.woolworths.media/content/wowproductimages/medium/088331.jpg,2020-09-20 15:36:09,,0,,True
35c2a4bd-5d28-4f05-80e2-7e3c17f910c1,Woolworths Supermarket,Household,Cold Power Sensitive Pure Clean 2l,088334,$17.50,$8.75 / 1L,https://www.woolworths.com.au/shop/productdetails/88334/cold-power-sensitive-pure-clean,https://cdn0.woolworths.media/content/wowproductimages/medium/088334.jpg,2020-09-20 15:36:09,,0,,True
96a68abc-6531-4dfa-8b8a-09e90c5333b4,Woolworths Supermarket,Household,Surf Plus Stain Attacker Tropical 1.8l,088342,$8.00,$4.44 / 1L,https://www.woolworths.com.au/shop/productdetails/88342/surf-plus-stain-attacker-tropical,https://cdn0.woolworths.media/content/wowproductimages/medium/088342.jpg,2020-09-20 15:36:09,,0,,True
00020aaf-8457-4b2a-bd78-8816ba255abb,Woolworths Supermarket,Household,Cold Power 2 In 1 Advanced Clean Fabric Softener 1.8kg,088383,$17.50,$9.72 / 1KG,https://www.woolworths.com.au/shop/productdetails/88383/cold-power-2-in-1-advanced-clean-fabric-softener,https://cdn0.woolworths.media/content/wowproductimages/medium/088383.jpg,2020-09-20 15:36:09,,0,,True
7077d99f-1522-4936-b7b3-079d80a605de,Woolworths Supermarket,Household,Cold Power Clean & Smooth Easy Ironing Laundry Liquid 1.8l,088384,$17.50,$9.72 / 1L,https://www.woolworths.com.au/shop/productdetails/88384/cold-power-clean-smooth-easy-ironing-laundry-liquid,https://cdn0.woolworths.media/content/wowproductimages/medium/088384.jpg,2020-09-20 15:36:09,,0,,True
c384f9d8-0118-41b9-9dfb-19b462a68b58,Woolworths Supermarket,Household,Dynamo Professional Odour Eliminating 3.6l,088387,$34.00,$9.44 / 1L,https://www.woolworths.com.au/shop/productdetails/88387/dynamo-professional-odour-eliminating,https://cdn0.woolworths.media/content/wowproductimages/medium/088387.jpg,2020-09-20 15:36:09,,0,,True
7c71e704-4260-47fd-9854-7321046eef2c,Woolworths Supermarket,Household,Fab Intense Fresh Front & Top Loader Laundry Powder 1.8kg,088388,$7.00,$3.89 / 1KG,https://www.woolworths.com.au/shop/productdetails/88388/fab-intense-fresh-front-top-loader-laundry-powder,https://cdn0.woolworths.media/content/wowproductimages/medium/088388.jpg,2020-09-20 15:36:09,,0,,True
9b1824f0-41b9-4b9a-a93e-4afc1b99dda5,Woolworths Supermarket,Household,Dynamo Professional Odour Elminating Laundry Liquid 1.8l,088411,$20.00,$11.11 / 1L,https://www.woolworths.com.au/shop/productdetails/88411/dynamo-professional-odour-elminating-laundry-liquid,https://cdn0.woolworths.media/content/wowproductimages/medium/088411.jpg,2020-09-20 15:36:09,,0,,True
90daa238-3efc-4dc5-8886-f5cfec88b1a3,Woolworths Supermarket,Household,Dynamo Professional 7 Actions In 1 Wash Liquid Eucalyptus 1.8l,088419,$20.00,$11.11 / 1L,https://www.woolworths.com.au/shop/productdetails/88419/dynamo-professional-7-actions-in-1-wash-liquid-eucalyptus,https://cdn0.woolworths.media/content/wowproductimages/medium/088419.jpg,2020-09-20 15:36:09,,0,,True
f272b309-37de-4464-bd6e-ffcfacccab7b,Woolworths Supermarket,Household,Dynamo Professional 7 In 1 3.6l,088431,$34.00,$9.44 / 1L,https://www.woolworths.com.au/shop/productdetails/88431/dynamo-professional-7-in-1,https://cdn0.woolworths.media/content/wowproductimages/medium/088431.jpg,2020-09-20 15:36:09,,0,,True
1f9e9bb1-a951-487a-ac82-82f310357f0e,Woolworths Supermarket,Household,Fab Essential Oils Cherry Blossom & Green Tea Laundry Powder 1.8kg,088503,$7.00,$3.89 / 1KG,https://www.woolworths.com.au/shop/productdetails/88503/fab-essential-oils-cherry-blossom-green-tea-laundry-powder,https://cdn0.woolworths.media/content/wowproductimages/medium/088503.jpg,2020-09-20 15:36:09,,0,,True
b573d810-6668-45ed-b781-2120a417bc00,Woolworths Supermarket,Household,Cold Power Advanced Clean Front & Top Loader Laundry Powder 2kg,088522,$17.50,$8.75 / 1KG,https://www.woolworths.com.au/shop/productdetails/88522/cold-power-advanced-clean-front-top-loader-laundry-powder,https://cdn0.woolworths.media/content/wowproductimages/medium/088522.jpg,2020-09-20 15:36:09,,0,,True
1557bad8-0cd3-42a1-b467-4c51bbeadee9,Woolworths Supermarket,Household,Ajax Eco Antibacterial Disinfectant Cleaning Wipes Lavender 110 pack,088526,$8.00,$0.07 / 1EA,https://www.woolworths.com.au/shop/productdetails/88526/ajax-eco-antibacterial-disinfectant-cleaning-wipes-lavender,https://cdn0.woolworths.media/content/wowproductimages/medium/088526.jpg,2020-09-20 15:36:09,,0,,True
b0065a9f-b60a-4112-9c10-5fea2fc48ff3,Woolworths Supermarket,Household,Dynamo Professional Oxi Plus Stain Remover Laundry Liquid 1.8l,088532,$20.00,$11.11 / 1L,https://www.woolworths.com.au/shop/productdetails/88532/dynamo-professional-oxi-plus-stain-remover-laundry-liquid,https://cdn0.woolworths.media/content/wowproductimages/medium/088532.jpg,2020-09-20 15:36:09,,0,,True
30b81693-cf9c-4f72-98e9-7cc818dee41a,Woolworths Supermarket,Household,Multix Trolley Liner Garbage Bags 140l 10pk,088542,$5.60,$0.56 / 1EA,https://www.woolworths.com.au/shop/productdetails/88542/multix-trolley-liner-garbage-bags,https://cdn0.woolworths.media/content/wowproductimages/medium/088542.jpg,2020-09-20 15:36:09,,0,,True
906d85d3-c994-47b0-91da-75adce7c2d4d,Woolworths Supermarket,Household,Cold Power Clean & Fresh Odour Fighter Fresh Guard Laundry Liquid 1.8l,088593,$17.50,$9.72 / 1L,https://www.woolworths.com.au/shop/productdetails/88593/cold-power-clean-fresh-odour-fighter-fresh-guard-laundry-liquid,https://cdn0.woolworths.media/content/wowproductimages/medium/088593.jpg,2020-09-20 15:36:09,,0,,True
ce883c6a-3336-4d86-84e4-3b4aadcc741c,Woolworths Supermarket,Household,Chevron Alkaline Aa Batteries 50 pack,088647,,,https://www.woolworths.com.au/shop/productdetails/88647/chevron-alkaline-aa-batteries,https://cdn0.woolworths.media/content/wowproductimages/medium/088647.jpg,2020-09-20 15:36:09,,0,,False
e8701d11-29d9-4194-9b5b-c42ecff7a68f,Woolworths Supermarket,Household,Chevron Alkaline Aaa Batteries 50 pack,088649,$16.00,$0.32 / 1EA,https://www.woolworths.com.au/shop/productdetails/88649/chevron-alkaline-aaa-batteries,https://cdn0.woolworths.media/content/wowproductimages/medium/088649.jpg,2020-09-20 15:36:09,,0,,True
701d6e09-1542-4dd8-a84d-740d87f03200,Woolworths Supermarket,Household,Sorbent Double Length Toilet Tissue 8 pack,088679,$10.00,$0.35 / 100SS,https://www.woolworths.com.au/shop/productdetails/88679/sorbent-double-length-toilet-tissue,https://cdn0.woolworths.media/content/wowproductimages/medium/088679.jpg,2020-09-20 15:36:09,,0,,True
52851b59-8562-4034-9379-aa4ed0f8915a,Woolworths Supermarket,Household,Organic Choice Shower Bath & Tile Cleaner Spearmint & Tasman Pepper 500ml,088755,$5.50,$1.10 / 100ML,https://www.woolworths.com.au/shop/productdetails/88755/organic-choice-shower-bath-tile-cleaner-spearmint-tasman-pepper,https://cdn0.woolworths.media/content/wowproductimages/medium/088755.jpg,2020-09-20 15:36:09,,0,,True
f0cb20d1-8290-4d06-91a6-d787d536ba96,Woolworths Supermarket,Household,Dynamo Professional 7 Actions In 1 Wash Laundry Liquid 1.8l,088756,$20.00,$11.11 / 1L,https://www.woolworths.com.au/shop/productdetails/88756/dynamo-professional-7-actions-in-1-wash-laundry-liquid,https://cdn0.woolworths.media/content/wowproductimages/medium/088756.jpg,2020-09-20 15:36:09,,0,,True
63df95b3-37b0-4924-b792-20ffb24a9bbc,Woolworths Supermarket,Household,Green Gardener Metal Black Solar Lantern each,088780,$12.00,,https://www.woolworths.com.au/shop/productdetails/88780/green-gardener-metal-black-solar-lantern,https://cdn0.woolworths.media/content/wowproductimages/medium/088780.jpg,2020-09-20 15:36:09,,0,Designs may vary,True
353437cd-0fb5-4874-90ea-c07c1a39d1e7,Woolworths Supermarket,Household,Purity Sensitive Fabric Softener 2l,088869,$6.00,$3.00 / 1L,https://www.woolworths.com.au/shop/productdetails/88869/purity-sensitive-fabric-softener,https://cdn0.woolworths.media/content/wowproductimages/medium/088869.jpg,2020-09-20 15:36:09,,0,,True
87dc6cad-e07f-407c-b52d-2ddbaa910d5b,Woolworths Supermarket,Household,Purity Sensitive Laundry Liquid 2l,088870,$6.00,$3.00 / 1L,https://www.woolworths.com.au/shop/productdetails/88870/purity-sensitive-laundry-liquid,https://cdn0.woolworths.media/content/wowproductimages/medium/088870.jpg,2020-09-20 15:36:09,,0,,True
503cd2dd-dcfc-4669-af78-62a80cad57f9,Woolworths Supermarket,Household,Sorbent Gold Toilet Tissue 6 pack,089084,$4.00,$0.48 / 100SS,https://www.woolworths.com.au/shop/productdetails/89084/sorbent-gold-toilet-tissue,https://cdn0.woolworths.media/content/wowproductimages/medium/089084.jpg,2020-09-20 15:36:09,,0,,True
dfd49ebf-882b-4627-9aa1-ef3dc4cc1c03,Woolworths Supermarket,Household,Pine O Cleen Simply Multi Purpose Cleaner Trigger Apple 500ml,089150,$5.00,$1.00 / 100ML,https://www.woolworths.com.au/shop/productdetails/89150/pine-o-cleen-simply-multi-purpose-cleaner-trigger-apple,https://cdn0.woolworths.media/content/wowproductimages/medium/089150.jpg,2020-09-20 15:36:09,,0,2 for $7.00 $0.70/100ML,True
5d6f12cb-18bb-4011-921c-13b195ed48ce,Woolworths Supermarket,Household,Pine O Cleen Simply Biodegradeable Wipes Grapefruit 90 pack,089151,$10.00,$11.11 / 100EA,https://www.woolworths.com.au/shop/productdetails/89151/pine-o-cleen-simply-biodegradeable-wipes-grapefruit,https://cdn0.woolworths.media/content/wowproductimages/medium/089151.jpg,2020-09-20 15:36:09,,0,,True
6755d45c-cbd6-431c-9e64-5a4d8aeb8fe8,Woolworths Supermarket,Household,Sorbent Gold Skin Sense Toilet Tissue 9 pack,089176,$7.00,$0.43 / 100SS,https://www.woolworths.com.au/shop/productdetails/89176/sorbent-gold-skin-sense-toilet-tissue,https://cdn0.woolworths.media/content/wowproductimages/medium/089176.jpg,2020-09-20 15:36:09,,0,,True
9b8d8c07-0240-4266-99e0-94ad179367b4,Woolworths Supermarket,Household,Pine O Cleen Simply Biodegradeable Wipes Apple 90 pack,089211,$10.00,$11.11 / 100EA,https://www.woolworths.com.au/shop/productdetails/89211/pine-o-cleen-simply-biodegradeable-wipes-apple,https://cdn0.woolworths.media/content/wowproductimages/medium/089211.jpg,2020-09-20 15:36:09,,0,,True
115ea96b-31c6-4922-b8b2-55fa8cacb183,Woolworths Supermarket,Household,Ajax Eco Multipurpose Cleaner Spray Coconut & Lime 450ml,089313,$3.50,$0.78 / 100ML,https://www.woolworths.com.au/shop/productdetails/89313/ajax-eco-multipurpose-cleaner-spray-coconut-lime,https://cdn0.woolworths.media/content/wowproductimages/medium/089313.jpg,2020-09-20 15:36:09,,0,,True
41d5cccf-96f4-4a04-bbaf-9437a21f4b85,Woolworths Supermarket,Household,Sorbent Kids Toilet Tissue 6 pack,089458,$3.50,$0.32 / 100SS,https://www.woolworths.com.au/shop/productdetails/89458/sorbent-kids-toilet-tissue,https://cdn0.woolworths.media/content/wowproductimages/medium/089458.jpg,2020-09-20 15:36:09,,0,,True
6fac27ff-f90c-40ff-ba1b-1db43a919617,Woolworths Supermarket,Household,Optus X Start 2 each,089788,$59.00,$59.00 / 1EA,https://www.woolworths.com.au/shop/productdetails/89788/optus-x-start-2,https://cdn0.woolworths.media/content/wowproductimages/medium/089788.jpg,2020-09-20 15:36:09,,0,,True
4805acfc-39fe-4ccb-8753-f2a81a2362ca,Woolworths Supermarket,Household,Gardman Metal Solar Tree Lantern each,089813,$12.00,,https://www.woolworths.com.au/shop/productdetails/89813/gardman-metal-solar-tree-lantern,https://cdn0.woolworths.media/content/wowproductimages/medium/089813.jpg,2020-09-20 15:36:09,,0,Designs may vary,True
054879c2-e836-4c76-a550-88e4174890ba,Woolworths Supermarket,Household,Pine O Cleen Simply Multi Purpose Cleaner Trigger Grapefruit 500ml,089825,$5.00,$1.00 / 100ML,https://www.woolworths.com.au/shop/productdetails/89825/pine-o-cleen-simply-multi-purpose-cleaner-trigger-grapefruit,https://cdn0.woolworths.media/content/wowproductimages/medium/089825.jpg,2020-09-20 15:36:09,,0,2 for $7.00 $0.70/100ML,True
61cee381-5df4-425a-a168-f1eb4164b9d4,Woolworths Supermarket,Household,Zenzone Air Freshener Odour Neutraliser Lavender Fields 150g,089940,$1.90,$0.13 / 10G,https://www.woolworths.com.au/shop/productdetails/89940/zenzone-air-freshener-odour-neutraliser-lavender-fields,https://cdn0.woolworths.media/content/wowproductimages/medium/089940.jpg,2020-09-20 15:36:09,,0,,True
f7402366-c35d-4b4b-b8f5-3cb557a83c21,Woolworths Supermarket,Household,Zenzone Air Freshener Spray Refill Cotton Flower 180g,089941,$4.00,$0.22 / 10G,https://www.woolworths.com.au/shop/productdetails/89941/zenzone-air-freshener-spray-refill-cotton-flower,https://cdn0.woolworths.media/content/wowproductimages/medium/089941.jpg,2020-09-20 15:36:09,,0,,True
70b1aa25-0c1f-4680-8434-920ecbfd50c8,Woolworths Supermarket,Household,Zenzone Air Freshener Odour Neutraliser Cotton Flower 150g,089954,$1.90,$0.13 / 10G,https://www.woolworths.com.au/shop/productdetails/89954/zenzone-air-freshener-odour-neutraliser-cotton-flower,https://cdn0.woolworths.media/content/wowproductimages/medium/089954.jpg,2020-09-20 15:36:09,,0,,True
4ac9627b-b5f9-48fb-991d-8f3d7e70ca98,Woolworths Supermarket,Household,Zenzone Air Freshener Odour Neutraliser Frangipani 150g,089955,$1.90,$0.13 / 10G,https://www.woolworths.com.au/shop/productdetails/89955/zenzone-air-freshener-odour-neutraliser-frangipani,https://cdn0.woolworths.media/content/wowproductimages/medium/089955.jpg,2020-09-20 15:36:09,,0,,True
eb3aed03-2b6f-4149-8e4d-965c540ebc0c,Woolworths Supermarket,Household,Zenzone Air Freshener Odour Neutraliser Vanilla 150g,089956,$1.90,,https://www.woolworths.com.au/shop/productdetails/89956/zenzone-air-freshener-odour-neutraliser-vanilla,https://cdn0.woolworths.media/content/wowproductimages/medium/089956.jpg,2020-09-20 15:36:09,,0,,True
dc5cb388-9e1f-4589-b114-5907e8df57ae,Woolworths Supermarket,Household,Zenzone Air Freshener Spray Refill Frangipani 180g,089973,$4.00,$0.22 / 10G,https://www.woolworths.com.au/shop/productdetails/89973/zenzone-air-freshener-spray-refill-frangipani,https://cdn0.woolworths.media/content/wowproductimages/medium/089973.jpg,2020-09-20 15:36:09,,0,,True
a584d370-4434-445c-9932-90459376ceae,Woolworths Supermarket,Household,Zenzone Air Freshener Spray Refill Apple & Cinnamon 180g,089974,$4.00,,https://www.woolworths.com.au/shop/productdetails/89974/zenzone-air-freshener-spray-refill-apple-cinnamon,https://cdn0.woolworths.media/content/wowproductimages/medium/089974.jpg,2020-09-20 15:36:09,,0,,True
1e0bf2be-3a5d-487a-8ab2-0b3124c3e5ce,Woolworths Supermarket,Household,Zenzone Automatic Air Freshener Diffuser & Refill Frangipani each,089976,$10.00,$10.00 / 1EA,https://www.woolworths.com.au/shop/productdetails/89976/zenzone-automatic-air-freshener-diffuser-refill-frangipani,https://cdn0.woolworths.media/content/wowproductimages/medium/089976.jpg,2020-09-20 15:36:09,,0,,True
e4f9dab3-d3bf-4823-8d88-aa5082e5e683,Woolworths Supermarket,Household,Method Anti-bacterial Bathroom Cleaner Water Mint 490ml,090161,$4.40,$0.90 / 100ML,https://www.woolworths.com.au/shop/productdetails/90161/method-anti-bacterial-bathroom-cleaner-water-mint,https://cdn0.woolworths.media/content/wowproductimages/medium/090161.jpg,2020-09-20 15:36:09,,0,,True
d8a7e26e-ea42-4856-99d3-62d0cb2cf1a7,Woolworths Supermarket,Household,Method All Purpose Cleaner Pink Grapefruit 490ml,090472,$3.15,$0.64 / 100ML,https://www.woolworths.com.au/shop/productdetails/90472/method-all-purpose-cleaner-pink-grapefruit,https://cdn0.woolworths.media/content/wowproductimages/medium/090472.jpg,2020-09-20 15:36:09,,0,,True
cbb4c10e-e9aa-48a1-8675-23cac1253463,Woolworths Supermarket,Household,Method Anti-bacterial Kitchen Cleaner Sunny Citrus 490ml,090473,$3.15,$0.64 / 100ML,https://www.woolworths.com.au/shop/productdetails/90473/method-anti-bacterial-kitchen-cleaner-sunny-citrus,https://cdn0.woolworths.media/content/wowproductimages/medium/090473.jpg,2020-09-20 15:36:09,,0,,True
536f6b2f-38b5-406c-b681-281a1e773c84,Woolworths Supermarket,Household,Dettol Biodegradeable Wipes Multipurpose Cleaner 40 pack,090475,$4.75,$11.88 / 100EA,https://www.woolworths.com.au/shop/productdetails/90475/dettol-biodegradeable-wipes-multipurpose-cleaner,https://cdn0.woolworths.media/content/wowproductimages/medium/090475.jpg,2020-09-20 15:36:09,,0,,True
28340492-dbf7-43ac-bd9b-700d5d8feaff,Woolworths Supermarket,Household,Dettol 100% Biodegradable Disinfectant Wipes Lemon each,090476,$10.00,$11.11 / 100EA,https://www.woolworths.com.au/shop/productdetails/90476/dettol-100-biodegradable-disinfectant-wipes-lemon,https://cdn0.woolworths.media/content/wowproductimages/medium/090476.jpg,2020-09-20 15:36:09,,0,,True
81ef3dbd-99c4-4d0b-9cbb-5b3929fc71a8,Woolworths Supermarket,Household,Dettol Disinfectant Surface Wipes Fresh 240 pack,090477,$17.00,$7.08 / 100EA,https://www.woolworths.com.au/shop/productdetails/90477/dettol-disinfectant-surface-wipes-fresh,https://cdn0.woolworths.media/content/wowproductimages/medium/090477.jpg,2020-09-20 15:36:09,,0,,True
aff28935-3551-4035-a9b1-37dda7459f58,Woolworths Supermarket,Household,Supreme Cloudy Ammonia 1l,090685,$1.40,$1.40 / 1L,https://www.woolworths.com.au/shop/productdetails/90685/supreme-cloudy-ammonia,https://cdn0.woolworths.media/content/wowproductimages/medium/090685.jpg,2020-09-20 15:36:09,,0,,True
5b102e26-1555-4286-91a0-dedc7eaacd3d,Woolworths Supermarket,Household,Optus X Sight each,090738,$99.00,$99.00 / 1EA,https://www.woolworths.com.au/shop/productdetails/90738/optus-x-sight,https://cdn0.woolworths.media/content/wowproductimages/medium/090738.jpg,2020-09-20 15:36:09,,0,,True
1b034c2d-8a77-428c-a87b-beee3140d251,Woolworths Supermarket,Household,Energizer Alkaline 6v Lantern Batteries each,091008,$13.00,,https://www.woolworths.com.au/shop/productdetails/91008/energizer-alkaline-6v-lantern-batteries,https://cdn0.woolworths.media/content/wowproductimages/medium/091008.jpg,2020-09-20 15:36:09,,0,,True
1723d182-b1f1-4f53-a27c-d4e479f60cd7,Woolworths Supermarket,Household,Wiltshire Stay Sharp Multi Purpose Knife 15cm each,091146,$22.00,,https://www.woolworths.com.au/shop/productdetails/91146/wiltshire-stay-sharp-multi-purpose-knife-15cm,https://cdn0.woolworths.media/content/wowproductimages/medium/091146.jpg,2020-09-20 15:36:09,,0,,True
b95e5021-7d84-439a-91c0-0720fa6a5a6b,Woolworths Supermarket,Household,Adesso Tripod Fan 40cm each,091210,$75.00,,https://www.woolworths.com.au/shop/productdetails/91210/adesso-tripod-fan-40cm,https://cdn0.woolworths.media/content/wowproductimages/medium/091210.jpg,2020-09-20 15:36:09,,0,,True
0afdbd34-dadb-4d80-8aa8-8dddd317715f,Woolworths Supermarket,Household,Adesso High Velocity Floor Fan 45cm each,091438,$50.00,,https://www.woolworths.com.au/shop/productdetails/91438/adesso-high-velocity-floor-fan-45cm,https://cdn0.woolworths.media/content/wowproductimages/medium/091438.jpg,2020-09-20 15:36:09,,0,,True
97a01f32-94c2-4a5c-92e9-59eb4b2bbba4,Woolworths Supermarket,Household,Geelong Brush Dusting Cobweb Brush each,091443,$10.50,,https://www.woolworths.com.au/shop/productdetails/91443/geelong-brush-dusting-cobweb-brush,https://cdn0.woolworths.media/content/wowproductimages/medium/091443.jpg,2020-09-20 15:36:09,,0,,True
470ee7cd-ca0b-44c9-80df-bfcdb2dbe0f6,Woolworths Supermarket,Household,Adesso Tower Fan 90cm each,091444,$55.00,,https://www.woolworths.com.au/shop/productdetails/91444/adesso-tower-fan-90cm,https://cdn0.woolworths.media/content/wowproductimages/medium/091444.jpg,2020-09-20 15:36:09,,0,,True
296d6bff-c4be-452c-a2b0-312db21ea07a,Woolworths Supermarket,Household,Combat Ant Rid Insect Control Ant Baits 4x6g,091454,$5.45,$2.27 / 10G,https://www.woolworths.com.au/shop/productdetails/91454/combat-ant-rid-insect-control-ant-baits,https://cdn0.woolworths.media/content/wowproductimages/medium/091454.jpg,2020-09-20 15:36:09,,0,,True
526e0a1c-2e51-4e20-8807-8b6c7b87bdad,Woolworths Supermarket,Household,Adesso Box Fan 30cm each,091545,$25.00,,https://www.woolworths.com.au/shop/productdetails/91545/adesso-box-fan-30cm,https://cdn0.woolworths.media/content/wowproductimages/medium/091545.jpg,2020-09-20 15:36:09,,0,,True
a696d230-d41b-4195-88c4-dace0d694327,Woolworths Supermarket,Household,Adesso Metal Desk Fan 10cm each,091546,$12.00,,https://www.woolworths.com.au/shop/productdetails/91546/adesso-metal-desk-fan-10cm,https://cdn0.woolworths.media/content/wowproductimages/medium/091546.jpg,2020-09-20 15:36:09,,0,,True
d97ab386-b79a-4788-9b24-e0f572efc292,Woolworths Supermarket,Household,Jif Cream Cleanser With Micro Particles Lemon 500ml,091553,$4.00,$0.80 / 100ML,https://www.woolworths.com.au/shop/productdetails/91553/jif-cream-cleanser-with-micro-particles-lemon,https://cdn0.woolworths.media/content/wowproductimages/medium/091553.jpg,2020-09-20 15:36:09,,0,,True
3eed6cb2-a694-466c-a616-a6f76d51fd8b,Woolworths Supermarket,Household,Jif Cream Cleanser With Micro Particles Original 500ml,091554,$4.00,$0.80 / 100ML,https://www.woolworths.com.au/shop/productdetails/91554/jif-cream-cleanser-with-micro-particles-original,https://cdn0.woolworths.media/content/wowproductimages/medium/091554.jpg,2020-09-20 15:36:09,,0,,True
6356e448-c2c1-475d-a6d7-563626e26960,Woolworths Supermarket,Household,Multix Aluminium Foil Wide 30cmx30m,091642,$5.50,$0.18 / 1M,https://www.woolworths.com.au/shop/productdetails/91642/multix-aluminium-foil-wide,https://cdn0.woolworths.media/content/wowproductimages/medium/091642.jpg,2020-09-20 15:36:09,,0,Was $6.55 27/06/2016,True
0c42c754-1bf8-487b-9f29-38faf868ec59,Woolworths Supermarket,Household,Bestway Hydroswim Childrens Goggles Assorted each,091775,$3.00,,https://www.woolworths.com.au/shop/productdetails/91775/bestway-hydroswim-childrens-goggles-assorted,https://cdn0.woolworths.media/content/wowproductimages/medium/091775.jpg,2020-09-20 15:36:09,,0,Designs may vary,True
c0d3249f-d765-4209-bf6c-b254fc1e96ba,Woolworths Supermarket,Household,Little Learner My First Robot each,091776,$10.00,,https://www.woolworths.com.au/shop/productdetails/91776/little-learner-my-first-robot,https://cdn0.woolworths.media/content/wowproductimages/medium/091776.jpg,2020-09-20 15:36:09,,0,,True
75823e73-f973-410a-93e8-b85d297a12f6,Woolworths Supermarket,Household,Zuru Xshot Excel Kickback 8 Darts each,091779,$8.00,,https://www.woolworths.com.au/shop/productdetails/91779/zuru-xshot-excel-kickback-8-darts,https://cdn0.woolworths.media/content/wowproductimages/medium/091779.jpg,2020-09-20 15:36:09,,0,,True
d94b94da-5625-4c5f-abbe-f58994a4496b,Woolworths Supermarket,Household,Bestway Swimsafe Step C Armbands each,091780,$3.00,,https://www.woolworths.com.au/shop/productdetails/91780/bestway-swimsafe-step-c-armbands,https://cdn0.woolworths.media/content/wowproductimages/medium/091780.jpg,2020-09-20 15:36:09,,0,,True
11d76f8e-55e1-4f8a-8314-296c27ab13ee,Woolworths Supermarket,Household,Super Bubbles Stick Assorted each,091781,$5.00,,https://www.woolworths.com.au/shop/productdetails/91781/super-bubbles-stick-assorted,https://cdn0.woolworths.media/content/wowproductimages/medium/091781.jpg,2020-09-20 15:36:09,,0,Designs may vary,True
aedd3515-87b5-42f7-84d8-a24928f27d63,Woolworths Supermarket,Household,Organic Choice Anti-bacterial Cleaning Wipes Lemongrass & Myrtle 96 pack,091784,$8.00,$0.08 / 1EA,https://www.woolworths.com.au/shop/productdetails/91784/organic-choice-anti-bacterial-cleaning-wipes-lemongrass-myrtle,https://cdn0.woolworths.media/content/wowproductimages/medium/091784.jpg,2020-09-20 15:36:09,,0,,True
53ff1730-b07f-4670-9597-c8afd2f36311,Woolworths Supermarket,Household,White King Disinfectant Cleaner Hospital Grade Trigger Citrus 500ml,092053,$5.00,$1.00 / 100ML,https://www.woolworths.com.au/shop/productdetails/92053/white-king-disinfectant-cleaner-hospital-grade-trigger-citrus,https://cdn0.woolworths.media/content/wowproductimages/medium/092053.jpg,2020-09-20 15:36:09,,0,,True
217753c0-d7c6-47b5-9189-50440158d5b6,Woolworths Supermarket,Household,Bactive Disinfectant Wipes 80 pack,92062,$3.50,$4.38 / 100EA,https://www.woolworths.com.au/shop/productdetails/92062/bactive-disinfectant-wipes,https://cdn0.woolworths.media/content/wowproductimages/medium/92062.jpg,2020-09-20 15:36:09,,0,,True
a00f9b90-bb1e-459d-af4d-8332f515c031,Woolworths Supermarket,Household,Wiltshire Stay Sharp Utility Knife 13cm each,092217,$18.00,,https://www.woolworths.com.au/shop/productdetails/92217/wiltshire-stay-sharp-utility-knife-13cm,https://cdn0.woolworths.media/content/wowproductimages/medium/092217.jpg,2020-09-20 15:36:09,,0,,True
45465bca-730f-4d2e-acd9-d286895dd232,Woolworths Supermarket,Household,Wiltshire Stay Sharp Santoku Knife 15cm each,092304,$24.00,,https://www.woolworths.com.au/shop/productdetails/92304/wiltshire-stay-sharp-santoku-knife-15cm,https://cdn0.woolworths.media/content/wowproductimages/medium/092304.jpg,2020-09-20 15:36:09,,0,,True
ea87dd86-f7e2-4c3f-a5fb-9be2ff01ee79,Woolworths Supermarket,Household,Bref Deluxe Magic Moonflower each,092311,$4.00,$8.00 / 100G,https://www.woolworths.com.au/shop/productdetails/92311/bref-deluxe-magic-moonflower,https://cdn0.woolworths.media/content/wowproductimages/medium/092311.jpg,2020-09-20 15:36:09,,0,,True
3a35ec5a-0db2-4d29-bdf4-5341692d1bd1,Woolworths Supermarket,Household,Tontine Sweet Dreams Soft Touch Pillow 2 pack,092335,$10.00,,https://www.woolworths.com.au/shop/productdetails/92335/tontine-sweet-dreams-soft-touch-pillow,https://cdn0.woolworths.media/content/wowproductimages/medium/092335.jpg,2020-09-20 15:36:09,,0,,True
420cd0b2-7ec9-486b-bdad-1c7aa934bc9d,Woolworths Supermarket,Household,Mortein Insect Spray Odourless Aerosol Fly & Mosquito Killer 350g,092338,$6.35,$1.81 / 100G,https://www.woolworths.com.au/shop/productdetails/92338/mortein-insect-spray-odourless-aerosol-fly-mosquito-killer,https://cdn0.woolworths.media/content/wowproductimages/medium/092338.jpg,2020-09-20 15:36:09,,0,Was $6.49 02/09/2019,True
77f23feb-b587-4e7b-b75f-d287b8e0f59b,Woolworths Supermarket,Household,Kool Speed Mini Radio Control Stunt Car Assorted each,092342,$10.00,,https://www.woolworths.com.au/shop/productdetails/92342/kool-speed-mini-radio-control-stunt-car-assorted,https://cdn0.woolworths.media/content/wowproductimages/medium/092342.jpg,2020-09-20 15:36:09,,0,Designs may vary,True
830e8275-ec4d-4c51-acf9-ddf21811eff3,Woolworths Supermarket,Household,Animal Toys Assorted each,092343,$4.00,,https://www.woolworths.com.au/shop/productdetails/92343/animal-toys-assorted,https://cdn0.woolworths.media/content/wowproductimages/medium/092343.jpg,2020-09-20 15:36:09,,0,Designs may vary,True
60283879-608b-47b5-a8bf-e71cc2076da2,Woolworths Supermarket,Household,Tontine Sweet Dreams Antibacterial Pillow 2 pack,092503,$24.00,,https://www.woolworths.com.au/shop/productdetails/92503/tontine-sweet-dreams-antibacterial-pillow,https://cdn0.woolworths.media/content/wowproductimages/medium/092503.jpg,2020-09-20 15:36:09,,0,,True
f76a1d9f-d659-40db-abdc-cb3231f4b035,Woolworths Supermarket,Household,Armada Sandwich Bags 150 pack,092506,$0.95,$0.01 / 1EA,https://www.woolworths.com.au/shop/productdetails/92506/armada-sandwich-bags,https://cdn0.woolworths.media/content/wowproductimages/medium/092506.jpg,2020-09-20 15:36:09,,0,,True
40288214-a943-43e8-9785-76979c01876a,Woolworths Supermarket,Household,Bref Deluxe Lovely Jasmine each,092702,$4.00,$8.00 / 100G,https://www.woolworths.com.au/shop/productdetails/92702/bref-deluxe-lovely-jasmine,https://cdn0.woolworths.media/content/wowproductimages/medium/092702.jpg,2020-09-20 15:36:09,,0,,True
07586edd-4ef3-4997-a6c0-f23c2a931147,Woolworths Supermarket,Household,Bref Fresh Boost Eucalyptus each,092703,$3.50,$0.78 / 100ML,https://www.woolworths.com.au/shop/productdetails/92703/bref-fresh-boost-eucalyptus,https://cdn0.woolworths.media/content/wowproductimages/medium/092703.jpg,2020-09-20 15:36:09,,0,,True
21c3655b-68b9-48e6-9af7-11576c97ba06,Woolworths Supermarket,Household,Global Good Collective Bamboo Toilet Tissue Rolls 3 Ply 180 Sheets 6 pack,092801,$3.00,$0.28 / 100SS,https://www.woolworths.com.au/shop/productdetails/92801/global-good-collective-bamboo-toilet-tissue-rolls-3-ply-180-sheets,https://cdn0.woolworths.media/content/wowproductimages/medium/092801.jpg,2020-09-20 15:36:09,,0,,True
0cd37fd9-9da6-45c7-bce7-6b9c407bdea2,Woolworths Supermarket,Household,No Vac Instant Spot & Stain Remover 290g,092818,$6.50,$2.24 / 100G,https://www.woolworths.com.au/shop/productdetails/92818/no-vac-instant-spot-stain-remover,https://cdn0.woolworths.media/content/wowproductimages/medium/092818.jpg,2020-09-20 15:36:09,,0,,True
cbc0db24-d3f3-4893-bc96-df67472427c4,Woolworths Supermarket,Household,Mortein Outdoor Barrier Surface Spray Crawling Insect Killer 350g,093011,$9.00,$2.57 / 100G,https://www.woolworths.com.au/shop/productdetails/93011/mortein-outdoor-barrier-surface-spray-crawling-insect-killer,https://cdn0.woolworths.media/content/wowproductimages/medium/093011.jpg,2020-09-20 15:36:09,,0,,True
9f957213-0f87-4b20-b1ec-82d5784f1eee,Woolworths Supermarket,Household,Energizer Max Type C Batteries 4 pack,094085,$12.00,$3.00 / 1EA,https://www.woolworths.com.au/shop/productdetails/94085/energizer-max-type-c-batteries,https://cdn0.woolworths.media/content/wowproductimages/medium/094085.jpg,2020-09-20 15:36:09,,0,,True
2870168e-b987-4cf4-a734-13558b18d988,Woolworths Supermarket,Household,Korbond Craft Glue Pen each,094178,$5.00,,https://www.woolworths.com.au/shop/productdetails/94178/korbond-craft-glue-pen,https://cdn0.woolworths.media/content/wowproductimages/medium/094178.jpg,2020-09-20 15:36:09,,0,,True
a4c2c6fe-b84f-4cdb-9cea-0b8bebc6051c,Woolworths Supermarket,Household,Decor Tellfresh Storer Oblong Tall 1.75l,094205,$3.50,,https://www.woolworths.com.au/shop/productdetails/94205/decor-tellfresh-storer-oblong-tall,https://cdn0.woolworths.media/content/wowproductimages/medium/094205.jpg,2020-09-20 15:36:09,,0,,True
f80d6075-ae9d-4403-ad15-102d6faf5c1e,Woolworths Supermarket,Household,Bref Scent Switch Green Apple & Water Lily 2 pack,094249,$8.00,$8.00 / 100G,https://www.woolworths.com.au/shop/productdetails/94249/bref-scent-switch-green-apple-water-lily,https://cdn0.woolworths.media/content/wowproductimages/medium/094249.jpg,2020-09-20 15:36:09,,0,,True
b8dac3bc-0c18-4146-a93d-d3fe6709e950,Woolworths Supermarket,Household,Korbond Polyester Thread Black 500m 2 pack,094311,$3.00,$1.50 / 1EA,https://www.woolworths.com.au/shop/productdetails/94311/korbond-polyester-thread-black-500m,https://cdn0.woolworths.media/content/wowproductimages/medium/094311.jpg,2020-09-20 15:36:09,,0,,True
239725ea-df9e-4fec-a928-ed4254b66263,Woolworths Supermarket,Household,Korbond Scissors 23cm each,094328,$10.00,,https://www.woolworths.com.au/shop/productdetails/94328/korbond-scissors-23cm,https://cdn0.woolworths.media/content/wowproductimages/medium/094328.jpg,2020-09-20 15:36:09,,0,,True
48573a6c-a44f-45db-b646-3af2f139e7cc,Woolworths Supermarket,Household,Korbond Polyester Thread Black & White 500m 2 pack,094499,$3.00,$1.50 / 1EA,https://www.woolworths.com.au/shop/productdetails/94499/korbond-polyester-thread-black-white-500m,https://cdn0.woolworths.media/content/wowproductimages/medium/094499.jpg,2020-09-20 15:36:09,,0,,True
cfc61ba8-ca0c-48e5-9524-01b2c1147bfd,Woolworths Supermarket,Household,Essentials Laundry Soap 4 pack,094665,$1.99,$0.50 / 1EA,https://www.woolworths.com.au/shop/productdetails/94665/essentials-laundry-soap,https://cdn0.woolworths.media/content/wowproductimages/medium/094665.jpg,2020-09-20 15:36:09,,0,,True
6f07ab1f-c872-43bf-99f4-7d14f9c1764d,Woolworths Supermarket,Household,Essentials Domestic Wipes 10 pack,094666,$0.99,$0.10 / 1EA,https://www.woolworths.com.au/shop/productdetails/94666/essentials-domestic-wipes,https://cdn0.woolworths.media/content/wowproductimages/medium/094666.jpg,2020-09-20 15:36:09,,0,,True
e5580dfa-b3b5-4a69-a972-bbf6e1ce5b80,Woolworths Supermarket,Household,Essentials Serviettes 1ply White 100 pack,094672,$0.95,$0.01 / 1EA,https://www.woolworths.com.au/shop/productdetails/94672/essentials-serviettes-1ply-white,https://cdn0.woolworths.media/content/wowproductimages/medium/094672.jpg,2020-09-20 15:36:09,,0,,True
68656b0c-996d-4075-847c-c197251c4283,Woolworths Supermarket,Household,Odor Eaters Shoe Care Foot Powder 100g,095049,$7.59,$7.59 / 100G,https://www.woolworths.com.au/shop/productdetails/95049/odor-eaters-shoe-care-foot-powder,https://cdn0.woolworths.media/content/wowproductimages/medium/095049.jpg,2020-09-20 15:36:09,,0,,True
a1f5705d-9d7d-4919-9dd7-78a0e1720c63,Woolworths Supermarket,Household,Bref Deluxe Delicate Magnolia 2 pack,095186,$8.00,$8.00 / 100G,https://www.woolworths.com.au/shop/productdetails/95186/bref-deluxe-delicate-magnolia,https://cdn0.woolworths.media/content/wowproductimages/medium/095186.jpg,2020-09-20 15:36:09,,0,,True
aa4a5158-4c6a-4413-8622-54ece0dffb6f,Woolworths Supermarket,Household,Chevron Lithium Cr2032 Batteries 6 pack,095212,$8.00,$1.33 / 1EA,https://www.woolworths.com.au/shop/productdetails/95212/chevron-lithium-cr2032-batteries,https://cdn0.woolworths.media/content/wowproductimages/medium/095212.jpg,2020-09-20 15:36:09,,0,,True
6fffcea1-183a-4930-afce-a8b4fc2e371b,Woolworths Supermarket,Household,Chevron Lithium Cr2025 Batteries 6 pack,095214,$8.00,$1.33 / 1EA,https://www.woolworths.com.au/shop/productdetails/95214/chevron-lithium-cr2025-batteries,https://cdn0.woolworths.media/content/wowproductimages/medium/095214.jpg,2020-09-20 15:36:09,,0,,True
c83e8bba-a945-42b5-bb8c-01b106b8d21e,Woolworths Supermarket,Household,Chevron Lithium Cr2016 Batteries 6 pack,095215,$8.00,$1.33 / 1EA,https://www.woolworths.com.au/shop/productdetails/95215/chevron-lithium-cr2016-batteries,https://cdn0.woolworths.media/content/wowproductimages/medium/095215.jpg,2020-09-20 15:36:09,,0,,True
ab5e5c53-e799-401d-8557-c516509ddd32,Woolworths Supermarket,Household,Sharpie S Gel Comfort Grip Pens Medium 4 pack,095415,$12.00,,https://www.woolworths.com.au/shop/productdetails/95415/sharpie-s-gel-comfort-grip-pens-medium,https://cdn0.woolworths.media/content/wowproductimages/medium/095415.jpg,2020-09-20 15:36:09,,0,,True
36ba2f67-46e7-42f2-af81-374fa43761fe,Woolworths Supermarket,Household,Sharpie S Gel Comfort Grip Pens Medium Black Ink 2 pack,095445,$8.00,,https://www.woolworths.com.au/shop/productdetails/95445/sharpie-s-gel-comfort-grip-pens-medium-black-ink,https://cdn0.woolworths.media/content/wowproductimages/medium/095445.jpg,2020-09-20 15:36:09,,0,,True
ebccab6f-a16e-4638-a667-aafe98200b7e,Woolworths Supermarket,Household,Multix Drawtight Stand Up Garbage Bags 3 pack,095536,$3.50,$1.17 / 1EA,https://www.woolworths.com.au/shop/productdetails/95536/multix-drawtight-stand-up-garbage-bags,https://cdn0.woolworths.media/content/wowproductimages/medium/095536.jpg,2020-09-20 15:36:09,,0,,True
07fcfc11-17e5-4072-9784-98578dd5b78d,Woolworths Supermarket,Household,Bubble Solution Assorted 1l,095842,$3.00,,https://www.woolworths.com.au/shop/productdetails/95842/bubble-solution-assorted,https://cdn0.woolworths.media/content/wowproductimages/medium/095842.jpg,2020-09-20 15:36:09,,0,Designs may vary,True
5e923408-873f-4133-b017-d153c4077a9d,Woolworths Supermarket,Household,Instant-gro All Purpose Compound Fertiliser 700g,095957,$6.60,$0.94 / 100G,https://www.woolworths.com.au/shop/productdetails/95957/instant-gro-all-purpose-compound-fertiliser,https://cdn0.woolworths.media/content/wowproductimages/medium/095957.jpg,2020-09-20 15:36:09,,0,,True
0bd3985e-6283-4337-8b42-453a24bf1593,Woolworths Supermarket,Household,Elmer's Gue Blueberry Cloud Scented Premade Slime 236.5ml,095968,$7.00,,https://www.woolworths.com.au/shop/productdetails/95968/elmer-s-gue-blueberry-cloud-scented-premade-slime,https://cdn0.woolworths.media/content/wowproductimages/medium/095968.jpg,2020-09-20 15:36:09,,0,,True
5247bcb0-a2ce-4669-9c9d-07b778b2b514,Woolworths Supermarket,Household,Tenderly Toilet Tissue 3 Ply 250 Sheets 10 pack,095984,$9.90,$0.40 / 100SS,https://www.woolworths.com.au/shop/productdetails/95984/tenderly-toilet-tissue-3-ply-250-sheets,https://cdn0.woolworths.media/content/wowproductimages/medium/095984.jpg,2020-09-20 15:36:09,,0,,True
eacba964-bd6e-4ebf-ba87-abe23b03708d,Woolworths Supermarket,Household,Elmer's Gue Fruity Slushie Premade Slime 236.5ml,096346,$7.00,,https://www.woolworths.com.au/shop/productdetails/96346/elmer-s-gue-fruity-slushie-premade-slime,https://cdn0.woolworths.media/content/wowproductimages/medium/096346.jpg,2020-09-20 15:36:09,,0,,True
1c72c4db-de0f-48b1-8d3c-6ef736760b14,Woolworths Supermarket,Household,Waxworks Decorative Tealight Lantern each,096473,$15.00,$15.00 / 1EA,https://www.woolworths.com.au/shop/productdetails/96473/waxworks-decorative-tealight-lantern,https://cdn0.woolworths.media/content/wowproductimages/medium/096473.jpg,2020-09-20 15:36:09,,0,,True
233b423f-33f3-41cc-a3fc-86dbb6919211,Woolworths Supermarket,Household,Glad Cling Wrap 150m,096573,$9.95,$0.07 / 1M,https://www.woolworths.com.au/shop/productdetails/96573/glad-cling-wrap,https://cdn0.woolworths.media/content/wowproductimages/medium/096573.jpg,2020-09-20 15:36:09,,0,,True
c4f7c289-92b2-4dbb-b1af-ef315be7496a,Woolworths Supermarket,Household,Faber-castell Connector Markers 20 pack,096750,$5.25,,https://www.woolworths.com.au/shop/productdetails/96750/faber-castell-connector-markers,https://cdn0.woolworths.media/content/wowproductimages/medium/096750.jpg,2020-09-20 15:36:09,,0,,True
f4e8a788-d55e-4474-82f9-69429fcfb442,Woolworths Supermarket,Household,Energizer Button Batteries A76 2 pack,096803,$5.00,$2.50 / 1EA,https://www.woolworths.com.au/shop/productdetails/96803/energizer-button-batteries-a76,https://cdn0.woolworths.media/content/wowproductimages/medium/096803.jpg,2020-09-20 15:36:09,,0,,True
54c3c8b6-cd8b-4d9c-a58e-e8dc86cf42ef,Woolworths Supermarket,Household,Essentials Paper Straws White 30 pack,096900,$1.00,,https://www.woolworths.com.au/shop/productdetails/96900/essentials-paper-straws-white,https://cdn0.woolworths.media/content/wowproductimages/medium/096900.jpg,2020-09-20 15:36:09,,0,,True
f392cb79-6a61-4baf-985b-94575b0b17a6,Woolworths Supermarket,Household,Armada Jumbo Paper Straws Assorted 20 pack,096901,$3.50,,https://www.woolworths.com.au/shop/productdetails/96901/armada-jumbo-paper-straws-assorted,https://cdn0.woolworths.media/content/wowproductimages/medium/096901.jpg,2020-09-20 15:36:09,,0,,True
f3e0a945-04aa-417c-a252-f9b71fec6106,Woolworths Supermarket,Household,Elmer's Gue Glassy Clear Premade Slime 236.5ml,096932,$7.00,,https://www.woolworths.com.au/shop/productdetails/96932/elmer-s-gue-glassy-clear-premade-slime,https://cdn0.woolworths.media/content/wowproductimages/medium/096932.jpg,2020-09-20 15:36:09,,0,,True
40847875-7f89-4010-b384-6e89881089a0,Woolworths Supermarket,Household,Sonic B Incognito Wireless Bluetooth Classic Headphones each,096940,$40.00,,https://www.woolworths.com.au/shop/productdetails/96940/sonic-b-incognito-wireless-bluetooth-classic-headphones,https://cdn0.woolworths.media/content/wowproductimages/medium/096940.jpg,2020-09-20 15:36:09,,0,,True
d3bc82b4-cf37-4830-9613-55aa8ce9e5ca,Woolworths Supermarket,Household,Moki Life Microusb To Usb Syncharge Cable 90cm each,097109,$12.00,,https://www.woolworths.com.au/shop/productdetails/97109/moki-life-microusb-to-usb-syncharge-cable-90cm,https://cdn0.woolworths.media/content/wowproductimages/medium/097109.jpg,2020-09-20 15:36:09,,0,,True
e6d33240-e0bb-4b99-ae44-3a8849ddb72d,Woolworths Supermarket,Household,Glad 95% Recycled Kitchen Tidy Bags Large 22 pack,097110,$4.50,$0.20 / 1EA,https://www.woolworths.com.au/shop/productdetails/97110/glad-95-recycled-kitchen-tidy-bags-large,https://cdn0.woolworths.media/content/wowproductimages/medium/097110.jpg,2020-09-20 15:36:09,,0,,True
8fbe77e1-c0e9-4316-bdee-7c1b795a54a6,Woolworths Supermarket,Household,Elmer's Gue Cosmic Shimmer Premade Slime 236.5ml,097230,$7.00,$7.00 / 1EA,https://www.woolworths.com.au/shop/productdetails/97230/elmer-s-gue-cosmic-shimmer-premade-slime,https://cdn0.woolworths.media/content/wowproductimages/medium/097230.jpg,2020-09-20 15:36:09,,0,,True
f35fdd2b-003e-4b6f-9b37-298ad0438841,Woolworths Supermarket,Household,Sonic B Fun Kids Wired Headphones each,097241,$17.50,,https://www.woolworths.com.au/shop/productdetails/97241/sonic-b-fun-kids-wired-headphones,https://cdn0.woolworths.media/content/wowproductimages/medium/097241.jpg,2020-09-20 15:36:09,,0,,True
bc5b7af1-10b6-4a1f-9690-9ef6f42d2d65,Woolworths Supermarket,Household,Savu Bamboo Pulp Plates 10 pack,097392,$2.50,,https://www.woolworths.com.au/shop/productdetails/97392/savu-bamboo-pulp-plates,https://cdn0.woolworths.media/content/wowproductimages/medium/097392.jpg,2020-09-20 15:36:09,,0,,True
2583eff6-9463-4899-9fe4-851a6e0df20e,Woolworths Supermarket,Household,Savu Bamboo Pulp Bowls 10 pack,097394,$2.50,,https://www.woolworths.com.au/shop/productdetails/97394/savu-bamboo-pulp-bowls,https://cdn0.woolworths.media/content/wowproductimages/medium/097394.jpg,2020-09-20 15:36:09,,0,,True
d1e1d20f-7598-417a-bb4c-a411ff3c51e0,Woolworths Supermarket,Household,Savu Bamboo Pulp Serviettes 50 pack,097395,$2.50,$5.00 / 100EA,https://www.woolworths.com.au/shop/productdetails/97395/savu-bamboo-pulp-serviettes,https://cdn0.woolworths.media/content/wowproductimages/medium/097395.jpg,2020-09-20 15:36:09,,0,,True
0a229e96-faa3-4109-b190-8b60ab1c7831,Woolworths Supermarket,Household,Savu Bamboo Pulp Straws 40 pack,097396,$2.00,,https://www.woolworths.com.au/shop/productdetails/97396/savu-bamboo-pulp-straws,https://cdn0.woolworths.media/content/wowproductimages/medium/097396.jpg,2020-09-20 15:36:09,,0,,True
3560364d-3f70-42cf-827d-4c5614c345d3,Woolworths Supermarket,Household,Savu Bamboo Pulp Cups 10 pack,097397,$2.00,,https://www.woolworths.com.au/shop/productdetails/97397/savu-bamboo-pulp-cups,https://cdn0.woolworths.media/content/wowproductimages/medium/097397.jpg,2020-09-20 15:36:09,,0,,True
931eba8b-9068-4432-b994-75ed3ad1b4bd,Woolworths Supermarket,Household,Armada Pattern Paper Plates 10 pack,097398,$3.00,,https://www.woolworths.com.au/shop/productdetails/97398/armada-pattern-paper-plates,https://cdn0.woolworths.media/content/wowproductimages/medium/097398.jpg,2020-09-20 15:36:09,,0,,True
58d88098-0ecf-4e46-800e-dce0b5adafb8,Woolworths Supermarket,Household,Armada Pattern Paper Bowls 10 pack,097399,$3.00,,https://www.woolworths.com.au/shop/productdetails/97399/armada-pattern-paper-bowls,https://cdn0.woolworths.media/content/wowproductimages/medium/097399.jpg,2020-09-20 15:36:09,,0,,True
5acd37bf-f424-44bd-b329-257076c1ff57,Woolworths Supermarket,Household,Armada Pattern Paper Cups 10 pack,097400,$2.50,,https://www.woolworths.com.au/shop/productdetails/97400/armada-pattern-paper-cups,https://cdn0.woolworths.media/content/wowproductimages/medium/097400.jpg,2020-09-20 15:36:09,,0,,True
d42b9d98-b236-4588-b2ac-0a1d93bc003f,Woolworths Supermarket,Household,Armada Pattern Paper Plates 10 pack,097403,$3.00,,https://www.woolworths.com.au/shop/productdetails/97403/armada-pattern-paper-plates,https://cdn0.woolworths.media/content/wowproductimages/medium/097403.jpg,2020-09-20 15:36:09,,0,,True
aecf7688-2137-4d50-bb13-e10e1b421fd3,Woolworths Supermarket,Household,Armada Pattern Paper Bowls 10 pack,097404,$3.00,,https://www.woolworths.com.au/shop/productdetails/97404/armada-pattern-paper-bowls,https://cdn0.woolworths.media/content/wowproductimages/medium/097404.jpg,2020-09-20 15:36:09,,0,,True
9cccbc2a-3106-470a-a40f-3f0ff2c72b9b,Woolworths Supermarket,Household,Armada Pattern Paper Cups 10 pack,097405,$2.50,,https://www.woolworths.com.au/shop/productdetails/97405/armada-pattern-paper-cups,https://cdn0.woolworths.media/content/wowproductimages/medium/097405.jpg,2020-09-20 15:36:09,,0,,True
d789addd-81f6-4a8b-8934-3404a987a47d,Woolworths Supermarket,Household,Armada Dinosaur Paper Plates 10 pack,097408,$2.00,,https://www.woolworths.com.au/shop/productdetails/97408/armada-dinosaur-paper-plates,https://cdn0.woolworths.media/content/wowproductimages/medium/097408.jpg,2020-09-20 15:36:09,,0,,True
24acb82d-2a0d-4979-ac64-351fdac9c106,Woolworths Supermarket,Household,Armada Paper Bowls 10 pack,097409,$2.00,,https://www.woolworths.com.au/shop/productdetails/97409/armada-paper-bowls,https://cdn0.woolworths.media/content/wowproductimages/medium/097409.jpg,2020-09-20 15:36:09,,0,,True
d51d9ce0-7047-45de-8e16-aa0a9a535437,Woolworths Supermarket,Household,Armada Dinosaur Paper Cups 10 pack,097411,$2.00,,https://www.woolworths.com.au/shop/productdetails/97411/armada-dinosaur-paper-cups,https://cdn0.woolworths.media/content/wowproductimages/medium/097411.jpg,2020-09-20 15:36:09,,0,,True
57706bd9-e2c5-4b9b-8473-36d756eb44e1,Woolworths Supermarket,Household,Armada Unicorn Paper Plates 10 pack,097414,$2.00,,https://www.woolworths.com.au/shop/productdetails/97414/armada-unicorn-paper-plates,https://cdn0.woolworths.media/content/wowproductimages/medium/097414.jpg,2020-09-20 15:36:09,,0,,True
e6971371-7fea-4120-8fae-9b2a25f40407,Woolworths Supermarket,Household,Armada Unicorn Paper Bowls 10 pack,097415,$2.00,,https://www.woolworths.com.au/shop/productdetails/97415/armada-unicorn-paper-bowls,https://cdn0.woolworths.media/content/wowproductimages/medium/097415.jpg,2020-09-20 15:36:09,,0,,True
27d0d272-723b-4986-b07a-e59d4dd4a643,Woolworths Supermarket,Household,Armada Unicorn Paper Cups 10 pack,097416,$2.00,,https://www.woolworths.com.au/shop/productdetails/97416/armada-unicorn-paper-cups,https://cdn0.woolworths.media/content/wowproductimages/medium/097416.jpg,2020-09-20 15:36:09,,0,,True
718911d2-bf8e-4f38-9b09-90c1dc144a71,Woolworths Supermarket,Household,Energizer Usb-c Cable Black 2 Metre each,097514,$17.50,,https://www.woolworths.com.au/shop/productdetails/97514/energizer-usb-c-cable-black-2-metre,https://cdn0.woolworths.media/content/wowproductimages/medium/097514.jpg,2020-09-20 15:36:09,,0,,True
0d00e17c-3419-47d3-bb03-3cff3937bc70,Woolworths Supermarket,Household,Chevron 4 Outlet Powerboard 1m 10amps each,097519,$4.00,,https://www.woolworths.com.au/shop/productdetails/97519/chevron-4-outlet-powerboard-1m-10amps,https://cdn0.woolworths.media/content/wowproductimages/medium/097519.jpg,2020-09-20 15:36:09,,0,,True
873f24e4-505a-4ec9-8d02-b19387034699,Woolworths Supermarket,Household,Sonic B Regal Noise Isolating Wired Earphones each,097655,,,https://www.woolworths.com.au/shop/productdetails/97655/sonic-b-regal-noise-isolating-wired-earphones,https://cdn0.woolworths.media/content/wowproductimages/medium/097655.jpg,2020-09-20 15:36:09,,0,Designs may vary,False
fd62dda7-cf83-4eec-9a56-aa0fe6fe74c1,Woolworths Supermarket,Household,Essentials Plastic Forks 20 pack,097664,$1.00,$1.00 / 1EA,https://www.woolworths.com.au/shop/productdetails/97664/essentials-plastic-forks,https://cdn0.woolworths.media/content/wowproductimages/medium/097664.jpg,2020-09-20 15:36:09,,0,,True
8020fb36-9c98-4808-b7f4-45754ab6f724,Woolworths Supermarket,Household,Essentials Plastic Dessert Spoons 20 pack,097665,$1.00,$1.00 / 1EA,https://www.woolworths.com.au/shop/productdetails/97665/essentials-plastic-dessert-spoons,https://cdn0.woolworths.media/content/wowproductimages/medium/097665.jpg,2020-09-20 15:36:09,,0,,True
e2d9e8bb-1b7c-462f-af5d-462855ad3073,Woolworths Supermarket,Household,Essentials Assorted Plastic Cutlery Set 18 pack,097667,$1.00,$1.00 / 1EA,https://www.woolworths.com.au/shop/productdetails/97667/essentials-assorted-plastic-cutlery-set,https://cdn0.woolworths.media/content/wowproductimages/medium/097667.jpg,2020-09-20 15:36:09,,0,,True
aef8eda0-247e-40ab-ba47-7c58020e5e5f,Woolworths Supermarket,Household,Boom City Racers Assorted each,097791,$12.00,,https://www.woolworths.com.au/shop/productdetails/97791/boom-city-racers-assorted,https://cdn0.woolworths.media/content/wowproductimages/medium/097791.jpg,2020-09-20 15:36:09,,0,Designs may vary,True
bfd319b5-1869-4728-b571-017140822e33,Woolworths Supermarket,Household,Sonic B Heroic Wired Gaming Headset each,098044,$28.00,,https://www.woolworths.com.au/shop/productdetails/98044/sonic-b-heroic-wired-gaming-headset,https://cdn0.woolworths.media/content/wowproductimages/medium/098044.jpg,2020-09-20 15:36:09,,0,,True
3a29fdca-57b7-4ef2-a4f7-723d0c9da9e7,Woolworths Supermarket,Household,Vileda Wettex Cleaning Cloth Super Absorbent Assorted 3 pack,098054,$3.00,$1.00 / 1EA,https://www.woolworths.com.au/shop/productdetails/98054/vileda-wettex-cleaning-cloth-super-absorbent-assorted,https://cdn0.woolworths.media/content/wowproductimages/medium/098054.jpg,2020-09-20 15:36:09,,0,,True
31e1c31b-099f-4f51-9a6b-b41c52a4aabd,Woolworths Supermarket,Household,Waxworks Citronella Natural Mozzie Repellent Terrazzo Tin each,098087,$11.00,$11.00 / 1EA,https://www.woolworths.com.au/shop/productdetails/98087/waxworks-citronella-natural-mozzie-repellent-terrazzo-tin,https://cdn0.woolworths.media/content/wowproductimages/medium/098087.jpg,2020-09-20 15:36:09,,0,,True
c647701c-7076-44fb-bfc7-7177774b36cb,Woolworths Supermarket,Household,Inspire Quilt Cover Set 225 Thread Count Single each,098220,$7.50,,https://www.woolworths.com.au/shop/productdetails/98220/inspire-quilt-cover-set-225-thread-count-single,https://cdn0.woolworths.media/content/wowproductimages/medium/098220.jpg,2020-09-20 15:36:09,,0,Designs may vary,True
9cb796a7-0b48-4c66-ac48-60f32d8030c7,Woolworths Supermarket,Household,Wd-40 Lubricant Multi Purpose 255g,098317,$6.50,$2.55 / 100G,https://www.woolworths.com.au/shop/productdetails/98317/wd-40-lubricant-multi-purpose,https://cdn0.woolworths.media/content/wowproductimages/medium/098317.jpg,2020-09-20 15:36:09,,0,,True
01933be1-1769-40f6-9729-4b6b607d2d34,Woolworths Supermarket,Household,Viva Rinse & Reuse Sheet Towels 40 pack,098495,$5.00,$0.13 / 1EA,https://www.woolworths.com.au/shop/productdetails/98495/viva-rinse-reuse-sheet-towels,https://cdn0.woolworths.media/content/wowproductimages/medium/098495.jpg,2020-09-20 15:36:09,,0,,True
7ebc30b9-47e8-495c-a475-8e7a5c21c642,Woolworths Supermarket,Household,Scotchgard Fabric & Upholstery Protector 350g,098514,$12.00,$3.43 / 100G,https://www.woolworths.com.au/shop/productdetails/98514/scotchgard-fabric-upholstery-protector,https://cdn0.woolworths.media/content/wowproductimages/medium/098514.jpg,2020-09-20 15:36:09,,0,,True
8b9e2cf6-bf9e-4f0e-ac52-dd25b5e6ee9e,Woolworths Supermarket,Household,Culinare Swivel Peeler each,098781,$5.00,,https://www.woolworths.com.au/shop/productdetails/98781/culinare-swivel-peeler,https://cdn0.woolworths.media/content/wowproductimages/medium/098781.jpg,2020-09-20 15:36:09,,0,,True
bf1664ab-3469-4937-8fbc-61ca275377c3,Woolworths Supermarket,Household,Glad To Be Green 50% Plant Based Cling Wrap 50m each,099047,$5.00,$0.10 / 1M,https://www.woolworths.com.au/shop/productdetails/99047/glad-to-be-green-50-plant-based-cling-wrap-50m,https://cdn0.woolworths.media/content/wowproductimages/medium/099047.jpg,2020-09-20 15:36:09,,0,,True
24b918db-6333-40ad-ae59-501f38976e65,Woolworths Supermarket,Household,Waxworks Citronella Natural Mozzie Oil Burner Assorted each,099052,$13.00,$13.00 / 1EA,https://www.woolworths.com.au/shop/productdetails/99052/waxworks-citronella-natural-mozzie-oil-burner-assorted,https://cdn0.woolworths.media/content/wowproductimages/medium/099052.jpg,2020-09-20 15:36:09,,0,Designs may vary,True
ce9e742a-499c-4799-bd3b-0992815c478d,Woolworths Supermarket,Household,Armada Metallic Paper Plates Assorted 10 pack,099169,$4.00,$0.40 / 1EA,https://www.woolworths.com.au/shop/productdetails/99169/armada-metallic-paper-plates-assorted,https://cdn0.woolworths.media/content/wowproductimages/medium/099169.jpg,2020-09-20 15:36:09,,0,,True
5379356b-0d01-4f95-9203-5840146331e1,Woolworths Supermarket,Household,Armada Metallic Paper Side Plates Assorted 10 pack,099170,$3.00,$0.30 / 1EA,https://www.woolworths.com.au/shop/productdetails/99170/armada-metallic-paper-side-plates-assorted,https://cdn0.woolworths.media/content/wowproductimages/medium/099170.jpg,2020-09-20 15:36:09,,0,,True
41d9d5b3-3377-4f9a-8e52-412ccae68568,Woolworths Supermarket,Household,Viva Select A Size Paper Towel White 2 pack,099185,$1.75,$0.97 / 100SS,https://www.woolworths.com.au/shop/productdetails/99185/viva-select-a-size-paper-towel-white,https://cdn0.woolworths.media/content/wowproductimages/medium/099185.jpg,2020-09-20 15:36:09,,0,,True
fa34f292-0ee7-4289-aabc-948f501e8a56,Woolworths Supermarket,Household,Viva Select A Size Paper Towel White 3 pack,099245,$4.00,$1.48 / 100SS,https://www.woolworths.com.au/shop/productdetails/99245/viva-select-a-size-paper-towel-white,https://cdn0.woolworths.media/content/wowproductimages/medium/099245.jpg,2020-09-20 15:36:09,,0,Was $4.90 26/10/2017,True
03cd9699-c3f5-4c9d-b94e-676f53a32caf,Woolworths Supermarket,Household,Valvoline Oil Motor Xld 20w-50 4l,099291,$29.00,$0.73 / 100ML,https://www.woolworths.com.au/shop/productdetails/99291/valvoline-oil-motor-xld-20w-50,https://cdn0.woolworths.media/content/wowproductimages/medium/099291.jpg,2020-09-20 15:36:09,,0,,True
fa1e9e8b-fa5c-408e-a853-c950e1c01724,Woolworths Supermarket,Household,Take 5 Magazine each,099326,$3.70,,https://www.woolworths.com.au/shop/productdetails/99326/take-5-magazine,https://cdn0.woolworths.media/content/wowproductimages/medium/099326.jpg,2020-09-20 15:36:09,,0,Offer Details Here,True
33b899f9-a9cd-46c7-bb92-30319f9ac4cd,Woolworths Supermarket,Household,Glad To Be Green 95% Recycled Kitchen Tidy Bags Small 34 pack,099437,$4.50,$0.13 / 1EA,https://www.woolworths.com.au/shop/productdetails/99437/glad-to-be-green-95-recycled-kitchen-tidy-bags-small,https://cdn0.woolworths.media/content/wowproductimages/medium/099437.jpg,2020-09-20 15:36:09,,0,,True
9fef1c1f-c3f5-4efc-bcbe-c069ac95554e,Woolworths Supermarket,Household,Moki Life Lightning To Usb Syncharge Cable 90cm (mfi) each,099546,$12.00,,https://www.woolworths.com.au/shop/productdetails/99546/moki-life-lightning-to-usb-syncharge-cable-90cm-mfi-,https://cdn0.woolworths.media/content/wowproductimages/medium/099546.jpg,2020-09-20 15:36:09,,0,,True
4c845e46-bb61-4d4d-96f6-a853adf460dd,Woolworths Supermarket,Household,Armor All Car Care Protectant 500ml,099691,$17.00,$3.40 / 100ML,https://www.woolworths.com.au/shop/productdetails/99691/armor-all-car-care-protectant,https://cdn0.woolworths.media/content/wowproductimages/medium/099691.jpg,2020-09-20 15:36:09,,0,,True
0701946b-f73b-4eef-999a-efeaf925f8d2,Woolworths Supermarket,Household,Moki Life Moki Life Wireless Headphones each,099839,$25.00,,https://www.woolworths.com.au/shop/productdetails/99839/moki-life-moki-life-wireless-headphones,https://cdn0.woolworths.media/content/wowproductimages/medium/099839.jpg,2020-09-20 15:36:09,,0,Designs may vary,True
94cc2210-55cc-4e64-a61d-b89012e5174e,Woolworths Supermarket,Household,Viva Rinse & Reuse Sheet Towels 20 pack,099882,$1.75,$0.09 / 1EA,https://www.woolworths.com.au/shop/productdetails/99882/viva-rinse-reuse-sheet-towels,https://cdn0.woolworths.media/content/wowproductimages/medium/099882.jpg,2020-09-20 15:36:09,,0,,True
3f12d0bf-300b-44f1-a2ac-d83d64346cf1,Woolworths Supermarket,Household,Glad To Be Green 95% Recycled Kitchen Tidy Bags Medium 28 pack,099884,$4.50,$0.16 / 1EA,https://www.woolworths.com.au/shop/productdetails/99884/glad-to-be-green-95-recycled-kitchen-tidy-bags-medium,https://cdn0.woolworths.media/content/wowproductimages/medium/099884.jpg,2020-09-20 15:36:09,,0,,True
fce18d93-c80a-4685-8213-b18746edf43b,Woolworths Supermarket,Household,Moki Life Type-c To Usb Syncharge Cable 90cm each,099964,$12.00,,https://www.woolworths.com.au/shop/productdetails/99964/moki-life-type-c-to-usb-syncharge-cable-90cm,https://cdn0.woolworths.media/content/wowproductimages/medium/099964.jpg,2020-09-20 15:36:09,,0,,True
f59dd139-b42e-4344-b88f-c33f44e7afd1,Woolworths Supermarket,Household,Multix Greener Plant Based Cling Wrap 20m each,100070,$3.00,$0.15 / 1M,https://www.woolworths.com.au/shop/productdetails/100070/multix-greener-plant-based-cling-wrap-20m,https://cdn0.woolworths.media/content/wowproductimages/medium/100070.jpg,2020-09-20 15:36:09,,0,,True
1ba19245-9028-4b8f-8c32-c17f89ce9425,Woolworths Supermarket,Household,Glad To Be Green Compostable Brown Bake Paper 15m each,100078,$4.50,$0.30 / 1M,https://www.woolworths.com.au/shop/productdetails/100078/glad-to-be-green-compostable-brown-bake-paper-15m,https://cdn0.woolworths.media/content/wowproductimages/medium/100078.jpg,2020-09-20 15:36:09,,0,,True
1f12fd74-a5c3-43ce-a96d-a3cce0b4a272,Woolworths Supermarket,Household,Sheer Relief Trouser Sock Black 1 Size 1pk,100286,$7.00,,https://www.woolworths.com.au/shop/productdetails/100286/sheer-relief-trouser-sock-black-1-size,https://cdn0.woolworths.media/content/wowproductimages/medium/100286.jpg,2020-09-20 15:36:09,,0,,True
1964c7cc-41e3-45e9-aa7b-35b347cd80a3,Woolworths Supermarket,Household,Razzamatazz Tan Anklet One Size 2 pack,100303,$3.00,,https://www.woolworths.com.au/shop/productdetails/100303/razzamatazz-tan-anklet-one-size,https://cdn0.woolworths.media/content/wowproductimages/medium/100303.jpg,2020-09-20 15:36:09,,0,,True
8ae3a8ab-e361-43ae-bb21-9496bd4228b8,Woolworths Supermarket,Household,Moki Life Metallics Earphones each,100325,$10.00,,https://www.woolworths.com.au/shop/productdetails/100325/moki-life-metallics-earphones,https://cdn0.woolworths.media/content/wowproductimages/medium/100325.jpg,2020-09-20 15:36:09,,0,Designs may vary,True
d5de51c9-9b68-4681-9226-ac6c1db2432d,Woolworths Supermarket,Household,Papermate Liquid Paper Pen 2 pack,100718,$6.75,,https://www.woolworths.com.au/shop/productdetails/100718/papermate-liquid-paper-pen,https://cdn0.woolworths.media/content/wowproductimages/medium/100718.jpg,2020-09-20 15:36:09,,0,,True
e14fe7f2-48bf-4813-8b62-2fce7ecfe5f4,Woolworths Supermarket,Household,Glad To Be Green 50% Plant Based Sandwich Bags 40 pack,100752,$3.50,$0.09 / 1EA,https://www.woolworths.com.au/shop/productdetails/100752/glad-to-be-green-50-plant-based-sandwich-bags,https://cdn0.woolworths.media/content/wowproductimages/medium/100752.jpg,2020-09-20 15:36:09,,0,,True
811a7f10-7f38-4eba-8fe0-3d852379d3d9,Woolworths Supermarket,Household,Moki Life Sports Earphones each,100774,$10.00,,https://www.woolworths.com.au/shop/productdetails/100774/moki-life-sports-earphones,https://cdn0.woolworths.media/content/wowproductimages/medium/100774.jpg,2020-09-20 15:36:09,,0,,True
c2524eef-242f-40a8-90c6-e0a1231e9271,Woolworths Supermarket,Household,Hercules Oven Bag Large 4 pack,101479,$2.50,$0.63 / 1EA,https://www.woolworths.com.au/shop/productdetails/101479/hercules-oven-bag-large,https://cdn0.woolworths.media/content/wowproductimages/medium/101479.jpg,2020-09-20 15:36:09,,0,,True
1e6c0370-8834-4f71-a41b-25730332fbfd,Woolworths Supermarket,Household,Korbond Dressmaker Pins 350 pack,101486,$4.00,,https://www.woolworths.com.au/shop/productdetails/101486/korbond-dressmaker-pins,https://cdn0.woolworths.media/content/wowproductimages/medium/101486.jpg,2020-09-20 15:36:09,,0,,True
e1565a1f-6211-492e-ae34-dee2ce77e92d,Woolworths Supermarket,Household,Korbond Compact Needle Kit 40 pack,101510,$3.00,,https://www.woolworths.com.au/shop/productdetails/101510/korbond-compact-needle-kit,https://cdn0.woolworths.media/content/wowproductimages/medium/101510.jpg,2020-09-20 15:36:09,,0,,True
f972a1c2-e82f-441c-a8bd-fd8fb37d9134,Woolworths Supermarket,Household,Sonic B Wonderful Universal Headset each,101515,$29.95,,https://www.woolworths.com.au/shop/productdetails/101515/sonic-b-wonderful-universal-headset,https://cdn0.woolworths.media/content/wowproductimages/medium/101515.jpg,2020-09-20 15:36:09,,0,,True
db7cee93-c334-44fc-abc0-2642cc3fe100,Woolworths Supermarket,Household,Hercules Sustain 60% Plant Based Kitchen Tidy Bag Medium 25 pack,101541,$4.50,$0.18 / 1EA,https://www.woolworths.com.au/shop/productdetails/101541/hercules-sustain-60-plant-based-kitchen-tidy-bag-medium,https://cdn0.woolworths.media/content/wowproductimages/medium/101541.jpg,2020-09-20 15:36:09,,0,,True
7de9ab10-5256-492b-8d2d-9995bf39774b,Woolworths Supermarket,Household,Korbond Tape Measure Metric & Imperial each,101549,$2.00,,https://www.woolworths.com.au/shop/productdetails/101549/korbond-tape-measure-metric-imperial,https://cdn0.woolworths.media/content/wowproductimages/medium/101549.jpg,2020-09-20 15:36:09,,0,,True
246e5e09-94e5-415a-ab29-68e46b10e370,Woolworths Supermarket,Household,Classic Story Books Assorted each,101901,$9.99,,https://www.woolworths.com.au/shop/productdetails/101901/classic-story-books-assorted,https://cdn0.woolworths.media/content/wowproductimages/medium/101901.jpg,2020-09-20 15:36:09,,0,Designs may vary,True
bb7c6b5a-0038-4efb-9e0f-7d66929651f3,Woolworths Supermarket,Household,Sonic B Subtle Wireless Mouse each,101934,$20.00,,https://www.woolworths.com.au/shop/productdetails/101934/sonic-b-subtle-wireless-mouse,https://cdn0.woolworths.media/content/wowproductimages/medium/101934.jpg,2020-09-20 15:36:09,,0,,True
1ec1ee96-dc20-4593-9cb3-63d2cbe74530,Woolworths Supermarket,Household,Woman's Day New Idea Who Triple Pack each,101977,$9.99,,https://www.woolworths.com.au/shop/productdetails/101977/woman-s-day-new-idea-who-triple-pack,https://cdn0.woolworths.media/content/wowproductimages/medium/101977.jpg,2020-09-20 15:36:09,,0,,True
2e3641f1-410d-42e2-aeb8-33428181da26,Woolworths Supermarket,Household,Korbond Seam Ripper 2 pack,102089,$3.00,,https://www.woolworths.com.au/shop/productdetails/102089/korbond-seam-ripper,https://cdn0.woolworths.media/content/wowproductimages/medium/102089.jpg,2020-09-20 15:36:09,,0,,True
573cce57-08f0-4f8a-be71-2782190b9745,Woolworths Supermarket,Household,Ty Beanie Boo 360c Assorted each,102107,$9.00,,https://www.woolworths.com.au/shop/productdetails/102107/ty-beanie-boo-360c-assorted,https://cdn0.woolworths.media/content/wowproductimages/medium/102107.jpg,2020-09-20 15:36:09,,0,Designs may vary,True
4f9f7a86-99c7-43bb-8a2d-942c153d67df,Woolworths Supermarket,Household,Hercules Sustain 60% Plant Based Kitchen Tidy Bag Small 30 pack,102211,$4.50,$0.15 / 1EA,https://www.woolworths.com.au/shop/productdetails/102211/hercules-sustain-60-plant-based-kitchen-tidy-bag-small,https://cdn0.woolworths.media/content/wowproductimages/medium/102211.jpg,2020-09-20 15:36:09,,0,,True
14de7d41-eac4-42a3-86d8-590c4d198755,Woolworths Supermarket,Household,Korbond Polyester Thread Multi Colours 5 pack,102216,$4.00,,https://www.woolworths.com.au/shop/productdetails/102216/korbond-polyester-thread-multi-colours,https://cdn0.woolworths.media/content/wowproductimages/medium/102216.jpg,2020-09-20 15:36:09,,0,,True
a9512dd9-d42d-4fbd-af1b-52d3bbcd179d,Woolworths Supermarket,Household,Handee Max Paper Towel White 3ply 2 pack,102224,$4.40,$4.40 / 100SS,https://www.woolworths.com.au/shop/productdetails/102224/handee-max-paper-towel-white-3ply,https://cdn0.woolworths.media/content/wowproductimages/medium/102224.jpg,2020-09-20 15:36:09,,0,,True
450acea1-1e0d-49b9-8868-7444b04df5ce,Woolworths Supermarket,Household,Korbond Rechargeable Lint Remover each,102296,$25.00,,https://www.woolworths.com.au/shop/productdetails/102296/korbond-rechargeable-lint-remover,https://cdn0.woolworths.media/content/wowproductimages/medium/102296.jpg,2020-09-20 15:36:09,,0,,True
dbe5252f-a436-4188-b1a2-a4627664bb15,Woolworths Supermarket,Household,Korbond Easy Thread Needles 10 pack,102326,$3.00,,https://www.woolworths.com.au/shop/productdetails/102326/korbond-easy-thread-needles,https://cdn0.woolworths.media/content/wowproductimages/medium/102326.jpg,2020-09-20 15:36:09,,0,,True
3b17827b-ccb4-4c2b-8ad4-cbf7cd14b99a,Woolworths Supermarket,Household,Korbond Pearl Headed Pins 200 pack,102657,$5.00,,https://www.woolworths.com.au/shop/productdetails/102657/korbond-pearl-headed-pins,https://cdn0.woolworths.media/content/wowproductimages/medium/102657.jpg,2020-09-20 15:36:09,,0,,True
27254c7d-343c-4912-a48b-6249a438c82d,Woolworths Supermarket,Household,Korbond Lint Roller Soft Grip Handle each,102724,$7.00,,https://www.woolworths.com.au/shop/productdetails/102724/korbond-lint-roller-soft-grip-handle,https://cdn0.woolworths.media/content/wowproductimages/medium/102724.jpg,2020-09-20 15:36:09,,0,,True
72258453-3927-40e6-8887-c82d8af966bb,Woolworths Supermarket,Household,Hercules Sustain 60% Plant Based Kitchen Tidy Bag Large 20 pack,102728,$4.50,$0.23 / 1EA,https://www.woolworths.com.au/shop/productdetails/102728/hercules-sustain-60-plant-based-kitchen-tidy-bag-large,https://cdn0.woolworths.media/content/wowproductimages/medium/102728.jpg,2020-09-20 15:36:09,,0,,True
106613cd-c02b-4589-81f7-794f4b33b308,Woolworths Supermarket,Household,Korbond Horizontal Lint Roller each,102805,$7.00,,https://www.woolworths.com.au/shop/productdetails/102805/korbond-horizontal-lint-roller,https://cdn0.woolworths.media/content/wowproductimages/medium/102805.jpg,2020-09-20 15:36:09,,0,,True
f0a5cd10-2653-4655-8719-facf79601891,Woolworths Supermarket,Household,Hercules Sustain 25% Plant Based Freezer Bags Small 20 pack,102811,$3.30,$0.17 / 1EA,https://www.woolworths.com.au/shop/productdetails/102811/hercules-sustain-25-plant-based-freezer-bags-small,https://cdn0.woolworths.media/content/wowproductimages/medium/102811.jpg,2020-09-20 15:36:09,,0,,True
e5dc4c21-13ab-41fa-9601-f5a277552663,Woolworths Supermarket,Household,Korbond Safety Pins Silver 50 pack,102823,$4.00,,https://www.woolworths.com.au/shop/productdetails/102823/korbond-safety-pins-silver,https://cdn0.woolworths.media/content/wowproductimages/medium/102823.jpg,2020-09-20 15:36:09,,0,,True
f4d1dc68-18e1-4dc4-ae80-d5489f1cd0fa,Woolworths Supermarket,Household,Korbond Snap Lock Pins 4 pack,102830,$2.00,,https://www.woolworths.com.au/shop/productdetails/102830/korbond-snap-lock-pins,https://cdn0.woolworths.media/content/wowproductimages/medium/102830.jpg,2020-09-20 15:36:09,,0,,True
569edce5-6449-41c6-9637-8cebd71c79fd,Woolworths Supermarket,Household,Korbond Lint Travel Roller each,102862,$3.00,,https://www.woolworths.com.au/shop/productdetails/102862/korbond-lint-travel-roller,https://cdn0.woolworths.media/content/wowproductimages/medium/102862.jpg,2020-09-20 15:36:09,,0,,True
147a512e-ed1e-4a63-b8dd-382bb912e022,Woolworths Supermarket,Household,Korbond Safety Pin Assorted Colour & Size 100 pack,102872,$5.00,,https://www.woolworths.com.au/shop/productdetails/102872/korbond-safety-pin-assorted-colour-size,https://cdn0.woolworths.media/content/wowproductimages/medium/102872.jpg,2020-09-20 15:36:09,,0,,True
991051ab-9d6b-4c8d-819c-840d3041452c,Woolworths Supermarket,Household,Hercules 50% Plant Based Snack Bags 40 pack,103031,$3.30,$0.08 / 1EA,https://www.woolworths.com.au/shop/productdetails/103031/hercules-50-plant-based-snack-bags,https://cdn0.woolworths.media/content/wowproductimages/medium/103031.jpg,2020-09-20 15:36:09,,0,,True
391b3efc-6638-4f2f-80af-4277f44a3da8,Woolworths Supermarket,Household,Korbond Elastic Braided 6mm X5m each,103338,$5.00,,https://www.woolworths.com.au/shop/productdetails/103338/korbond-elastic-braided-6mm-x5m,https://cdn0.woolworths.media/content/wowproductimages/medium/103338.jpg,2020-09-20 15:36:09,,0,,True
6dd7255d-0bea-42d1-a1b8-1987bb76aeeb,Woolworths Supermarket,Household,Korbond Hot Melt Glue Sticks 12 pack,103339,$3.00,,https://www.woolworths.com.au/shop/productdetails/103339/korbond-hot-melt-glue-sticks,https://cdn0.woolworths.media/content/wowproductimages/medium/103339.jpg,2020-09-20 15:36:09,,0,,True
fbe08f19-c90f-423d-abfb-202778d347ed,Woolworths Supermarket,Household,Jif Power & Shine Multi-purpose Wipes Citrus Fresh 60 pack,103381,$5.50,,https://www.woolworths.com.au/shop/productdetails/103381/jif-power-shine-multi-purpose-wipes-citrus-fresh,https://cdn0.woolworths.media/content/wowproductimages/medium/103381.jpg,2020-09-20 15:36:09,,0,,True
aaeaa18f-2049-48fd-8e90-04b42099b1c1,Woolworths Supermarket,Household,Hercules Sustain 50% Plant Based Storage Bags 15 pack,103465,$3.30,$0.22 / 1EA,https://www.woolworths.com.au/shop/productdetails/103465/hercules-sustain-50-plant-based-storage-bags,https://cdn0.woolworths.media/content/wowproductimages/medium/103465.jpg,2020-09-20 15:36:09,,0,,True
658b14d3-b356-439c-bd1e-c61ea32c2790,Woolworths Supermarket,Household,Korbond Fashion Tape Stripes & Shapes each,103469,$10.00,,https://www.woolworths.com.au/shop/productdetails/103469/korbond-fashion-tape-stripes-shapes,https://cdn0.woolworths.media/content/wowproductimages/medium/103469.jpg,2020-09-20 15:36:09,,0,,True
29731b5f-cf20-4bbe-ba66-a190f720ce6e,Woolworths Supermarket,Household,Hercules Sustain 50% Plant Based Sandwich Bags 30 pack,103476,$3.30,$0.11 / 1EA,https://www.woolworths.com.au/shop/productdetails/103476/hercules-sustain-50-plant-based-sandwich-bags,https://cdn0.woolworths.media/content/wowproductimages/medium/103476.jpg,2020-09-20 15:36:09,,0,,True
2b4b88d9-9ca4-41c1-9a40-cb6b05d47864,Woolworths Supermarket,Household,Papermate Profile Gel Pens 0.7mm Assorted 4 pack,103712,$11.00,,https://www.woolworths.com.au/shop/productdetails/103712/papermate-profile-gel-pens-0-7mm-assorted,https://cdn0.woolworths.media/content/wowproductimages/medium/103712.jpg,2020-09-20 15:36:09,,0,,True
769d445f-d28a-4e6c-910c-395b0c65fe09,Woolworths Supermarket,Household,Handee Pet Odour Neutralising Paper Towel With Orange Scent 2 pack,103776,$4.50,$4.50 / 100SS,https://www.woolworths.com.au/shop/productdetails/103776/handee-pet-odour-neutralising-paper-towel-with-orange-scent,https://cdn0.woolworths.media/content/wowproductimages/medium/103776.jpg,2020-09-20 15:36:09,,0,,True
56319e4a-6cb0-4dc6-b242-067064f58df4,Woolworths Supermarket,Household,Belle Magazine each,103905,$11.50,,https://www.woolworths.com.au/shop/productdetails/103905/belle-magazine,https://cdn0.woolworths.media/content/wowproductimages/medium/103905.jpg,2020-09-20 15:36:09,,0,,True
dd8651b5-460d-4dc3-917f-f8db536ef668,Woolworths Supermarket,Household,Korbond Sewing Oil each,103909,$4.00,,https://www.woolworths.com.au/shop/productdetails/103909/korbond-sewing-oil,https://cdn0.woolworths.media/content/wowproductimages/medium/103909.jpg,2020-09-20 15:36:09,,0,,True
56056ca6-63a7-46fd-b86d-56fbc4df7c2a,Woolworths Supermarket,Household,Korbond Instant Repair Double Sided Tape 4.6m each,104401,$5.00,,https://www.woolworths.com.au/shop/productdetails/104401/korbond-instant-repair-double-sided-tape-4-6m,https://cdn0.woolworths.media/content/wowproductimages/medium/104401.jpg,2020-09-20 15:36:09,,0,,True
7e5b4cc1-f21d-4279-bbf5-11858133f87d,Woolworths Supermarket,Household,Korbond Instant Iron On Menders 3 pack,104496,$4.00,,https://www.woolworths.com.au/shop/productdetails/104496/korbond-instant-iron-on-menders,https://cdn0.woolworths.media/content/wowproductimages/medium/104496.jpg,2020-09-20 15:36:09,,0,,True
6496301c-0180-41b0-8dc3-5580a955f5fe,Woolworths Supermarket,Household,Korbond Scissors Soft Touch Handle 2 pack,104676,$10.00,,https://www.woolworths.com.au/shop/productdetails/104676/korbond-scissors-soft-touch-handle,https://cdn0.woolworths.media/content/wowproductimages/medium/104676.jpg,2020-09-20 15:36:09,,0,,True
c95f5106-c3d6-4ceb-b3fc-355707ba7609,Woolworths Supermarket,Household,Korbond Sewing Bag Kit With Zipper each,104966,$12.00,,https://www.woolworths.com.au/shop/productdetails/104966/korbond-sewing-bag-kit-with-zipper,https://cdn0.woolworths.media/content/wowproductimages/medium/104966.jpg,2020-09-20 15:36:09,,0,,True
346944af-ebaa-4623-be80-189209df0954,Woolworths Supermarket,Household,Korbond Cotton Tape each,105053,$3.50,,https://www.woolworths.com.au/shop/productdetails/105053/korbond-cotton-tape,https://cdn0.woolworths.media/content/wowproductimages/medium/105053.jpg,2020-09-20 15:36:09,,0,,True
0347f402-bd35-465c-ba00-c3ded2077f9e,Woolworths Supermarket,Household,Korbond Instant Hemming & Mending Tape 2m each,105095,$5.00,,https://www.woolworths.com.au/shop/productdetails/105095/korbond-instant-hemming-mending-tape-2m,https://cdn0.woolworths.media/content/wowproductimages/medium/105095.jpg,2020-09-20 15:36:09,,0,,True
f0a1e14e-9e84-45a0-8a4e-881862df667f,Woolworths Supermarket,Household,Korbond Embroidery Handy Scissors 12cm each,105111,$6.00,,https://www.woolworths.com.au/shop/productdetails/105111/korbond-embroidery-handy-scissors-12cm,https://cdn0.woolworths.media/content/wowproductimages/medium/105111.jpg,2020-09-20 15:36:09,,0,,True
04fccb54-20c6-467e-b0aa-fc3159cd0b51,Woolworths Supermarket,Household,Korbond Fabric/wool Comb each,105137,$4.00,,https://www.woolworths.com.au/shop/productdetails/105137/korbond-fabric-wool-comb,https://cdn0.woolworths.media/content/wowproductimages/medium/105137.jpg,2020-09-20 15:36:09,,0,,True
ec6a4597-5474-432d-91cf-b2ee213fd2d2,Woolworths Supermarket,Household,Korbond Buttons each,105143,$6.00,,https://www.woolworths.com.au/shop/productdetails/105143/korbond-buttons,https://cdn0.woolworths.media/content/wowproductimages/medium/105143.jpg,2020-09-20 15:36:09,,0,,True
4542cb46-91a8-4bcc-8e04-095fd65c943e,Woolworths Supermarket,Household,Korbond Instant Repair Kit each,105154,$5.00,,https://www.woolworths.com.au/shop/productdetails/105154/korbond-instant-repair-kit,https://cdn0.woolworths.media/content/wowproductimages/medium/105154.jpg,2020-09-20 15:36:09,,0,,True
dc780935-dffe-4a0e-a2ac-46ef83f5a648,Woolworths Supermarket,Household,Korbond Travel Sewing Kit each,105182,$5.00,,https://www.woolworths.com.au/shop/productdetails/105182/korbond-travel-sewing-kit,https://cdn0.woolworths.media/content/wowproductimages/medium/105182.jpg,2020-09-20 15:36:09,,0,,True
c56f158f-4195-487b-9c67-3bf80b4a2b11,Woolworths Supermarket,Household,Korbond Instant Iron On Hemming Web 10m each,105192,$4.00,,https://www.woolworths.com.au/shop/productdetails/105192/korbond-instant-iron-on-hemming-web-10m,https://cdn0.woolworths.media/content/wowproductimages/medium/105192.jpg,2020-09-20 15:36:09,,0,,True
b5e7dbf8-abbe-4af3-8c17-092566cedf33,Woolworths Supermarket,Household,Korbond Cedar Rings 12 pack,105193,$8.00,,https://www.woolworths.com.au/shop/productdetails/105193/korbond-cedar-rings,https://cdn0.woolworths.media/content/wowproductimages/medium/105193.jpg,2020-09-20 15:36:09,,0,,True
00dfd53c-80a9-4877-b81a-b793f37293df,Woolworths Supermarket,Household,Korbond Instant Hook & Loop Tape Self Stick 1m each,105195,$7.00,,https://www.woolworths.com.au/shop/productdetails/105195/korbond-instant-hook-loop-tape-self-stick-1m,https://cdn0.woolworths.media/content/wowproductimages/medium/105195.jpg,2020-09-20 15:36:09,,0,,True
4596411f-bdac-40c9-80bd-02ecad804fb7,Woolworths Supermarket,Household,Korbond Clothes Brush Automatic each,105196,$7.00,,https://www.woolworths.com.au/shop/productdetails/105196/korbond-clothes-brush-automatic,https://cdn0.woolworths.media/content/wowproductimages/medium/105196.jpg,2020-09-20 15:36:09,,0,,True
67f68ef4-1787-4a15-bc89-f4e513bc17fc,Woolworths Supermarket,Household,Korbond Silicone Nipple Covers each,105206,$10.00,,https://www.woolworths.com.au/shop/productdetails/105206/korbond-silicone-nipple-covers,https://cdn0.woolworths.media/content/wowproductimages/medium/105206.jpg,2020-09-20 15:36:09,,0,,True
fac73a2a-dc00-41c3-a643-c34a988e8d30,Woolworths Supermarket,Household,Korbond Low Temp Hot Glue Gun Set each,105213,$8.00,,https://www.woolworths.com.au/shop/productdetails/105213/korbond-low-temp-hot-glue-gun-set,https://cdn0.woolworths.media/content/wowproductimages/medium/105213.jpg,2020-09-20 15:36:09,,0,,True
fe38ddb3-ebec-4edb-bab1-1de9f21c6cd2,Woolworths Supermarket,Household,Korbond Sewing Kit Box each,105245,$3.00,,https://www.woolworths.com.au/shop/productdetails/105245/korbond-sewing-kit-box,https://cdn0.woolworths.media/content/wowproductimages/medium/105245.jpg,2020-09-20 15:36:09,,0,,True
b2002d7b-1316-4d00-bce0-b7b8758a270c,Woolworths Supermarket,Household,Korbond Lint Roller Refill 90m each,105344,$6.00,,https://www.woolworths.com.au/shop/productdetails/105344/korbond-lint-roller-refill-90m,https://cdn0.woolworths.media/content/wowproductimages/medium/105344.jpg,2020-09-20 15:36:09,,0,,True
ef26fa31-b6d8-4262-894d-34ebe341e2b5,Woolworths Supermarket,Household,Air Wick Pure Beach Escapes Bondi Breeze Air Freshener Refill 157g,105359,$4.80,$3.06 / 100G,https://www.woolworths.com.au/shop/productdetails/105359/air-wick-pure-beach-escapes-bondi-breeze-air-freshener-refill,https://cdn0.woolworths.media/content/wowproductimages/medium/105359.jpg,2020-09-20 15:36:09,,0,,True
adbc36b8-6f5a-46c7-82b3-efb58b10c161,Woolworths Supermarket,Household,Air Wick Pure Beach Escapes Tropical Whitsundays Refill 157g,105453,$4.80,$3.06 / 100G,https://www.woolworths.com.au/shop/productdetails/105453/air-wick-pure-beach-escapes-tropical-whitsundays-refill,https://cdn0.woolworths.media/content/wowproductimages/medium/105453.jpg,2020-09-20 15:36:09,,0,,True
b1828b99-f4c3-4580-a07d-dc033b97eec5,Woolworths Supermarket,Household,Korbond Invisible Thread 2 pack,105463,$5.00,,https://www.woolworths.com.au/shop/productdetails/105463/korbond-invisible-thread,https://cdn0.woolworths.media/content/wowproductimages/medium/105463.jpg,2020-09-20 15:36:09,,0,,True
ebeb8d76-bc1d-440e-a6ec-2f5375b92b79,Woolworths Supermarket,Household,Air Wick Pure Beach Escapes Bondi Breeze each,105593,$15.00,$9.55 / 100G,https://www.woolworths.com.au/shop/productdetails/105593/air-wick-pure-beach-escapes-bondi-breeze,https://cdn0.woolworths.media/content/wowproductimages/medium/105593.jpg,2020-09-20 15:36:09,,0,,True
7ef8bcbe-655e-45da-b467-b7ea145d972e,Woolworths Supermarket,Household,Essentials Aluminium Foil 30cmx30m,105598,$2.70,$0.09 / 1M,https://www.woolworths.com.au/shop/productdetails/105598/essentials-aluminium-foil,https://cdn0.woolworths.media/content/wowproductimages/medium/105598.jpg,2020-09-20 15:36:09,,0,,True
b8f066d9-c931-403e-9eaf-723b80295d4c,Woolworths Supermarket,Household,Korbond Elastic Braided 12mm X4m each,105693,$7.00,,https://www.woolworths.com.au/shop/productdetails/105693/korbond-elastic-braided-12mm-x4m,https://cdn0.woolworths.media/content/wowproductimages/medium/105693.jpg,2020-09-20 15:36:09,,0,,True
bc67a66a-bd38-4e2f-8525-09e2e65d430c,Woolworths Supermarket,Household,Roundup Natural Weed Killer 1l,105741,$25.00,$2.50 / 100ML,https://www.woolworths.com.au/shop/productdetails/105741/roundup-natural-weed-killer,https://cdn0.woolworths.media/content/wowproductimages/medium/105741.jpg,2020-09-20 15:36:09,,0,,True
9e6fc404-9e01-4c80-8c3b-1279e6d4c309,Woolworths Supermarket,Household,Air Wick Pure Beach Escapes Bondi Breeze Air Freshener Aerosol 159g,105851,$3.50,$2.20 / 100G,https://www.woolworths.com.au/shop/productdetails/105851/air-wick-pure-beach-escapes-bondi-breeze-air-freshener-aerosol,https://cdn0.woolworths.media/content/wowproductimages/medium/105851.jpg,2020-09-20 15:36:09,,0,,True
3578f131-2ac7-4c20-99d9-339aba96e3eb,Woolworths Supermarket,Household,Sistema Klip It Plus Round 640ml,106430,$5.50,,https://www.woolworths.com.au/shop/productdetails/106430/sistema-klip-it-plus-round,https://cdn0.woolworths.media/content/wowproductimages/medium/106430.jpg,2020-09-20 15:36:09,,0,,True
bc598d2c-79bd-4f75-951c-7b0c7ae109be,Woolworths Supermarket,Household,Domestos Disinfecting Surface Wipes Antibacterial 40 pack,106588,$5.00,$0.13 / 1SS,https://www.woolworths.com.au/shop/productdetails/106588/domestos-disinfecting-surface-wipes-antibacterial,https://cdn0.woolworths.media/content/wowproductimages/medium/106588.jpg,2020-09-20 15:36:09,,0,,True
34c6daac-c40f-4a89-b66e-71b7284f023c,Woolworths Supermarket,Household,Sistema Klip It Plus Container Cracker Medium each,106669,$6.50,$6.50 / 1EA,https://www.woolworths.com.au/shop/productdetails/106669/sistema-klip-it-plus-container-cracker-medium,https://cdn0.woolworths.media/content/wowproductimages/medium/106669.jpg,2020-09-20 15:36:09,,0,,True
aac27991-cf56-4266-b807-dc461c2f7a2b,Woolworths Supermarket,Household,Sistema Sistema Klip It Plus Biscuit Box Square 2.2l,106670,$9.00,$9.00 / 1EA,https://www.woolworths.com.au/shop/productdetails/106670/sistema-sistema-klip-it-plus-biscuit-box-square,https://cdn0.woolworths.media/content/wowproductimages/medium/106670.jpg,2020-09-20 15:36:09,,0,,True
46ec39f1-763a-4744-8879-797e33ebaf5e,Woolworths Supermarket,Household,Sistema Klip It Plus Juice Jug 2l,106671,$11.00,$11.00 / 1EA,https://www.woolworths.com.au/shop/productdetails/106671/sistema-klip-it-plus-juice-jug,https://cdn0.woolworths.media/content/wowproductimages/medium/106671.jpg,2020-09-20 15:36:09,,0,,True
1357f01b-c532-4a4d-811a-4e1a3856f63f,Woolworths Supermarket,Household,Sistema Klip It Plus Cereal Storer 4.2l,107052,$15.00,$15.00 / 1EA,https://www.woolworths.com.au/shop/productdetails/107052/sistema-klip-it-plus-cereal-storer,https://cdn0.woolworths.media/content/wowproductimages/medium/107052.jpg,2020-09-20 15:36:09,,0,,True
291cd184-5096-41cc-a096-d2da8f177f8f,Woolworths Supermarket,Household,Sistema Klip It Plus Rectangle 180ml 3 pack,107053,$6.50,$6.50 / 1EA,https://www.woolworths.com.au/shop/productdetails/107053/sistema-klip-it-plus-rectangle-180ml,https://cdn0.woolworths.media/content/wowproductimages/medium/107053.jpg,2020-09-20 15:36:09,,0,,True
78d6c510-e7f7-44a5-a764-b766b69d6470,Woolworths Supermarket,Household,Sistema Klip It Plus Rectangle 400ml,107054,$3.25,$3.25 / 1EA,https://www.woolworths.com.au/shop/productdetails/107054/sistema-klip-it-plus-rectangle,https://cdn0.woolworths.media/content/wowproductimages/medium/107054.jpg,2020-09-20 15:36:09,,0,,True
e6eefb68-f738-4677-a177-c7b825af6cc3,Woolworths Supermarket,Household,Sistema Klip It Plus Rectangle 1l 3 pack,107055,$13.50,$13.50 / 1EA,https://www.woolworths.com.au/shop/productdetails/107055/sistema-klip-it-plus-rectangle-1l,https://cdn0.woolworths.media/content/wowproductimages/medium/107055.jpg,2020-09-20 15:36:09,,0,,True
33bc6903-3ec4-43a4-8f58-8df9a9b6ec28,Woolworths Supermarket,Household,Sistema Klip It Plus Lunch Container 1.15l,107056,$5.50,$5.50 / 1EA,https://www.woolworths.com.au/shop/productdetails/107056/sistema-klip-it-plus-lunch-container,https://cdn0.woolworths.media/content/wowproductimages/medium/107056.jpg,2020-09-20 15:36:09,,0,,True
8263fc86-99b8-4dd0-a1d2-a9aecf00b784,Woolworths Supermarket,Household,Sistema Klip It Plus Lunch Container 1.15l 2 pack,107057,$9.50,$9.50 / 1EA,https://www.woolworths.com.au/shop/productdetails/107057/sistema-klip-it-plus-lunch-container-1-15l,https://cdn0.woolworths.media/content/wowproductimages/medium/107057.jpg,2020-09-20 15:36:09,,0,,True
1cf01123-1126-45f8-b920-076532f0305f,Woolworths Supermarket,Household,Sistema Klip It Plus Rectangle 2.2l,107058,$7.50,$7.50 / 1EA,https://www.woolworths.com.au/shop/productdetails/107058/sistema-klip-it-plus-rectangle,https://cdn0.woolworths.media/content/wowproductimages/medium/107058.jpg,2020-09-20 15:36:09,,0,,True
5cb1d442-bc3f-4de4-9758-18dcc1fffca5,Woolworths Supermarket,Household,Sistema Klip It Plus Value Pack 6 pack,107059,$24.00,$24.00 / 1EA,https://www.woolworths.com.au/shop/productdetails/107059/sistema-klip-it-plus-value-pack,https://cdn0.woolworths.media/content/wowproductimages/medium/107059.jpg,2020-09-20 15:36:09,,0,,True
5aa06293-a154-4302-a4b1-1e4cc1e20f46,Woolworths Supermarket,Household,Sistema Klip It Plus Rectangle 3.35l,107060,$9.00,$9.00 / 1EA,https://www.woolworths.com.au/shop/productdetails/107060/sistema-klip-it-plus-rectangle,https://cdn0.woolworths.media/content/wowproductimages/medium/107060.jpg,2020-09-20 15:36:09,,0,,True
f49c1e9a-c169-4c73-84a4-ce2b59455e9d,Woolworths Supermarket,Household,Sistema Klip It Plus Square 5.5l,107061,$11.00,$11.00 / 1EA,https://www.woolworths.com.au/shop/productdetails/107061/sistema-klip-it-plus-square,https://cdn0.woolworths.media/content/wowproductimages/medium/107061.jpg,2020-09-20 15:36:09,,0,,True
27cf3d22-ee35-4b8c-9aaa-87c975db9ba7,Woolworths Supermarket,Household,Sistema Klip It Plus Bakery Box Square 3.5l,107062,$12.50,$12.50 / 1EA,https://www.woolworths.com.au/shop/productdetails/107062/sistema-klip-it-plus-bakery-box-square,https://cdn0.woolworths.media/content/wowproductimages/medium/107062.jpg,2020-09-20 15:36:09,,0,,True
38490e57-2fb0-43b5-ac4b-cfef2aadbefe,Woolworths Supermarket,Household,Sistema Klip It Plus Rectangle 7.5l,107063,$13.50,$13.50 / 1EA,https://www.woolworths.com.au/shop/productdetails/107063/sistema-klip-it-plus-rectangle,https://cdn0.woolworths.media/content/wowproductimages/medium/107063.jpg,2020-09-20 15:36:09,,0,,True
e6cd595e-0a74-4821-9ba2-c775c8450b26,Woolworths Supermarket,Household,Sistema Klip It Plus Rectangle Container 10l,107064,$16.00,$16.00 / 1EA,https://www.woolworths.com.au/shop/productdetails/107064/sistema-klip-it-plus-rectangle-container,https://cdn0.woolworths.media/content/wowproductimages/medium/107064.jpg,2020-09-20 15:36:09,,0,,True
b84081be-001c-413e-b257-a1a5bbdc7b75,Woolworths Supermarket,Household,Korbond Whiz Pop Bang Lets Party Bunting Garland Set each,107086,$8.00,$8.00 / 1EA,https://www.woolworths.com.au/shop/productdetails/107086/korbond-whiz-pop-bang-lets-party-bunting-garland-set,https://cdn0.woolworths.media/content/wowproductimages/medium/107086.jpg,2020-09-20 15:36:09,,0,,True
bd468dab-9364-4d4a-ae17-f53c7463e975,Woolworths Supermarket,Household,Sistema Klip It Plus Rectangle 450ml,107167,$4.50,$4.50 / 1EA,https://www.woolworths.com.au/shop/productdetails/107167/sistema-klip-it-plus-rectangle,https://cdn0.woolworths.media/content/wowproductimages/medium/107167.jpg,2020-09-20 15:36:09,,0,,True
0f54b0cc-b4e1-4366-ae32-dd707c20bd21,Woolworths Supermarket,Household,Sistema Klip It Plus Rectangle 1l,107168,$5.50,$5.50 / 1EA,https://www.woolworths.com.au/shop/productdetails/107168/sistema-klip-it-plus-rectangle,https://cdn0.woolworths.media/content/wowproductimages/medium/107168.jpg,2020-09-20 15:36:09,,0,,True
272b30be-8c02-423a-b9ce-1be45f71f83f,Woolworths Supermarket,Household,Sistema Klip It Plus Rectangle 1.49l 2 pack,107170,$10.00,$10.00 / 1EA,https://www.woolworths.com.au/shop/productdetails/107170/sistema-klip-it-plus-rectangle-1-49l,https://cdn0.woolworths.media/content/wowproductimages/medium/107170.jpg,2020-09-20 15:36:09,,0,,True
4e1933bd-09a1-4f2e-a7e9-b9fb886b0f2d,Woolworths Supermarket,Household,Sistema Klip It Plus Square 520ml 3 pack,107171,$12.00,$12.00 / 1EA,https://www.woolworths.com.au/shop/productdetails/107171/sistema-klip-it-plus-square-520ml,https://cdn0.woolworths.media/content/wowproductimages/medium/107171.jpg,2020-09-20 15:36:09,,0,,True
61b2bda5-e397-4403-924c-35a80e31468e,Woolworths Supermarket,Household,Sistema Klip It Plus Square 520ml,107202,$5.00,$5.00 / 1EA,https://www.woolworths.com.au/shop/productdetails/107202/sistema-klip-it-plus-square,https://cdn0.woolworths.media/content/wowproductimages/medium/107202.jpg,2020-09-20 15:36:09,,0,,True
e5f2ecda-d828-4a65-a432-401e89a61dea,Woolworths Supermarket,Household,Sistema Klip It Plus Rectangle 2.2l 2 pack,107203,$12.00,$12.00 / 1EA,https://www.woolworths.com.au/shop/productdetails/107203/sistema-klip-it-plus-rectangle-2-2l,https://cdn0.woolworths.media/content/wowproductimages/medium/107203.jpg,2020-09-20 15:36:09,,0,,True
f5967c08-e4f7-4efc-91a6-5cf6d214fb57,Woolworths Supermarket,Household,Sistema Klip It Plus Rectangle 3.35l 2 pack,107204,$15.00,$15.00 / 1EA,https://www.woolworths.com.au/shop/productdetails/107204/sistema-klip-it-plus-rectangle-3-35l,https://cdn0.woolworths.media/content/wowproductimages/medium/107204.jpg,2020-09-20 15:36:09,,0,,True
34f56ddf-486e-4a65-9986-b3779e29e766,Woolworths Supermarket,Household,Tonka Mighty Rescue Vehicle Assorted each,107813,$16.00,,https://www.woolworths.com.au/shop/productdetails/107813/tonka-mighty-rescue-vehicle-assorted,https://cdn0.woolworths.media/content/wowproductimages/medium/107813.jpg,2020-09-20 15:36:09,,0,Designs may vary,True
b536c290-d43a-4ec3-9a05-cae3fbe9479d,Woolworths Supermarket,Household,Energizer 2032 Lithium Batteries 3 pack,108181,$12.00,$4.00 / 1EA,https://www.woolworths.com.au/shop/productdetails/108181/energizer-2032-lithium-batteries,https://cdn0.woolworths.media/content/wowproductimages/medium/108181.jpg,2020-09-20 15:36:09,,0,,True
2925deb9-9a91-4d3d-84b2-b967f090da4a,Woolworths Supermarket,Household,Korbond Whiz Pop Bang Novelties Multipack each,108186,$10.00,$10.00 / 1EA,https://www.woolworths.com.au/shop/productdetails/108186/korbond-whiz-pop-bang-novelties-multipack,https://cdn0.woolworths.media/content/wowproductimages/medium/108186.jpg,2020-09-20 15:36:09,,0,,True
a5dcb237-5149-4e87-9f17-49c98d9e64c9,Woolworths Supermarket,Household,Korbond Whiz Pop Bang Novelties Multipack each,108187,$10.00,$10.00 / 1EA,https://www.woolworths.com.au/shop/productdetails/108187/korbond-whiz-pop-bang-novelties-multipack,https://cdn0.woolworths.media/content/wowproductimages/medium/108187.jpg,2020-09-20 15:36:09,,0,,True
5e9a3a65-f3e2-472e-adc1-ad33a54a5e0e,Woolworths Supermarket,Household,Korbond Whiz Pop Bang Party Eyeware 6 pack,108256,$3.00,$3.00 / 1EA,https://www.woolworths.com.au/shop/productdetails/108256/korbond-whiz-pop-bang-party-eyeware,https://cdn0.woolworths.media/content/wowproductimages/medium/108256.jpg,2020-09-20 15:36:09,,0,,True
2a1ef2c9-15f4-4306-9318-ca1127f5e3b4,Woolworths Supermarket,Household,Eveready Gold Aa Batteries 24 pack,108265,$20.00,$0.83 / 1EA,https://www.woolworths.com.au/shop/productdetails/108265/eveready-gold-aa-batteries,https://cdn0.woolworths.media/content/wowproductimages/medium/108265.jpg,2020-09-20 15:36:09,,0,,True
230b6676-a688-4141-9a99-71ad201e183b,Woolworths Supermarket,Household,Korbond Whiz Pop Bang Chrome Latex Balloons 12 pack,108434,$5.00,$0.42 / 1EA,https://www.woolworths.com.au/shop/productdetails/108434/korbond-whiz-pop-bang-chrome-latex-balloons,https://cdn0.woolworths.media/content/wowproductimages/medium/108434.jpg,2020-09-20 15:36:09,,0,,True
432205e8-6a45-4405-8941-d5a7731db645,Woolworths Supermarket,Household,Energizer 2025 Lithium Batteries 3 pack,108441,$12.00,$4.00 / 1EA,https://www.woolworths.com.au/shop/productdetails/108441/energizer-2025-lithium-batteries,https://cdn0.woolworths.media/content/wowproductimages/medium/108441.jpg,2020-09-20 15:36:09,,0,,True
2d2a5a5b-b16a-40de-be05-d7169b43ba23,Woolworths Supermarket,Household,Korbond Whiz Pop Bang Eco Happy Birthday Party Pack 3 pack,108512,$5.00,$5.00 / 1EA,https://www.woolworths.com.au/shop/productdetails/108512/korbond-whiz-pop-bang-eco-happy-birthday-party-pack,https://cdn0.woolworths.media/content/wowproductimages/medium/108512.jpg,2020-09-20 15:36:09,,0,,True
a27cf8bf-473c-4022-a033-846db24db4b8,Woolworths Supermarket,Household,Korbond Whiz Pop Bang Premium Tablecloth each,108996,$5.00,$5.00 / 1EA,https://www.woolworths.com.au/shop/productdetails/108996/korbond-whiz-pop-bang-premium-tablecloth,https://cdn0.woolworths.media/content/wowproductimages/medium/108996.jpg,2020-09-20 15:36:09,,0,,True
bf2ef7e0-20c6-4421-b2f5-699a80ed1780,Woolworths Supermarket,Household,Sabco Vinyl Disposable Gloves Medium 100 pack,109142,$15.00,$15.00 / 100EA,https://www.woolworths.com.au/shop/productdetails/109142/sabco-vinyl-disposable-gloves-medium,https://cdn0.woolworths.media/content/wowproductimages/medium/109142.jpg,2020-09-20 15:36:09,,0,,True
1138d110-09f2-41a6-a571-7715fc080e3a,Woolworths Supermarket,Household,Korbond Whiz Pop Bang Party Hats Foil 6 pack,109202,$3.00,$3.00 / 1EA,https://www.woolworths.com.au/shop/productdetails/109202/korbond-whiz-pop-bang-party-hats-foil,https://cdn0.woolworths.media/content/wowproductimages/medium/109202.jpg,2020-09-20 15:36:09,,0,,True
785f8f85-65c7-48b4-99af-4a7813e2af57,Woolworths Supermarket,Household,Energizer Max Plus Aaa 20 pack,109549,$29.00,$1.45 / 1EA,https://www.woolworths.com.au/shop/productdetails/109549/energizer-max-plus-aaa,https://cdn0.woolworths.media/content/wowproductimages/medium/109549.jpg,2020-09-20 15:36:09,,0,,True
a7172a6c-cfdb-4d3f-a42c-3f98cd68eb90,Woolworths Supermarket,Household,Energizer Max Plus Aa 20 pack,109744,$29.00,$1.45 / 1EA,https://www.woolworths.com.au/shop/productdetails/109744/energizer-max-plus-aa,https://cdn0.woolworths.media/content/wowproductimages/medium/109744.jpg,2020-09-20 15:36:09,,0,,True
81cc0adc-7fdc-474f-a89e-b40b7eb6a02d,Woolworths Supermarket,Household,Energizer Max Plus Aaa Batteries 5 pack,109745,$8.75,$1.75 / 1EA,https://www.woolworths.com.au/shop/productdetails/109745/energizer-max-plus-aaa-batteries,https://cdn0.woolworths.media/content/wowproductimages/medium/109745.jpg,2020-09-20 15:36:09,,0,,True
d494bfe8-517a-43ab-bab5-674b5da48f03,Woolworths Supermarket,Household,Energizer Max Plus Aa Batteries 5 pack,110545,$8.75,$1.75 / 1EA,https://www.woolworths.com.au/shop/productdetails/110545/energizer-max-plus-aa-batteries,https://cdn0.woolworths.media/content/wowproductimages/medium/110545.jpg,2020-09-20 15:36:09,,0,,True
176cfcec-50ac-417d-8ae8-c681650bfed4,Woolworths Supermarket,Household,Sistema Klip It Cracker Container Large 1.8l,110587,$9.00,$9.00 / 1EA,https://www.woolworths.com.au/shop/productdetails/110587/sistema-klip-it-cracker-container-large,https://cdn0.woolworths.media/content/wowproductimages/medium/110587.jpg,2020-09-20 15:36:09,,0,,True
9ccb7599-9b51-47d5-bd8c-bdb7dca337d5,Woolworths Supermarket,Household,Yates Thrive Soluble Fertilizer 500g,110588,$10.00,$2.00 / 100G,https://www.woolworths.com.au/shop/productdetails/110588/yates-thrive-soluble-fertilizer,https://cdn0.woolworths.media/content/wowproductimages/medium/110588.jpg,2020-09-20 15:36:09,,0,,True
ff171932-c5e2-411b-9c34-a17fe5de2fa7,Woolworths Supermarket,Household,Sistema Klip It Plus Value Pack 4 pack,110589,$14.00,$14.00 / 1EA,https://www.woolworths.com.au/shop/productdetails/110589/sistema-klip-it-plus-value-pack,https://cdn0.woolworths.media/content/wowproductimages/medium/110589.jpg,2020-09-20 15:36:09,,0,,True
67b8e264-6866-4f45-b7f8-b8a773bc11eb,Woolworths Supermarket,Household,Sistema Klip It Plus Value Pack 4 pack,110590,$18.00,$18.00 / 1EA,https://www.woolworths.com.au/shop/productdetails/110590/sistema-klip-it-plus-value-pack,https://cdn0.woolworths.media/content/wowproductimages/medium/110590.jpg,2020-09-20 15:36:09,,0,,True
a36a814c-b350-48bc-82c0-50ca75b0b712,Woolworths Supermarket,Household,Sistema Klip It Plus Value Pack 7 pack,110922,$28.00,$28.00 / 1EA,https://www.woolworths.com.au/shop/productdetails/110922/sistema-klip-it-plus-value-pack,https://cdn0.woolworths.media/content/wowproductimages/medium/110922.jpg,2020-09-20 15:36:09,,0,,True
6608d63c-719c-4182-a79a-4a23c4cc9088,Woolworths Supermarket,Household,Sistema Splits Quad 1.7l,110923,$8.00,$8.00 / 1EA,https://www.woolworths.com.au/shop/productdetails/110923/sistema-splits-quad,https://cdn0.woolworths.media/content/wowproductimages/medium/110923.jpg,2020-09-20 15:36:09,,0,,True
7574cf11-4ce7-4158-8d66-be042eec1350,Woolworths Supermarket,Household,Sistema Splits Large 1.9l,110924,$8.00,$8.00 / 1EA,https://www.woolworths.com.au/shop/productdetails/110924/sistema-splits-large,https://cdn0.woolworths.media/content/wowproductimages/medium/110924.jpg,2020-09-20 15:36:09,,0,,True
d542b424-eb90-4923-a900-52a3c39c6bbd,Woolworths Supermarket,Household,Sistema Splits Multi 820ml,110925,$6.00,$6.00 / 1EA,https://www.woolworths.com.au/shop/productdetails/110925/sistema-splits-multi,https://cdn0.woolworths.media/content/wowproductimages/medium/110925.jpg,2020-09-20 15:36:09,,0,,True
fc848349-8124-449e-8e4e-976fc0253165,Woolworths Supermarket,Household,Sistema Splits Medium 835ml,110926,$6.00,$6.00 / 1EA,https://www.woolworths.com.au/shop/productdetails/110926/sistema-splits-medium,https://cdn0.woolworths.media/content/wowproductimages/medium/110926.jpg,2020-09-20 15:36:09,,0,,True
6104c433-834f-4b05-9a2b-df59f71abe06,Woolworths Supermarket,Household,Decor Go 2 In 1 Expandable Insulated Cooler Assorted each,111444,$16.00,,https://www.woolworths.com.au/shop/productdetails/111444/decor-go-2-in-1-expandable-insulated-cooler-assorted,https://cdn0.woolworths.media/content/wowproductimages/medium/111444.jpg,2020-09-20 15:36:09,,0,,True
ae85f6fc-f6c8-4238-928d-5289878b979f,Woolworths Supermarket,Household,Ozkleen Shower Power Trigger 500ml,112775,$6.85,$1.37 / 100ML,https://www.woolworths.com.au/shop/productdetails/112775/ozkleen-shower-power-trigger,https://cdn0.woolworths.media/content/wowproductimages/medium/112775.jpg,2020-09-20 15:36:09,,0,,True
5f1e6193-169a-492e-a9bc-408498ea0f37,Woolworths Supermarket,Household,Hygiene Plus Household Gloves Plus Silk Touch Small 1 pair,113442,$2.30,$2.30 / 1EA,https://www.woolworths.com.au/shop/productdetails/113442/hygiene-plus-household-gloves-plus-silk-touch-small,https://cdn0.woolworths.media/content/wowproductimages/medium/113442.jpg,2020-09-20 15:36:09,,0,,True
b2f1886a-706f-4092-b261-d32cc2289267,Woolworths Supermarket,Household,Hygiene Plus Gloves Plus Silk Touch Medium 1 pair,113443,$2.30,$2.30 / 1EA,https://www.woolworths.com.au/shop/productdetails/113443/hygiene-plus-gloves-plus-silk-touch-medium,https://cdn0.woolworths.media/content/wowproductimages/medium/113443.jpg,2020-09-20 15:36:09,,0,,True
e815c99b-3a33-41f4-a088-2df410643b1a,Woolworths Supermarket,Household,Lego Harry Potter Minifigures each,113589,$5.00,,https://www.woolworths.com.au/shop/productdetails/113589/lego-harry-potter-minifigures,https://cdn0.woolworths.media/content/wowproductimages/medium/113589.jpg,2020-09-20 15:36:09,,0,Designs may vary,True
22d41b17-7a41-4f4e-a781-ba88ee77ed8d,Woolworths Supermarket,Household,Jack Hammer Face Mask 2 pack,114550,$12.00,,https://www.woolworths.com.au/shop/productdetails/114550/jack-hammer-face-mask,https://cdn0.woolworths.media/content/wowproductimages/medium/114550.jpg,2020-09-20 15:36:09,,0,,True
f8a3c25e-7c79-45b1-a047-4e552a880ff0,Woolworths Supermarket,Household,Brasso Polish Metal 250ml,114785,$10.00,$4.00 / 100ML,https://www.woolworths.com.au/shop/productdetails/114785/brasso-polish-metal,https://cdn0.woolworths.media/content/wowproductimages/medium/114785.jpg,2020-09-20 15:36:09,,0,,True
f99975bc-bd2f-4851-8167-7e7f35bbb886,Woolworths Supermarket,Household,Energizer Lithium Photo Cr2 each,114866,$12.00,$12.00 / 1EA,https://www.woolworths.com.au/shop/productdetails/114866/energizer-lithium-photo-cr2,https://cdn0.woolworths.media/content/wowproductimages/medium/114866.jpg,2020-09-20 15:36:09,,0,,True
40beec81-12bb-4ce6-b037-9e6a7192f3d0,Woolworths Supermarket,Household,Energizer Photo Lithium 3v Batteries each,114872,$10.00,$10.00 / 1EA,https://www.woolworths.com.au/shop/productdetails/114872/energizer-photo-lithium-3v-batteries,https://cdn0.woolworths.media/content/wowproductimages/medium/114872.jpg,2020-09-20 15:36:09,,0,,True
490612fd-e308-4f1a-add3-897372c06f98,Woolworths Supermarket,Household,Bostik Blu Stik Glue 35g,114998,$3.50,,https://www.woolworths.com.au/shop/productdetails/114998/bostik-blu-stik-glue,https://cdn0.woolworths.media/content/wowproductimages/medium/114998.jpg,2020-09-20 15:36:09,,0,,True
6ed3cc53-24ab-41e5-a43c-a2f7c0c8ac16,Woolworths Supermarket,Household,Orange Power Manual Spray Air Freshener Orange Oil 125ml,115254,$4.20,$0.34 / 10ML,https://www.woolworths.com.au/shop/productdetails/115254/orange-power-manual-spray-air-freshener-orange-oil,https://cdn0.woolworths.media/content/wowproductimages/medium/115254.jpg,2020-09-20 15:36:09,,0,,True
5d33ad48-773e-4a57-85dc-4e19ee1182d2,Woolworths Supermarket,Household,K Zone Magazine each,117009,$7.99,,https://www.woolworths.com.au/shop/productdetails/117009/k-zone-magazine,https://cdn0.woolworths.media/content/wowproductimages/medium/117009.jpg,2020-09-20 15:36:09,,0,,True
5263ee2d-a5d7-4ccb-be22-3b03ec0cf095,Woolworths Supermarket,Household,Sistema Double Walled Stainless Steel Bottle 280ml,117322,$15.00,,https://www.woolworths.com.au/shop/productdetails/117322/sistema-double-walled-stainless-steel-bottle,https://cdn0.woolworths.media/content/wowproductimages/medium/117322.jpg,2020-09-20 15:36:09,,0,,True
b5fbde80-2933-4215-b7c6-e60d478adc1a,Woolworths Supermarket,Household,Ansell Gloves Dermo Plus Small 1 pair,119411,$4.00,$4.00 / 1EA,https://www.woolworths.com.au/shop/productdetails/119411/ansell-gloves-dermo-plus-small,https://cdn0.woolworths.media/content/wowproductimages/medium/119411.jpg,2020-09-20 15:36:09,,0,Was $4.79 24/04/2017,True
92f3876d-4e00-48b2-9efe-1d95055e98e3,Woolworths Supermarket,Household,Ansell Gloves Dermo Plus Medium 1 pair,119412,$4.00,$4.00 / 1EA,https://www.woolworths.com.au/shop/productdetails/119412/ansell-gloves-dermo-plus-medium,https://cdn0.woolworths.media/content/wowproductimages/medium/119412.jpg,2020-09-20 15:36:09,,0,Was $4.79 24/04/2017,True
d7da4017-6a7c-4b50-a968-2760db628910,Woolworths Supermarket,Household,Ansell Gloves Dermo Plus Large 1 pair,119419,$4.00,$4.00 / 1EA,https://www.woolworths.com.au/shop/productdetails/119419/ansell-gloves-dermo-plus-large,https://cdn0.woolworths.media/content/wowproductimages/medium/119419.jpg,2020-09-20 15:36:09,,0,Was $4.79 24/04/2017,True
911b48ac-43e0-41ae-a81c-68cb99722328,Woolworths Supermarket,Household,Energizer Advanced Aaa Batteries 4 pack,124566,$7.00,$1.75 / 1EA,https://www.woolworths.com.au/shop/productdetails/124566/energizer-advanced-aaa-batteries,https://cdn0.woolworths.media/content/wowproductimages/medium/124566.jpg,2020-09-20 15:36:09,,0,Was $10.07 01/05/2017,True
9a720fc0-c0b2-4279-860c-ff8b04e004a7,Woolworths Supermarket,Household,Energizer Advanced Aa Batteries 4 pack,124570,$7.00,$1.75 / 1EA,https://www.woolworths.com.au/shop/productdetails/124570/energizer-advanced-aa-batteries,https://cdn0.woolworths.media/content/wowproductimages/medium/124570.jpg,2020-09-20 15:36:09,,0,Was $9.89 01/05/2017,True
c35a6e65-34c3-4d94-88cb-7c0359dd67aa,Woolworths Supermarket,Household,Energizer Max Plus Advanced 9v each,124580,$8.00,$8.00 / 1EA,https://www.woolworths.com.au/shop/productdetails/124580/energizer-max-plus-advanced-9v,https://cdn0.woolworths.media/content/wowproductimages/medium/124580.jpg,2020-09-20 15:36:09,,0,,True
20fff052-bec0-4064-9064-d626c4f344c0,Woolworths Supermarket,Household,Hercules Click Zip Resealable Sandwich Bags 40 pack,125367,$2.00,$0.05 / 1EA,https://www.woolworths.com.au/shop/productdetails/125367/hercules-click-zip-resealable-sandwich-bags,https://cdn0.woolworths.media/content/wowproductimages/medium/125367.jpg,2020-09-20 15:36:09,,0,,True
3af4f34f-6694-4c8c-907a-a9792de9de9e,Woolworths Supermarket,Household,Woolworths Sheet Protectors A4 20pk,126502,$2.00,,https://www.woolworths.com.au/shop/productdetails/126502/woolworths-sheet-protectors-a4,https://cdn0.woolworths.media/content/wowproductimages/medium/126502.jpg,2020-09-20 15:36:09,,0,,True
5ac345fd-3dab-43e7-9350-04e815e037bb,Woolworths Supermarket,Household,Bonds No Show Footlets Nude (3-8 & 8-11) each,130581,$4.00,,https://www.woolworths.com.au/shop/productdetails/130581/bonds-no-show-footlets-nude-3-8-8-11-,https://cdn0.woolworths.media/content/wowproductimages/medium/130581.jpg,2020-09-20 15:36:09,,0,,True
364875a6-cdf9-4add-b1a1-35e974978795,Woolworths Supermarket,Household,Kleenex Facial Tissues Pocket Pack 4ply 6 pack,136070,$3.00,$5.56 / 100SS,https://www.woolworths.com.au/shop/productdetails/136070/kleenex-facial-tissues-pocket-pack-4ply,https://cdn0.woolworths.media/content/wowproductimages/medium/136070.jpg,2020-09-20 15:36:09,,0,,True
60440742-4095-427b-ad3d-443006063188,Woolworths Supermarket,Household,Sistema Plasticware Drink Bottle 460ml each,137319,$5.00,,https://www.woolworths.com.au/shop/productdetails/137319/sistema-plasticware-drink-bottle-460ml,https://cdn0.woolworths.media/content/wowproductimages/medium/137319.jpg,2020-09-20 15:36:09,,0,,True
0875248b-05c9-49e3-8f1d-2d4045fa9dda,Woolworths Supermarket,Household,Woolworths Tennis Ball 3 pack,137321,$3.00,,https://www.woolworths.com.au/shop/productdetails/137321/woolworths-tennis-ball,https://cdn0.woolworths.media/content/wowproductimages/medium/137321.jpg,2020-09-20 15:36:09,,0,,True
e665b45e-85f7-40ad-954b-773a550f4ca5,Woolworths Supermarket,Household,Glad Resealable Sandwich Bags 50 pack,137362,$3.80,$0.08 / 1EA,https://www.woolworths.com.au/shop/productdetails/137362/glad-resealable-sandwich-bags,https://cdn0.woolworths.media/content/wowproductimages/medium/137362.jpg,2020-09-20 15:36:09,,0,,True
dff2a61b-1981-4385-9476-af434f2fc4be,Woolworths Supermarket,Household,Pine O Cleen Disinfectant Antibacterial Lavender 1.25l,139515,$6.00,$0.48 / 100ML,https://www.woolworths.com.au/shop/productdetails/139515/pine-o-cleen-disinfectant-antibacterial-lavender,https://cdn0.woolworths.media/content/wowproductimages/medium/139515.jpg,2020-09-20 15:36:09,,0,,True
befb9227-3207-4528-9d36-96446e1d398c,Woolworths Supermarket,Household,Dishmatic General Purpose Refill 3 pack,144376,$4.50,$1.50 / 1EA,https://www.woolworths.com.au/shop/productdetails/144376/dishmatic-general-purpose-refill,https://cdn0.woolworths.media/content/wowproductimages/medium/144376.jpg,2020-09-20 15:36:09,,0,,True
224f5ee4-451e-471a-9bba-04f986872435,Woolworths Supermarket,Household,Inspire Plastic Colander/strainer 20cm each,144440,$6.00,,https://www.woolworths.com.au/shop/productdetails/144440/inspire-plastic-colander-strainer-20cm,https://cdn0.woolworths.media/content/wowproductimages/medium/144440.jpg,2020-09-20 15:36:09,,0,,True
b86d7760-27d0-47d9-85d0-5dc7d099c1db,Woolworths Supermarket,Household,Valvoline Oil 2 Stroke Motor 1l,145194,$12.00,$1.20 / 100ML,https://www.woolworths.com.au/shop/productdetails/145194/valvoline-oil-2-stroke-motor,https://cdn0.woolworths.media/content/wowproductimages/medium/145194.jpg,2020-09-20 15:36:09,,0,,True
e9400114-466c-4d81-9dda-51159a580cf9,Woolworths Supermarket,Household,Hot Wheels Diecast Car 5 pack,145685,$9.00,,https://www.woolworths.com.au/shop/productdetails/145685/hot-wheels-diecast-car,https://cdn0.woolworths.media/content/wowproductimages/medium/145685.jpg,2020-09-20 15:36:09,,0,,True
e36cf997-81f6-4141-9ede-a25039d41bb3,Woolworths Supermarket,Household,Inside Out Magazine each,146791,$8.50,,https://www.woolworths.com.au/shop/productdetails/146791/inside-out-magazine,https://cdn0.woolworths.media/content/wowproductimages/medium/146791.jpg,2020-09-20 15:36:09,,0,,True
d61b7638-639d-4d78-a8c3-b4ea1d535c7f,Woolworths Supermarket,Household,Ansell Handy Clean Gloves Disposable Multi-purpose 100 pack,147426,$18.00,$0.18 / 1EA,https://www.woolworths.com.au/shop/productdetails/147426/ansell-handy-clean-gloves-disposable-multi-purpose,https://cdn0.woolworths.media/content/wowproductimages/medium/147426.jpg,2020-09-20 15:36:09,,0,,True
95479600-d6e9-48a9-9715-15cf86c46dff,Woolworths Supermarket,Household,Hercules Click Zip Resealable Sandwich Bags 75 pack,147825,$3.50,$0.05 / 1EA,https://www.woolworths.com.au/shop/productdetails/147825/hercules-click-zip-resealable-sandwich-bags,https://cdn0.woolworths.media/content/wowproductimages/medium/147825.jpg,2020-09-20 15:36:09,,0,Was $3.99 28/05/2018,True
9c517320-a67e-40b6-b180-ea96821db164,Woolworths Supermarket,Household,Hercules Resealable Large Storage Bags 15 pack,147840,$2.10,$0.14 / 1EA,https://www.woolworths.com.au/shop/productdetails/147840/hercules-resealable-large-storage-bags,https://cdn0.woolworths.media/content/wowproductimages/medium/147840.jpg,2020-09-20 15:36:09,,0,,True
78580d7b-e166-468a-b98c-68599402c1db,Woolworths Supermarket,Household,Essentials Bbq Accessory Fire Lighters 24 pack,155777,$2.99,$0.12 / 1EA,https://www.woolworths.com.au/shop/productdetails/155777/essentials-bbq-accessory-fire-lighters,https://cdn0.woolworths.media/content/wowproductimages/medium/155777.jpg,2020-09-20 15:36:09,,0,,True
e6ad3709-db2f-427f-ad6e-4b11a5e2bc78,Woolworths Supermarket,Household,Quilton Classic Toilet Tissue 3 Ply 8 pack,158767,$7.50,$0.52 / 100SS,https://www.woolworths.com.au/shop/productdetails/158767/quilton-classic-toilet-tissue-3-ply,https://cdn0.woolworths.media/content/wowproductimages/medium/158767.jpg,2020-09-20 15:36:09,,0,,True
72be7492-8d65-4d9b-8b4b-69f2f9e66b63,Woolworths Supermarket,Household,Selleys Bathroom Cleaner Rapid Mould Killer Trigger 500ml,158988,$6.00,$1.20 / 100ML,https://www.woolworths.com.au/shop/productdetails/158988/selleys-bathroom-cleaner-rapid-mould-killer-trigger,https://cdn0.woolworths.media/content/wowproductimages/medium/158988.jpg,2020-09-20 15:36:09,,0,,True
3ddbce13-df1a-4ca8-bdf1-e2fac4c725e2,Woolworths Supermarket,Household,Chux Non Scratch Scourer Sponge 2pk,160418,$4.00,$2.00 / 1EA,https://www.woolworths.com.au/shop/productdetails/160418/chux-non-scratch-scourer-sponge,https://cdn0.woolworths.media/content/wowproductimages/medium/160418.jpg,2020-09-20 15:36:09,,0,,True
b1dda52e-9f1b-4a82-bc3f-bedcda2dbd85,Woolworths Supermarket,Household,Vileda Mop Microfibre Refill each,161749,$11.00,,https://www.woolworths.com.au/shop/productdetails/161749/vileda-mop-microfibre-refill,https://cdn0.woolworths.media/content/wowproductimages/medium/161749.jpg,2020-09-20 15:36:09,,0,,True
18ef1bb5-a8d5-4a47-b2c1-ae576e857d7c,Woolworths Supermarket,Household,Canesten Antibacterial And Antifungal Hygiene Laundry Rinse Lemon 1l,161877,$8.20,$8.20 / 1L,https://www.woolworths.com.au/shop/productdetails/161877/canesten-antibacterial-and-antifungal-hygiene-laundry-rinse-lemon,https://cdn0.woolworths.media/content/wowproductimages/medium/161877.jpg,2020-09-20 15:36:09,,0,,True
5f45a16c-ff2e-41b0-b3d0-bef6baeab5b6,Woolworths Supermarket,Household,Delicious Magazine each,161908,$8.50,,https://www.woolworths.com.au/shop/productdetails/161908/delicious-magazine,https://cdn0.woolworths.media/content/wowproductimages/medium/161908.jpg,2020-09-20 15:36:09,,0,,True
962a47e9-cbf3-448c-8738-8de4c5cf4907,Woolworths Supermarket,Household,Woolworths Kitchen Gadget Ice Tray Cube 2 pack,162649,$6.00,,https://www.woolworths.com.au/shop/productdetails/162649/woolworths-kitchen-gadget-ice-tray-cube,https://cdn0.woolworths.media/content/wowproductimages/medium/162649.jpg,2020-09-20 15:36:09,,0,Was $6.10 24/10/16,True
4a4faf7d-7b1b-49fe-a917-7dedafc74c2b,Woolworths Supermarket,Household,Woolworths Bbq Foil Tray Mini 4 pack,165478,$3.50,$0.88 / 1EA,https://www.woolworths.com.au/shop/productdetails/165478/woolworths-bbq-foil-tray-mini,https://cdn0.woolworths.media/content/wowproductimages/medium/165478.jpg,2020-09-20 15:36:09,,0,,True
5e2f6275-50df-47d3-ada1-acc829d3c510,Woolworths Supermarket,Household,Razzamatazz Sheer Relief Socks Half Hi Support Navy Or Beige each,167361,$8.00,,https://www.woolworths.com.au/shop/productdetails/167361/razzamatazz-sheer-relief-socks-half-hi-support-navy-or-beige,https://cdn0.woolworths.media/content/wowproductimages/medium/167361.jpg,2020-09-20 15:36:09,,0,,True
7a7d0ee4-0c5a-466f-b8fa-1f53b0da3bf1,Woolworths Supermarket,Household,5 Star 3in1 Degreaser 400g,169513,$3.00,$0.75 / 100G,https://www.woolworths.com.au/shop/productdetails/169513/5-star-3in1-degreaser,https://cdn0.woolworths.media/content/wowproductimages/medium/169513.jpg,2020-09-20 15:36:09,,0,,True
67a8cf68-0ef2-4f9b-aec9-9d47e0491248,Woolworths Supermarket,Household,5 Star Tyre Shine 350g,169516,$5.00,$1.43 / 100G,https://www.woolworths.com.au/shop/productdetails/169516/5-star-tyre-shine,https://cdn0.woolworths.media/content/wowproductimages/medium/169516.jpg,2020-09-20 15:36:09,,0,,True
68883a83-a748-45ac-a076-ecefa08a034b,Woolworths Supermarket,Household,Paperclick Essentials Envelopes 11b 100 pack,171328,$3.00,,https://www.woolworths.com.au/shop/productdetails/171328/paperclick-essentials-envelopes-11b,https://cdn0.woolworths.media/content/wowproductimages/medium/171328.jpg,2020-09-20 15:36:09,,0,,True
ddab38d5-7f17-4733-b9b9-51acd25f4d9f,Woolworths Supermarket,Household,Paperclick Envelopes Dl 100 pack,171406,$6.00,,https://www.woolworths.com.au/shop/productdetails/171406/paperclick-envelopes-dl,https://cdn0.woolworths.media/content/wowproductimages/medium/171406.jpg,2020-09-20 15:36:09,,0,,True
6bd31610-3326-4e27-b436-2590197b5b5c,Woolworths Supermarket,Household,Festiva Bbq Accessory Butane Gas Cannisters 4pk,172279,$8.00,$2.00 / 1EA,https://www.woolworths.com.au/shop/productdetails/172279/festiva-bbq-accessory-butane-gas-cannisters,https://cdn0.woolworths.media/content/wowproductimages/medium/172279.jpg,2020-09-20 15:36:09,,0,,True
8f8b199c-2430-4739-9fa1-ad0f57e123d0,Woolworths Supermarket,Household,Chevron 6 Outlet Powerboard 1m 10amps each,172281,$5.00,,https://www.woolworths.com.au/shop/productdetails/172281/chevron-6-outlet-powerboard-1m-10amps,https://cdn0.woolworths.media/content/wowproductimages/medium/172281.jpg,2020-09-20 15:36:09,,0,,True
e2ef4644-5923-4b3f-899f-b60a752d10af,Woolworths Supermarket,Household,Kleenex Facial Tissues Large & Thick Silk Touch 3ply 95 pack,172610,$2.60,$2.74 / 100SS,https://www.woolworths.com.au/shop/productdetails/172610/kleenex-facial-tissues-large-thick-silk-touch-3ply,https://cdn0.woolworths.media/content/wowproductimages/medium/172610.jpg,2020-09-20 15:36:09,,0,,True
383004c0-76a7-4192-98df-a923935cfc73,Woolworths Supermarket,Household,Corelle Winter Frost White 16pc Set each,173426,$60.00,,https://www.woolworths.com.au/shop/productdetails/173426/corelle-winter-frost-white-16pc-set,https://cdn0.woolworths.media/content/wowproductimages/medium/173426.jpg,2020-09-20 15:36:09,,0,,True
653dd7b0-4ce6-4879-8082-61adea4cb5c8,Woolworths Supermarket,Household,3m Command Decorating Clips Clear 20 pack,174957,$7.00,$0.35 / 1EA,https://www.woolworths.com.au/shop/productdetails/174957/3m-command-decorating-clips-clear,https://cdn0.woolworths.media/content/wowproductimages/medium/174957.jpg,2020-09-20 15:36:09,,0,,True
0a356473-28a9-4455-a74f-a8dfbcc686a9,Woolworths Supermarket,Household,Uno Playing Cards each,175093,$10.00,,https://www.woolworths.com.au/shop/productdetails/175093/uno-playing-cards,https://cdn0.woolworths.media/content/wowproductimages/medium/175093.jpg,2020-09-20 15:36:09,,0,,True
bb1eba9b-ee10-4d57-88a0-1189dd71f7f3,Woolworths Supermarket,Household,Seasol Seaweed Concentrate Garden Health Treatment 600ml,175583,$8.20,$1.37 / 100ML,https://www.woolworths.com.au/shop/productdetails/175583/seasol-seaweed-concentrate-garden-health-treatment,https://cdn0.woolworths.media/content/wowproductimages/medium/175583.jpg,2020-09-20 15:36:09,,0,,True
36052163-dc5e-46f9-981d-b32c176c4f5a,Woolworths Supermarket,Household,Seasol Powerfeed All Purpose Plant Fertiliser 600ml,175584,$8.20,$1.37 / 100ML,https://www.woolworths.com.au/shop/productdetails/175584/seasol-powerfeed-all-purpose-plant-fertiliser,https://cdn0.woolworths.media/content/wowproductimages/medium/175584.jpg,2020-09-20 15:36:09,,0,,True
a689a354-8777-4cd5-ac10-aea8168d9896,Woolworths Supermarket,Household,Kiwi Express Shoe Polish Neutral 6ml,175697,$6.50,$92.86 / 100ML,https://www.woolworths.com.au/shop/productdetails/175697/kiwi-express-shoe-polish-neutral,https://cdn0.woolworths.media/content/wowproductimages/medium/175697.jpg,2020-09-20 15:36:09,,0,,True
e5ef6211-13c8-497b-affe-90cb1631973e,Woolworths Supermarket,Household,Kiwi Express Shoe Polish Black 6ml,175698,$6.50,$92.86 / 100ML,https://www.woolworths.com.au/shop/productdetails/175698/kiwi-express-shoe-polish-black,https://cdn0.woolworths.media/content/wowproductimages/medium/175698.jpg,2020-09-20 15:36:09,,0,,True
12676fd6-ac00-4e7b-ab02-e43c806ec358,Woolworths Supermarket,Household,Ozkleen Floor Carpet Cleaner Lavender 500ml,175915,$7.15,$1.43 / 100ML,https://www.woolworths.com.au/shop/productdetails/175915/ozkleen-floor-carpet-cleaner-lavender,https://cdn0.woolworths.media/content/wowproductimages/medium/175915.jpg,2020-09-20 15:36:09,,0,,True
ca9b9e74-c1af-4dc1-979c-410ae53a43b2,Woolworths Supermarket,Household,That's Life Puzzler Crosswords each,175932,$4.90,,https://www.woolworths.com.au/shop/productdetails/175932/that-s-life-puzzler-crosswords,https://cdn0.woolworths.media/content/wowproductimages/medium/175932.jpg,2020-09-20 15:36:09,,0,,True
29c2271a-df17-422c-b8d5-3bb3460b69f1,Woolworths Supermarket,Household,Viva Paper Towel White 2 pack,176852,$1.75,$1.46 / 100SS,https://www.woolworths.com.au/shop/productdetails/176852/viva-paper-towel-white,https://cdn0.woolworths.media/content/wowproductimages/medium/176852.jpg,2020-09-20 15:36:09,,0,,True
b04b1fe6-0fc4-4a75-b478-e1af2f8d3ff8,Woolworths Supermarket,Household,Scotch-brite Heavy Duty Scourer & Sponge 3 pack,177264,$4.50,$1.50 / 1EA,https://www.woolworths.com.au/shop/productdetails/177264/scotch-brite-heavy-duty-scourer-sponge,https://cdn0.woolworths.media/content/wowproductimages/medium/177264.jpg,2020-09-20 15:36:09,,0,2 for $7.00,True
bea7e506-08c2-490c-8c8d-34cc7bb2cc49,Woolworths Supermarket,Household,Geelong Brush Bathroom Rim Toilet Set each,177490,$10.00,,https://www.woolworths.com.au/shop/productdetails/177490/geelong-brush-bathroom-rim-toilet-set,https://cdn0.woolworths.media/content/wowproductimages/medium/177490.jpg,2020-09-20 15:36:09,,0,,True
a26cef51-8fab-428c-b415-6d56d79236cd,Woolworths Supermarket,Household,Raid Odourless Flying Insect Killer Aerosol 350g,177675,$5.45,$1.56 / 100G,https://www.woolworths.com.au/shop/productdetails/177675/raid-odourless-flying-insect-killer-aerosol,https://cdn0.woolworths.media/content/wowproductimages/medium/177675.jpg,2020-09-20 15:36:09,,0,,True
dd5bf33a-02c3-4d25-868d-0319b880f19b,Woolworths Supermarket,Household,Razzamatazz Knee Hi Pairs And Spares Beige 4pk,178511,$6.00,,https://www.woolworths.com.au/shop/productdetails/178511/razzamatazz-knee-hi-pairs-and-spares-beige,https://cdn0.woolworths.media/content/wowproductimages/medium/178511.jpg,2020-09-20 15:36:09,,0,,True
b6a20050-423b-4be6-a74a-8c4ff7d26473,Woolworths Supermarket,Household,Hippo Moisture Absorber Small Spaces 300g,178888,$6.50,$2.17 / 100G,https://www.woolworths.com.au/shop/productdetails/178888/hippo-moisture-absorber-small-spaces,https://cdn0.woolworths.media/content/wowproductimages/medium/178888.jpg,2020-09-20 15:36:09,,0,Was $7.35 13/05/2019,True
00af5451-8b89-488f-8adf-6d1bc0913cfd,Woolworths Supermarket,Household,Armor All Car Care All Wheel Cleaner 500ml,178907,$12.00,$2.40 / 100ML,https://www.woolworths.com.au/shop/productdetails/178907/armor-all-car-care-all-wheel-cleaner,https://cdn0.woolworths.media/content/wowproductimages/medium/178907.jpg,2020-09-20 15:36:09,,0,,True
b3990626-2b4c-4c45-8676-4975c3ae83e1,Woolworths Supermarket,Household,Vanish Napisan Oxi Action Stain Remover Powder 1kg,179663,$6.00,$6.00 / 1KG,https://www.woolworths.com.au/shop/productdetails/179663/vanish-napisan-oxi-action-stain-remover-powder,https://cdn0.woolworths.media/content/wowproductimages/medium/179663.jpg,2020-09-20 15:36:09,,0,,True
e228e883-f461-45a5-b975-6df6a7f868ac,Woolworths Supermarket,Household,Vanish Preen Stain Remover Ultra Degreaser Trigger Spray 375ml,181144,$4.00,$10.67 / 1L,https://www.woolworths.com.au/shop/productdetails/181144/vanish-preen-stain-remover-ultra-degreaser-trigger-spray,https://cdn0.woolworths.media/content/wowproductimages/medium/181144.jpg,2020-09-20 15:36:09,,0,,True
7074e107-814d-46f6-8d01-54b41614e9f1,Woolworths Supermarket,Household,Yates Insect Control Control Spray 750ml,181992,$13.00,$1.73 / 100ML,https://www.woolworths.com.au/shop/productdetails/181992/yates-insect-control-control-spray,https://cdn0.woolworths.media/content/wowproductimages/medium/181992.jpg,2020-09-20 15:36:09,,0,,True
1262619e-6cf1-4bae-b71b-33d86cf114b1,Woolworths Supermarket,Household,Total Girl Magazine each,182499,$7.99,,https://www.woolworths.com.au/shop/productdetails/182499/total-girl-magazine,https://cdn0.woolworths.media/content/wowproductimages/medium/182499.jpg,2020-09-20 15:36:09,,0,,True
10700708-154c-4138-b60e-8c43ca314bb0,Woolworths Supermarket,Household,Symphony Facial Tissues White 228ss 3 pack,183671,$4.00,$0.58 / 100SS,https://www.woolworths.com.au/shop/productdetails/183671/symphony-facial-tissues-white-228ss,https://cdn0.woolworths.media/content/wowproductimages/medium/183671.jpg,2020-09-20 15:36:09,Average product rating out of 5: 3.7. Product score is based on 493 ratings,493,Was $5.09 03/03/2016,True
2a07e0e5-d6e8-4ee2-bd81-7666495cc355,Woolworths Supermarket,Household,Pyrex 500ml Measuring Jug each,185184,$6.00,,https://www.woolworths.com.au/shop/productdetails/185184/pyrex-500ml-measuring-jug,https://cdn0.woolworths.media/content/wowproductimages/medium/185184.jpg,2020-09-20 15:36:09,,0,,True
d039c252-7510-42e9-8429-a89c5586fdc9,Woolworths Supermarket,Household,Pyrex 950ml Round Storage Bowl each,185187,$7.80,,https://www.woolworths.com.au/shop/productdetails/185187/pyrex-950ml-round-storage-bowl,https://cdn0.woolworths.media/content/wowproductimages/medium/185187.jpg,2020-09-20 15:36:09,,0,,True
7e1049ca-1e57-4d8f-a055-b45e672c03be,Woolworths Supermarket,Household,Odor Eaters Shoe Care Foot & Shoe Spray 100g,185889,$7.49,$7.49 / 100G,https://www.woolworths.com.au/shop/productdetails/185889/odor-eaters-shoe-care-foot-shoe-spray,https://cdn0.woolworths.media/content/wowproductimages/medium/185889.jpg,2020-09-20 15:36:09,,0,,True
c555ad85-7c8d-491b-a3e2-e25d6d309ad0,Woolworths Supermarket,Household,Ansell Garden Comfort Gloves Medium each,187344,$9.00,,https://www.woolworths.com.au/shop/productdetails/187344/ansell-garden-comfort-gloves-medium,https://cdn0.woolworths.media/content/wowproductimages/medium/187344.jpg,2020-09-20 15:36:09,,0,,True
432c3fcc-ba4b-4526-bede-cc7f03c75e46,Woolworths Supermarket,Household,Ansell Garden Gloves Green Thumb Medium 1pk,187345,$6.00,,https://www.woolworths.com.au/shop/productdetails/187345/ansell-garden-gloves-green-thumb-medium,https://cdn0.woolworths.media/content/wowproductimages/medium/187345.jpg,2020-09-20 15:36:09,,0,,True
5c30bfa0-047c-49c3-8c5c-7bcff52e9366,Woolworths Supermarket,Household,Armor All Spray On Shine 500ml Spray On Shine 500ml,187346,$15.50,$15.50 / 1EA,https://www.woolworths.com.au/shop/productdetails/187346/armor-all-spray-on-shine-500ml-spray-on-shine,https://cdn0.woolworths.media/content/wowproductimages/medium/187346.jpg,2020-09-20 15:36:09,,0,,True
3a4fbff9-a30e-4dad-ab83-b2b249084673,Woolworths Supermarket,Household,Eveready Gold Type C Batteries 4 pack,187717,$10.00,$2.50 / 1EA,https://www.woolworths.com.au/shop/productdetails/187717/eveready-gold-type-c-batteries,https://cdn0.woolworths.media/content/wowproductimages/medium/187717.jpg,2020-09-20 15:36:09,,0,,True
26e9d4df-7c85-4c9c-9401-427cd25ccb52,Woolworths Supermarket,Household,Eveready Gold 9v Batteries 2 pack,187727,$10.00,$5.00 / 1EA,https://www.woolworths.com.au/shop/productdetails/187727/eveready-gold-9v-batteries,https://cdn0.woolworths.media/content/wowproductimages/medium/187727.jpg,2020-09-20 15:36:09,,0,,True
7ee340a1-a9c6-4da5-99c0-965eb93f0e1b,Woolworths Supermarket,Household,Eveready Gold Type D Batteries 4 pack,187728,$10.00,$2.50 / 1EA,https://www.woolworths.com.au/shop/productdetails/187728/eveready-gold-type-d-batteries,https://cdn0.woolworths.media/content/wowproductimages/medium/187728.jpg,2020-09-20 15:36:09,,0,,True
f83a9fde-3c50-4e8f-b7ae-514a32717916,Woolworths Supermarket,Household,Energizer Max Aaa Batteries 8 pack,187729,$10.00,$1.25 / 1EA,https://www.woolworths.com.au/shop/productdetails/187729/energizer-max-aaa-batteries,https://cdn0.woolworths.media/content/wowproductimages/medium/187729.jpg,2020-09-20 15:36:09,,0,Was $13.58 01/05/2017,True
61d89bdf-2968-455e-8694-92b145aa2ce0,Woolworths Supermarket,Household,Hillmark Cerapol Ceramic Glass & Induction Cooktop Cleaner 150ml,188082,$6.20,$4.13 / 100ML,https://www.woolworths.com.au/shop/productdetails/188082/hillmark-cerapol-ceramic-glass-induction-cooktop-cleaner,https://cdn0.woolworths.media/content/wowproductimages/medium/188082.jpg,2020-09-20 15:36:09,,0,,True
081b77ec-13b1-438d-bf49-64366a410b76,Woolworths Supermarket,Household,Paperclick Essentials Envelopes C6 100 pack,188365,$5.00,,https://www.woolworths.com.au/shop/productdetails/188365/paperclick-essentials-envelopes-c6,https://cdn0.woolworths.media/content/wowproductimages/medium/188365.jpg,2020-09-20 15:36:09,,0,,True
9350e393-941e-42ae-8aef-e3e1e0323787,Woolworths Supermarket,Household,Sellotape Sticky Tape Refill 18mmx25m 2 pack,188385,$3.50,,https://www.woolworths.com.au/shop/productdetails/188385/sellotape-sticky-tape-refill-18mmx25m,https://cdn0.woolworths.media/content/wowproductimages/medium/188385.jpg,2020-09-20 15:36:09,,0,,True
652b455a-370d-408f-b77e-e065c27cdf4e,Woolworths Supermarket,Household,Scotch-brite Non Scratch Scrub Sponge 3 pack,189817,$4.50,$1.50 / 1EA,https://www.woolworths.com.au/shop/productdetails/189817/scotch-brite-non-scratch-scrub-sponge,https://cdn0.woolworths.media/content/wowproductimages/medium/189817.jpg,2020-09-20 15:36:09,,0,2 for $7.00,True
8aedcb92-ff28-4092-b793-234e6eda6bbb,Woolworths Supermarket,Household,Marbig Corporate Express Ruler Plastic Clear 30cm each,190845,$2.00,,https://www.woolworths.com.au/shop/productdetails/190845/marbig-corporate-express-ruler-plastic-clear-30cm,https://cdn0.woolworths.media/content/wowproductimages/medium/190845.jpg,2020-09-20 15:36:09,,0,,True
d3daff08-6533-4d04-8b01-8ae80c7dd411,Woolworths Supermarket,Household,Vanish Napisan Oxi Action Stain Remover Powder 2kg,192217,$13.00,$6.50 / 1KG,https://www.woolworths.com.au/shop/productdetails/192217/vanish-napisan-oxi-action-stain-remover-powder,https://cdn0.woolworths.media/content/wowproductimages/medium/192217.jpg,2020-09-20 15:36:09,,0,,True
627760d6-4deb-4122-a26c-d5d4ec6ab214,Woolworths Supermarket,Household,Glad Resealable Snack Bags 60 pack,192424,$3.30,$0.06 / 1EA,https://www.woolworths.com.au/shop/productdetails/192424/glad-resealable-snack-bags,https://cdn0.woolworths.media/content/wowproductimages/medium/192424.jpg,2020-09-20 15:36:09,,0,,True
40cdaf69-b94c-4827-a70f-e04105ed54e1,Woolworths Supermarket,Household,Glad Kitchen Tidy Bag Wavetop X-large 20 pack,192426,$3.80,$0.19 / 1EA,https://www.woolworths.com.au/shop/productdetails/192426/glad-kitchen-tidy-bag-wavetop-x-large,https://cdn0.woolworths.media/content/wowproductimages/medium/192426.jpg,2020-09-20 15:36:09,,0,,True
db3d64cf-d3c3-49f1-987f-a12ace66e974,Woolworths Supermarket,Household,Vileda Bucket & Wringer each,192695,$19.00,,https://www.woolworths.com.au/shop/productdetails/192695/vileda-bucket-wringer,https://cdn0.woolworths.media/content/wowproductimages/medium/192695.jpg,2020-09-20 15:36:09,,0,,True
3ea94ec2-1b1e-403f-9657-6fda3b8dac2a,Woolworths Supermarket,Household,Yates Pyrethrum Insect Control Spray Bottle & Refill 2x750ml,195211,,,https://www.woolworths.com.au/shop/productdetails/195211/yates-pyrethrum-insect-control-spray-bottle-refill,https://cdn0.woolworths.media/content/wowproductimages/medium/195211.jpg,2020-09-20 15:36:09,,0,,False
cbfc2f8c-f290-49d5-b9c3-112ed1e7cac3,Woolworths Supermarket,Household,Brunnings Weed Kill Concentrate 1l,195265,$14.40,$1.44 / 100ML,https://www.woolworths.com.au/shop/productdetails/195265/brunnings-weed-kill-concentrate,https://cdn0.woolworths.media/content/wowproductimages/medium/195265.jpg,2020-09-20 15:36:09,,0,,True
8eb77280-83f3-4591-babc-86b440b5bcb9,Woolworths Supermarket,Household,Decor Tellfresh Super Storer 8.5l,196118,$8.00,,https://www.woolworths.com.au/shop/productdetails/196118/decor-tellfresh-super-storer,https://cdn0.woolworths.media/content/wowproductimages/medium/196118.jpg,2020-09-20 15:36:09,,0,,True
727157c2-a9a6-46ff-bd4f-83bd1226e6ad,Woolworths Supermarket,Household,Quilton Double Length Toilet Tissue 3ply White 360 Sheets 8 pack,196464,$8.50,$0.30 / 100SS,https://www.woolworths.com.au/shop/productdetails/196464/quilton-double-length-toilet-tissue-3ply-white-360-sheets,https://cdn0.woolworths.media/content/wowproductimages/medium/196464.jpg,2020-09-20 15:36:09,,0,Was $9.50 22/01/2018,True
4f369f4e-b37e-4776-be52-696642bab39f,Woolworths Supermarket,Household,Mortein Surface Spray Professional Diy Kit 2l,196774,$32.00,$1.60 / 100ML,https://www.woolworths.com.au/shop/productdetails/196774/mortein-surface-spray-professional-diy-kit,https://cdn0.woolworths.media/content/wowproductimages/medium/196774.jpg,2020-09-20 15:36:09,,0,,True
1a50745e-2416-4c34-b88c-78f509a92f42,Woolworths Supermarket,Household,Armor All Car Care Windscreen Wash 500ml,200514,$5.00,$1.00 / 100ML,https://www.woolworths.com.au/shop/productdetails/200514/armor-all-car-care-windscreen-wash,https://cdn0.woolworths.media/content/wowproductimages/medium/200514.jpg,2020-09-20 15:36:09,,0,,True
7bdb8210-f496-4a12-b55a-a79b32edcc46,Woolworths Supermarket,Household,Vanish Preen Oxi Action Stain Remover Trigger Spray 375ml,201055,,,https://www.woolworths.com.au/shop/productdetails/201055/vanish-preen-oxi-action-stain-remover-trigger-spray,https://cdn0.woolworths.media/content/wowproductimages/medium/201055.jpg,2020-09-20 15:36:09,,0,,False
a243edec-333c-47d0-83a6-e7ed16d0817e,Woolworths Supermarket,Household,Vanish Preen Oxi Action Stain Remover Refill 375ml,201057,$4.00,$10.67 / 1L,https://www.woolworths.com.au/shop/productdetails/201057/vanish-preen-oxi-action-stain-remover-refill,https://cdn0.woolworths.media/content/wowproductimages/medium/201057.jpg,2020-09-20 15:36:09,,0,Was $4.64 12/09/2016,True
c1da5e5a-6f6d-4748-bd37-7693e400e6e3,Woolworths Supermarket,Household,Heat Beads Easy-lite? Bbq Briquettes 3kg,201167,$13.00,$0.43 / 100G,https://www.woolworths.com.au/shop/productdetails/201167/heat-beads-easy-lite-bbq-briquettes,https://cdn0.woolworths.media/content/wowproductimages/medium/201167.jpg,2020-09-20 15:36:09,,0,,True
61595614-50b8-41ad-a201-06f546df2e08,Woolworths Supermarket,Household,White King Stain Remover For Colours Trigger 500ml,201281,$3.60,$7.20 / 1L,https://www.woolworths.com.au/shop/productdetails/201281/white-king-stain-remover-for-colours-trigger,https://cdn0.woolworths.media/content/wowproductimages/medium/201281.jpg,2020-09-20 15:36:09,,0,Was $4.29 18/04/2017,True
6062d2b3-c4fd-4d98-808d-f6128a208818,Woolworths Supermarket,Household,Hovex Insect Control Moth Balls 27g,202256,$3.60,$1.33 / 10G,https://www.woolworths.com.au/shop/productdetails/202256/hovex-insect-control-moth-balls,https://cdn0.woolworths.media/content/wowproductimages/medium/202256.jpg,2020-09-20 15:36:09,,0,,True
ef1a5b1c-b31d-40d2-828a-08db916277d5,Woolworths Supermarket,Household,Kenco Forest Fresh Air Freshener Watermelon each,203032,,,https://www.woolworths.com.au/shop/productdetails/203032/kenco-forest-fresh-air-freshener-watermelon,https://cdn0.woolworths.media/content/wowproductimages/medium/203032.jpg,2020-09-20 15:36:09,,0,,False
c865faef-0cf6-410a-bc90-d81e7a7d5257,Woolworths Supermarket,Household,Chux Non Scratch Scourer Scrubs 4 pack,203250,$3.30,$0.83 / 1EA,https://www.woolworths.com.au/shop/productdetails/203250/chux-non-scratch-scourer-scrubs,https://cdn0.woolworths.media/content/wowproductimages/medium/203250.jpg,2020-09-20 15:36:09,,0,,True
f020e00d-aee3-4452-894b-385780ecdb3f,Woolworths Supermarket,Household,Maseur Footcare Foam Latex Insole 1 pair,204483,$2.50,,https://www.woolworths.com.au/shop/productdetails/204483/maseur-footcare-foam-latex-insole,https://cdn0.woolworths.media/content/wowproductimages/medium/204483.jpg,2020-09-20 15:36:09,,0,,True
23682df2-5dc1-49c2-867d-9f544144255b,Woolworths Supermarket,Household,Corelle Winter Frost White Noodle Bowl 828ml each,204774,$7.50,,https://www.woolworths.com.au/shop/productdetails/204774/corelle-winter-frost-white-noodle-bowl-828ml,https://cdn0.woolworths.media/content/wowproductimages/medium/204774.jpg,2020-09-20 15:36:09,,0,,True
050703ee-4c12-4f1e-85a1-83fc535a3998,Woolworths Supermarket,Household,Corelle Winter Frost White Dinner Plate 26cm each,204776,$7.00,,https://www.woolworths.com.au/shop/productdetails/204776/corelle-winter-frost-white-dinner-plate-26cm,https://cdn0.woolworths.media/content/wowproductimages/medium/204776.jpg,2020-09-20 15:36:09,,0,,True
17e1ae08-27c2-49a3-98aa-14fa9012cbc3,Woolworths Supermarket,Household,Ajax Spray N' Wipe Kitchen Multi- Purpose Cleaner Baking Soda 500ml,204831,$3.00,$0.60 / 100ML,https://www.woolworths.com.au/shop/productdetails/204831/ajax-spray-n-wipe-kitchen-multi-purpose-cleaner-baking-soda,https://cdn0.woolworths.media/content/wowproductimages/medium/204831.jpg,2020-09-20 15:36:09,,0,,True
5a808d29-4db7-4cfc-b1ee-88e972cd76ad,Woolworths Supermarket,Household,No Vac Sanitiser & Deodoriser Carpet Garden Breeze 290g,204867,$4.90,$1.69 / 100G,https://www.woolworths.com.au/shop/productdetails/204867/no-vac-sanitiser-deodoriser-carpet-garden-breeze,https://cdn0.woolworths.media/content/wowproductimages/medium/204867.jpg,2020-09-20 15:36:09,,0,,True
78ec1ea5-e4fc-4faf-b2c7-b5a58776fa8f,Woolworths Supermarket,Household,Corelle Winter Frost White Luncheon Starter Plate 22cm each,205162,$6.00,,https://www.woolworths.com.au/shop/productdetails/205162/corelle-winter-frost-white-luncheon-starter-plate-22cm,https://cdn0.woolworths.media/content/wowproductimages/medium/205162.jpg,2020-09-20 15:36:09,,0,,True
3ecabbd7-8d7e-411e-a03a-bf1a24b45e36,Woolworths Supermarket,Household,Bonds Mens Underwear Guy Front Trunk Size Medium each,205584,$22.00,,https://www.woolworths.com.au/shop/productdetails/205584/bonds-mens-underwear-guy-front-trunk-size-medium,https://cdn0.woolworths.media/content/wowproductimages/medium/205584.jpg,2020-09-20 15:36:09,,0,Designs may vary,True
9db11ed8-fb67-4f64-b187-3a8e4dbe3639,Woolworths Supermarket,Household,Bonds Mens Underwear Guy Front Trunk Size Large each,205585,$22.00,,https://www.woolworths.com.au/shop/productdetails/205585/bonds-mens-underwear-guy-front-trunk-size-large,https://cdn0.woolworths.media/content/wowproductimages/medium/205585.jpg,2020-09-20 15:36:09,,0,Designs may vary,True
a147a885-5a53-445f-9b2a-65fd6087a18a,Woolworths Supermarket,Household,Bonds Mens Underwear Guy Front Trunk Size X Large each,205586,$22.00,,https://www.woolworths.com.au/shop/productdetails/205586/bonds-mens-underwear-guy-front-trunk-size-x-large,https://cdn0.woolworths.media/content/wowproductimages/medium/205586.jpg,2020-09-20 15:36:09,,0,Designs may vary,True
57aa88e2-63f5-4fad-b338-1b8a65eb9feb,Woolworths Supermarket,Household,Chux Magic Eraser Spot Cleaner 8 pack,207919,$4.00,$0.50 / 1EA,https://www.woolworths.com.au/shop/productdetails/207919/chux-magic-eraser-spot-cleaner,https://cdn0.woolworths.media/content/wowproductimages/medium/207919.jpg,2020-09-20 15:36:09,,0,,True
4e76396e-d6f3-481e-a006-cb3ee1874e5f,Woolworths Supermarket,Household,Morning Fresh Dishwashing Liquid Lemon Super Strength 900ml,208111,$3.75,$0.42 / 100ML,https://www.woolworths.com.au/shop/productdetails/208111/morning-fresh-dishwashing-liquid-lemon-super-strength,https://cdn0.woolworths.media/content/wowproductimages/medium/208111.jpg,2020-09-20 15:36:09,,0,,True
8be16ea3-cf1d-42a8-88a7-7136a39168f9,Woolworths Supermarket,Household,Morning Fresh Dishwashing Liquid Original Super Strength 900ml,208112,$3.75,$0.42 / 100ML,https://www.woolworths.com.au/shop/productdetails/208112/morning-fresh-dishwashing-liquid-original-super-strength,https://cdn0.woolworths.media/content/wowproductimages/medium/208112.jpg,2020-09-20 15:36:09,,0,,True
fc54aa2a-2c07-4ef7-85cf-33f46706de3f,Woolworths Supermarket,Household,Energizer Lithium 3v Batteries Cr2016 2 pack,208348,$6.00,$3.00 / 1EA,https://www.woolworths.com.au/shop/productdetails/208348/energizer-lithium-3v-batteries-cr2016,https://cdn0.woolworths.media/content/wowproductimages/medium/208348.jpg,2020-09-20 15:36:09,,0,,True
a029d32c-ba90-4100-aa0d-7f5a390a7741,Woolworths Supermarket,Household,Ambi Pur Premium Clip Car Air Freshener Vanilla Voyage 7.5ml,210226,$6.60,$9.43 / 10ML,https://www.woolworths.com.au/shop/productdetails/210226/ambi-pur-premium-clip-car-air-freshener-vanilla-voyage,https://cdn0.woolworths.media/content/wowproductimages/medium/210226.jpg,2020-09-20 15:36:09,,0,,True
937a60f3-e138-4ed9-9e0e-c33575275c10,Woolworths Supermarket,Household,Dishmatic Micro- Soft Refills 3 pack,210245,$4.50,$1.50 / 1EA,https://www.woolworths.com.au/shop/productdetails/210245/dishmatic-micro-soft-refills,https://cdn0.woolworths.media/content/wowproductimages/medium/210245.jpg,2020-09-20 15:36:09,,0,,True
5ca14d83-6132-4ac7-9f49-5481bbf920fc,Woolworths Supermarket,Household,Dishmatic Extra Heavy Duty Refill 3 pack,210249,$6.00,$2.00 / 1EA,https://www.woolworths.com.au/shop/productdetails/210249/dishmatic-extra-heavy-duty-refill,https://cdn0.woolworths.media/content/wowproductimages/medium/210249.jpg,2020-09-20 15:36:09,,0,,True
98e0fcef-51db-4a70-aae4-85f549116438,Woolworths Supermarket,Household,Vileda Power Fibers Duster each,210502,$8.00,,https://www.woolworths.com.au/shop/productdetails/210502/vileda-power-fibers-duster,https://cdn0.woolworths.media/content/wowproductimages/medium/210502.jpg,2020-09-20 15:36:09,,0,,True
e0afe1a5-1e46-408b-b7e1-75cca9d2a535,Woolworths Supermarket,Household,Oates Mop Tiltamatic Sponge Refill 2 pack,210745,$9.00,$4.50 / 1EA,https://www.woolworths.com.au/shop/productdetails/210745/oates-mop-tiltamatic-sponge-refill,https://cdn0.woolworths.media/content/wowproductimages/medium/210745.jpg,2020-09-20 15:36:09,,0,,True
b72c43ae-e5aa-4580-a613-c4b4323ed73c,Woolworths Supermarket,Household,Sabco Superswish Xtra Dry Refill each,210749,$12.50,,https://www.woolworths.com.au/shop/productdetails/210749/sabco-superswish-xtra-dry-refill,https://cdn0.woolworths.media/content/wowproductimages/medium/210749.jpg,2020-09-20 15:36:09,,0,,True
e6d2950d-ed09-4a2d-aed3-02be218093ab,Woolworths Supermarket,Household,Energizer Aaa Rechargable Batteries Global 2 pack,210918,$14.00,$7.00 / 1EA,https://www.woolworths.com.au/shop/productdetails/210918/energizer-aaa-rechargable-batteries-global,https://cdn0.woolworths.media/content/wowproductimages/medium/210918.jpg,2020-09-20 15:36:09,,0,,True
768ee6f5-7c86-4594-9e34-f016d61459be,Woolworths Supermarket,Household,Ajax Floor Cleaner Stone Safe Baking Soda 750ml,211798,$3.49,$0.47 / 100ML,https://www.woolworths.com.au/shop/productdetails/211798/ajax-floor-cleaner-stone-safe-baking-soda,https://cdn0.woolworths.media/content/wowproductimages/medium/211798.jpg,2020-09-20 15:36:09,,0,,True
88c8ebc1-694b-4171-978b-0a756f72e4e2,Woolworths Supermarket,Household,Armor All Car Care Glass Cleaner Wipes 25 pack,211938,,,https://www.woolworths.com.au/shop/productdetails/211938/armor-all-car-care-glass-cleaner-wipes,https://cdn0.woolworths.media/content/wowproductimages/medium/211938.jpg,2020-09-20 15:36:09,,0,,False
ee76abbe-4183-46c1-b724-c75b2cd59ef3,Woolworths Supermarket,Household,Armor All Car Care Protectant Wipes 25 pack,211950,,,https://www.woolworths.com.au/shop/productdetails/211950/armor-all-car-care-protectant-wipes,https://cdn0.woolworths.media/content/wowproductimages/medium/211950.jpg,2020-09-20 15:36:09,,0,,False
c99706e3-7060-4fd6-8b0d-388287b57940,Woolworths Supermarket,Household,Cuddly Sunshine Fresh Fabric Softener Long Lasting Fragrance 2l,211967,$5.50,$2.75 / 1L,https://www.woolworths.com.au/shop/productdetails/211967/cuddly-sunshine-fresh-fabric-softener-long-lasting-fragrance,https://cdn0.woolworths.media/content/wowproductimages/medium/211967.jpg,2020-09-20 15:36:09,,0,,True
ddb50012-eca0-485a-bf9f-d8303855386c,Woolworths Supermarket,Household,Energizer Aa Rechargable Batteries 2 pack,212162,$14.00,$7.00 / 1EA,https://www.woolworths.com.au/shop/productdetails/212162/energizer-aa-rechargable-batteries,https://cdn0.woolworths.media/content/wowproductimages/medium/212162.jpg,2020-09-20 15:36:09,,0,,True
fadeff44-c136-4d81-87c1-6001d021318d,Woolworths Supermarket,Household,Vileda Mop Super Microfibre Tx Handle each,212293,$19.00,,https://www.woolworths.com.au/shop/productdetails/212293/vileda-mop-super-microfibre-tx-handle,https://cdn0.woolworths.media/content/wowproductimages/medium/212293.jpg,2020-09-20 15:36:09,,0,,True
32ba4535-cbbd-4e41-a80e-195fdf77643b,Woolworths Supermarket,Household,Dettol Antibacterial Laundry Rinse Sanitiser Fresh 1.25l,212822,$7.99,$6.39 / 1L,https://www.woolworths.com.au/shop/productdetails/212822/dettol-antibacterial-laundry-rinse-sanitiser-fresh,https://cdn0.woolworths.media/content/wowproductimages/medium/212822.jpg,2020-09-20 15:36:09,,0,,True
cd47fe88-4d30-471d-ae21-901641767395,Woolworths Supermarket,Household,Handee Ultra Paper Towel Double Length White 2 pack,212842,$5.00,$2.08 / 100SS,https://www.woolworths.com.au/shop/productdetails/212842/handee-ultra-paper-towel-double-length-white,https://cdn0.woolworths.media/content/wowproductimages/medium/212842.jpg,2020-09-20 15:36:09,,0,,True
b5aba3fd-023b-425c-869c-54162373173a,Woolworths Supermarket,Household,Mortein Easy Reach Surface Spray Crawling Insect Killer 350g,212929,$11.00,$3.14 / 100G,https://www.woolworths.com.au/shop/productdetails/212929/mortein-easy-reach-surface-spray-crawling-insect-killer,https://cdn0.woolworths.media/content/wowproductimages/medium/212929.jpg,2020-09-20 15:36:09,,0,,True
ece62985-4ccd-43ba-a6fb-e72744792008,Woolworths Supermarket,Household,Yates Garden Zero Bindii And Clover Killer 500ml,213080,$11.00,$2.20 / 100ML,https://www.woolworths.com.au/shop/productdetails/213080/yates-garden-zero-bindii-and-clover-killer,https://cdn0.woolworths.media/content/wowproductimages/medium/213080.jpg,2020-09-20 15:36:09,,0,,True
0dbdd118-b8bf-4ede-bd36-b3ee2d1bed56,Woolworths Supermarket,Household,Essentials Toilet Cleaner Blocks 2 pack,213353,$1.80,$1.80 / 1EA,https://www.woolworths.com.au/shop/productdetails/213353/essentials-toilet-cleaner-blocks,https://cdn0.woolworths.media/content/wowproductimages/medium/213353.jpg,2020-09-20 15:36:09,Average product rating out of 5: 4.0. Product score is based on 465 ratings,465,,True
157dd23c-d205-4d1f-a7da-2fe8ab52ed75,Woolworths Supermarket,Household,Artline Permanent Marker Black 700mm 2pk,213682,,,https://www.woolworths.com.au/shop/productdetails/213682/artline-permanent-marker-black,https://cdn0.woolworths.media/content/wowproductimages/medium/213682.jpg,2020-09-20 15:36:09,,0,,False
e2c4ba69-4947-416e-a5cc-ed54efc0799d,Woolworths Supermarket,Household,Artline Permanent Marker Black 70mm 2pk,213895,$7.50,,https://www.woolworths.com.au/shop/productdetails/213895/artline-permanent-marker-black,https://cdn0.woolworths.media/content/wowproductimages/medium/213895.jpg,2020-09-20 15:36:09,,0,,True
189662c9-9f3e-4b7e-b671-2cc3c7d3dd1b,Woolworths Supermarket,Household,Huggies Change Mat 48x76cm 4 pack,214209,$4.10,$1.03 / 1EA,https://www.woolworths.com.au/shop/productdetails/214209/huggies-change-mat-48x76cm,https://cdn0.woolworths.media/content/wowproductimages/medium/214209.jpg,2020-09-20 15:36:09,,0,,True
efba3486-8376-4982-8117-cba36a9fc135,Woolworths Supermarket,Household,Papermate Kilometrico Pen Blue 10 pack,214600,$4.50,,https://www.woolworths.com.au/shop/productdetails/214600/papermate-kilometrico-pen-blue,https://cdn0.woolworths.media/content/wowproductimages/medium/214600.jpg,2020-09-20 15:36:09,,0,,True
ce5fc120-4098-470f-abb6-875a066802c0,Woolworths Supermarket,Household,Papermate Kilometrico Pen Variety 10 pack,214601,$4.50,,https://www.woolworths.com.au/shop/productdetails/214601/papermate-kilometrico-pen-variety,https://cdn0.woolworths.media/content/wowproductimages/medium/214601.jpg,2020-09-20 15:36:09,,0,,True
700ab287-9423-47d8-8b7d-02b8d24c90dd,Woolworths Supermarket,Household,Smash Pencil Case Wetsuit Large each,214604,$7.00,,https://www.woolworths.com.au/shop/productdetails/214604/smash-pencil-case-wetsuit-large,https://cdn0.woolworths.media/content/wowproductimages/medium/214604.jpg,2020-09-20 15:36:09,,0,,True
90281c2d-db6d-4c50-b9f8-97148d52f108,Woolworths Supermarket,Household,Selleys Fix & Go Supa Glue 3ml,216079,,,https://www.woolworths.com.au/shop/productdetails/216079/selleys-fix-go-supa-glue,https://cdn0.woolworths.media/content/wowproductimages/medium/216079.jpg,2020-09-20 15:36:09,,0,,False
e95452b8-6db3-44b4-a540-210e9edc4f0a,Woolworths Supermarket,Household,Selleys Quick Fix Adhesive Supa Glue Brush On 5ml,216090,$6.90,$138.00 / 100ML,https://www.woolworths.com.au/shop/productdetails/216090/selleys-quick-fix-adhesive-supa-glue-brush-on,https://cdn0.woolworths.media/content/wowproductimages/medium/216090.jpg,2020-09-20 15:36:09,,0,,True
ec0b89d8-b80a-4d83-85f0-8b85517fd1ce,Woolworths Supermarket,Household,Sard Wonder Degreasing Stain Remover Spray 500ml,217061,$4.00,$8.00 / 1L,https://www.woolworths.com.au/shop/productdetails/217061/sard-wonder-degreasing-stain-remover-spray,https://cdn0.woolworths.media/content/wowproductimages/medium/217061.jpg,2020-09-20 15:36:09,,0,Was $4.85 18/04/2017,True
5a6999a7-7f04-4e7b-82f3-34c522ec6dfc,Woolworths Supermarket,Household,Pledge Grab It Duster Grab It Duster each,217630,$9.50,,https://www.woolworths.com.au/shop/productdetails/217630/pledge-grab-it-duster-grab-it-duster,https://cdn0.woolworths.media/content/wowproductimages/medium/217630.jpg,2020-09-20 15:36:09,,0,,True
2f033035-8a2c-4fcc-83c0-6bf4f11edc97,Woolworths Supermarket,Household,Pledge Grab It Duster Refill 5pk,217631,$7.80,,https://www.woolworths.com.au/shop/productdetails/217631/pledge-grab-it-duster-refill,https://cdn0.woolworths.media/content/wowproductimages/medium/217631.jpg,2020-09-20 15:36:09,,0,,True
f236f8f2-5b5c-4dbe-98d5-6f0b5d284d67,Woolworths Supermarket,Household,Armor All Car Care Chamois 335mm X 430mm each,218836,$11.00,$11.00 / 1EA,https://www.woolworths.com.au/shop/productdetails/218836/armor-all-car-care-chamois-335mm-x-430mm,https://cdn0.woolworths.media/content/wowproductimages/medium/218836.jpg,2020-09-20 15:36:09,,0,,True
5661f7bb-c4ee-4295-85b8-6af498d42785,Woolworths Supermarket,Household,Woolworths Colouring Pencils 36 pack,220731,$4.00,,https://www.woolworths.com.au/shop/productdetails/220731/woolworths-colouring-pencils,https://cdn0.woolworths.media/content/wowproductimages/medium/220731.jpg,2020-09-20 15:36:09,,0,,True
c72a61e9-1183-4218-94cb-525d8f373c5c,Woolworths Supermarket,Household,Maped Sharpener 2 Hole each,220931,$3.50,,https://www.woolworths.com.au/shop/productdetails/220931/maped-sharpener-2-hole,https://cdn0.woolworths.media/content/wowproductimages/medium/220931.jpg,2020-09-20 15:36:09,,0,,True
3b17645d-1e0c-4067-8f37-71ccd586d849,Woolworths Supermarket,Household,Maped Sharpener 1 Hole Shaker each,220933,$2.50,,https://www.woolworths.com.au/shop/productdetails/220933/maped-sharpener-1-hole-shaker,https://cdn0.woolworths.media/content/wowproductimages/medium/220933.jpg,2020-09-20 15:36:09,,0,,True
eb74dda0-728b-4c2b-a513-632caafa948c,Woolworths Supermarket,Household,Woolworths Kitchen Gadget Funnel 3 pack,224101,$3.00,,https://www.woolworths.com.au/shop/productdetails/224101/woolworths-kitchen-gadget-funnel,https://cdn0.woolworths.media/content/wowproductimages/medium/224101.jpg,2020-09-20 15:36:09,,0,Was $4.99 24/10/16,True
cb1a6f21-bbed-446b-818b-d718ac3bc640,Woolworths Supermarket,Household,Decor Microsafe Container Round 1.5l,224213,$8.00,,https://www.woolworths.com.au/shop/productdetails/224213/decor-microsafe-container-round,https://cdn0.woolworths.media/content/wowproductimages/medium/224213.jpg,2020-09-20 15:36:09,,0,,True
eecc46ce-c4bd-41b4-a5d2-9b3519b39a0a,Woolworths Supermarket,Household,Decor Microsafe Container Round 750ml,224227,$6.00,,https://www.woolworths.com.au/shop/productdetails/224227/decor-microsafe-container-round,https://cdn0.woolworths.media/content/wowproductimages/medium/224227.jpg,2020-09-20 15:36:09,,0,,True
3ff0f57a-e4cc-48cd-972b-00ecc6c441e0,Woolworths Supermarket,Household,Decor Microsafe Container Oblong 1.6l,224230,$8.00,,https://www.woolworths.com.au/shop/productdetails/224230/decor-microsafe-container-oblong,https://cdn0.woolworths.media/content/wowproductimages/medium/224230.jpg,2020-09-20 15:36:09,,0,,True
be455d27-6815-4943-a72c-be73b6ffa5be,Woolworths Supermarket,Household,Decor Microsafe Container Oblong 900ml,224231,$6.00,,https://www.woolworths.com.au/shop/productdetails/224231/decor-microsafe-container-oblong,https://cdn0.woolworths.media/content/wowproductimages/medium/224231.jpg,2020-09-20 15:36:09,,0,,True
efd45aff-a2b0-415e-a798-c9d1946d6cbc,Woolworths Supermarket,Household,Essentials Candle Unscented 5hr 48 pack,224306,$7.00,$14.58 / 100EA,https://www.woolworths.com.au/shop/productdetails/224306/essentials-candle-unscented-5hr,https://cdn0.woolworths.media/content/wowproductimages/medium/224306.jpg,2020-09-20 15:36:09,,0,,True
ffed9308-9f37-4d4c-9838-3b7fbe6dc2e5,Woolworths Supermarket,Household,Essentials Tealights Candles 100 pack,224307,$10.00,$10.00 / 100EA,https://www.woolworths.com.au/shop/productdetails/224307/essentials-tealights-candles,https://cdn0.woolworths.media/content/wowproductimages/medium/224307.jpg,2020-09-20 15:36:09,,0,,True
1bc7926a-21ec-4b98-b897-dd901c0728dc,Woolworths Supermarket,Household,Reflex 50% Recycled Paper A4 5x80gsm 5 pack,224437,$24.50,,https://www.woolworths.com.au/shop/productdetails/224437/reflex-50-recycled-paper-a4-5x80gsm,https://cdn0.woolworths.media/content/wowproductimages/medium/224437.jpg,2020-09-20 15:36:09,,0,,True
21ded841-e3f0-4096-af50-ab7d0fca21b9,Woolworths Supermarket,Household,Reflex 50% Recycled Paper A4 80gsm each,224606,$4.90,,https://www.woolworths.com.au/shop/productdetails/224606/reflex-50-recycled-paper-a4-80gsm,https://cdn0.woolworths.media/content/wowproductimages/medium/224606.jpg,2020-09-20 15:36:09,,0,,True
dc3d1c7d-1e10-44db-968d-dab74d668269,Woolworths Supermarket,Household,White King Bathroom Power Gel Lemon 750ml,224613,$3.50,$0.47 / 100ML,https://www.woolworths.com.au/shop/productdetails/224613/white-king-bathroom-power-gel-lemon,https://cdn0.woolworths.media/content/wowproductimages/medium/224613.jpg,2020-09-20 15:36:09,,0,Was $3.99 15/01/2018,True
f3ae7c78-d2a1-4657-beca-61ca2f05dfa3,Woolworths Supermarket,Household,Ajax Spray N' Wipe Triple Action Glass Cleaner Trigger Spray 500ml,224641,$3.00,$0.60 / 100ML,https://www.woolworths.com.au/shop/productdetails/224641/ajax-spray-n-wipe-triple-action-glass-cleaner-trigger-spray,https://cdn0.woolworths.media/content/wowproductimages/medium/224641.jpg,2020-09-20 15:36:09,,0,,True
1a51ccdd-1eb7-406b-ba4d-b4e1be0efa5a,Woolworths Supermarket,Household,Ajax Spray N'wipe Multipurpose Antibacterial Cleaner Lavender 500ml,224643,$3.00,$0.60 / 100ML,https://www.woolworths.com.au/shop/productdetails/224643/ajax-spray-n-wipe-multipurpose-antibacterial-cleaner-lavender,https://cdn0.woolworths.media/content/wowproductimages/medium/224643.jpg,2020-09-20 15:36:09,,0,,True
21d5f3aa-9b83-4aaa-965e-596a67620373,Woolworths Supermarket,Household,Philips Cfl Tornado Warm White Globe 20w Bc Base each,226401,$6.50,,https://www.woolworths.com.au/shop/productdetails/226401/philips-cfl-tornado-warm-white-globe-20w-bc-base,https://cdn0.woolworths.media/content/wowproductimages/medium/226401.jpg,2020-09-20 15:36:09,,0,Was $8.39 12/09/2016,True
1d80b5bc-7dd4-4083-8822-febf4563756e,Woolworths Supermarket,Household,Philips Cfl Tornado Warm White Globe 20w Es Base each,226415,$6.50,,https://www.woolworths.com.au/shop/productdetails/226415/philips-cfl-tornado-warm-white-globe-20w-es-base,https://cdn0.woolworths.media/content/wowproductimages/medium/226415.jpg,2020-09-20 15:36:09,,0,Was $8.39 12/09/2016,True
fe72cc38-9ee2-4606-8038-786c8426f94b,Woolworths Supermarket,Household,Vileda Sponge Non Scratch Scouring 2pk,226528,$4.50,$2.25 / 1EA,https://www.woolworths.com.au/shop/productdetails/226528/vileda-sponge-non-scratch-scouring,https://cdn0.woolworths.media/content/wowproductimages/medium/226528.jpg,2020-09-20 15:36:09,,0,,True
75894b73-18ea-47fb-bec4-a703314fbb01,Woolworths Supermarket,Household,Vileda Mop Super Soft Yellow Refill each,226572,$10.00,,https://www.woolworths.com.au/shop/productdetails/226572/vileda-mop-super-soft-yellow-refill,https://cdn0.woolworths.media/content/wowproductimages/medium/226572.jpg,2020-09-20 15:36:09,,0,,True
3c80affb-ad2d-4242-bb76-2bec4d56abb8,Woolworths Supermarket,Household,Hygiene Plus Econd Skin Gloves Disposable 24 pack,226589,$3.50,$0.15 / 1EA,https://www.woolworths.com.au/shop/productdetails/226589/hygiene-plus-econd-skin-gloves-disposable,https://cdn0.woolworths.media/content/wowproductimages/medium/226589.jpg,2020-09-20 15:36:09,,0,,True
2b739929-e34e-4515-a1ea-0192fe4bd1f4,Woolworths Supermarket,Household,Hercules Tough Task Nitrile Gloves Disposable Chemical & Puncture 24 pack,226590,$3.50,$0.15 / 1EA,https://www.woolworths.com.au/shop/productdetails/226590/hercules-tough-task-nitrile-gloves-disposable-chemical-puncture,https://cdn0.woolworths.media/content/wowproductimages/medium/226590.jpg,2020-09-20 15:36:09,,0,,True
cfdc10e0-6ad8-46dc-abb7-cdac3cf10051,Woolworths Supermarket,Household,Dishmatic General Purpose Refill 6 pack,226779,$9.00,$1.50 / 1EA,https://www.woolworths.com.au/shop/productdetails/226779/dishmatic-general-purpose-refill,https://cdn0.woolworths.media/content/wowproductimages/medium/226779.jpg,2020-09-20 15:36:09,,0,,True
adc14fad-8d09-4287-9af8-f3421c50d866,Woolworths Supermarket,Household,Eveready Gold Aaa Batteries 8 pack,226783,$8.00,$1.00 / 1EA,https://www.woolworths.com.au/shop/productdetails/226783/eveready-gold-aaa-batteries,https://cdn0.woolworths.media/content/wowproductimages/medium/226783.jpg,2020-09-20 15:36:09,,0,Was $11.97 01/05/2017,True
16270190-7c96-4dff-8dbd-1c0424c27174,Woolworths Supermarket,Household,Eveready Gold Aa Batteries 10 pack,226784,$8.00,$0.80 / 1EA,https://www.woolworths.com.au/shop/productdetails/226784/eveready-gold-aa-batteries,https://cdn0.woolworths.media/content/wowproductimages/medium/226784.jpg,2020-09-20 15:36:09,,0,Was $11.97 01/05/2017,True
5d2bf892-bfa3-4a73-8889-1329fd103d9c,Woolworths Supermarket,Household,Energizer Lithium Ultimate Aa Batteries 4 pack,226801,$18.00,$4.50 / 1EA,https://www.woolworths.com.au/shop/productdetails/226801/energizer-lithium-ultimate-aa-batteries,https://cdn0.woolworths.media/content/wowproductimages/medium/226801.jpg,2020-09-20 15:36:09,,0,Was $19.00 01/04/2019,True
9a76753e-4b5f-4a25-ad20-c321a407d877,Woolworths Supermarket,Household,Oates Mop each,226809,$10.00,$10.00 / 1EA,https://www.woolworths.com.au/shop/productdetails/226809/oates-mop,https://cdn0.woolworths.media/content/wowproductimages/medium/226809.jpg,2020-09-20 15:36:09,,0,,True
ff5a4825-c18b-48a9-8671-252ba70bf933,Woolworths Supermarket,Household,Energizer 12v Batteries 2 pack,226813,$5.50,$2.75 / 1EA,https://www.woolworths.com.au/shop/productdetails/226813/energizer-12v-batteries,https://cdn0.woolworths.media/content/wowproductimages/medium/226813.jpg,2020-09-20 15:36:09,,0,,True
aca7670c-5454-4e90-b084-a616cec26c6a,Woolworths Supermarket,Household,Energizer Button Batteries Cr2032 2 pack,226829,$6.00,$3.00 / 1EA,https://www.woolworths.com.au/shop/productdetails/226829/energizer-button-batteries-cr2032,https://cdn0.woolworths.media/content/wowproductimages/medium/226829.jpg,2020-09-20 15:36:09,,0,,True
bc6ca56f-2955-4983-be3c-d790620700be,Woolworths Supermarket,Household,Chux Magic Eraser Kitchen 2 pack,226845,$5.20,$2.60 / 1EA,https://www.woolworths.com.au/shop/productdetails/226845/chux-magic-eraser-kitchen,https://cdn0.woolworths.media/content/wowproductimages/medium/226845.jpg,2020-09-20 15:36:09,,0,,True
618beef4-85b8-4501-9cdb-ccfe6e4a367f,Woolworths Supermarket,Household,Earth Choice Dishwashing Liquid Green Tea & Lime 500ml,227264,$2.50,$0.50 / 100ML,https://www.woolworths.com.au/shop/productdetails/227264/earth-choice-dishwashing-liquid-green-tea-lime,https://cdn0.woolworths.media/content/wowproductimages/medium/227264.jpg,2020-09-20 15:36:09,,0,,True
5b65f750-076e-4b05-912f-b2d8e0619dfa,Woolworths Supermarket,Household,Vileda Mop Super Soft Yellow each,227401,$11.50,,https://www.woolworths.com.au/shop/productdetails/227401/vileda-mop-super-soft-yellow,https://cdn0.woolworths.media/content/wowproductimages/medium/227401.jpg,2020-09-20 15:36:09,,0,,True
a80f57e5-00b6-4892-8681-391634e62f72,Woolworths Supermarket,Household,Master Lock Padlock Bike Lock 1.08m X 8mm each,228211,$11.50,,https://www.woolworths.com.au/shop/productdetails/228211/master-lock-padlock-bike-lock-1-08m-x-8mm,https://cdn0.woolworths.media/content/wowproductimages/medium/228211.jpg,2020-09-20 15:36:09,,0,,True
c822b169-fe32-4abe-b299-3d0c0092ffb3,Woolworths Supermarket,Household,3m Command Utensil Hooks Small White 3 pack,228224,$6.50,$2.17 / 1EA,https://www.woolworths.com.au/shop/productdetails/228224/3m-command-utensil-hooks-small-white,https://cdn0.woolworths.media/content/wowproductimages/medium/228224.jpg,2020-09-20 15:36:09,,0,,True
85c2aa9d-1bd4-4123-ae0d-26c6f3b60577,Woolworths Supermarket,Household,Green Gardener Garden Bypass Pruner 1pk,228390,$10.00,,https://www.woolworths.com.au/shop/productdetails/228390/green-gardener-garden-bypass-pruner,https://cdn0.woolworths.media/content/wowproductimages/medium/228390.jpg,2020-09-20 15:36:09,,0,,True
d6feb16f-ce65-4c02-99d1-c510892fb7a9,Woolworths Supermarket,Household,Decor Tellfresh Storer Oblong 250ml 3 pack,229811,$4.00,$1.33 / 1EA,https://www.woolworths.com.au/shop/productdetails/229811/decor-tellfresh-storer-oblong-250ml,https://cdn0.woolworths.media/content/wowproductimages/medium/229811.jpg,2020-09-20 15:36:09,,0,,True
3e566910-18bb-4581-b04d-e063d4aa9e23,Woolworths Supermarket,Household,Decor Tellfresh Storer Oblong 500ml 3 pack,229812,$5.00,$1.67 / 1EA,https://www.woolworths.com.au/shop/productdetails/229812/decor-tellfresh-storer-oblong-500ml,https://cdn0.woolworths.media/content/wowproductimages/medium/229812.jpg,2020-09-20 15:36:09,,0,,True
81deacea-4796-494d-b382-4682784c3332,Woolworths Supermarket,Household,Essentials Adhesive Super Glue Twin Pack 6ml,229901,$2.50,$41.67 / 100ML,https://www.woolworths.com.au/shop/productdetails/229901/essentials-adhesive-super-glue-twin-pack,https://cdn0.woolworths.media/content/wowproductimages/medium/229901.jpg,2020-09-20 15:36:09,,0,,True
585a4f56-8c1a-4950-bda8-a71548b93cce,Woolworths Supermarket,Household,Hercules Click Zip Resealable Snack Size Sandwich Bags 65 pack,229981,$2.90,$0.04 / 1EA,https://www.woolworths.com.au/shop/productdetails/229981/hercules-click-zip-resealable-snack-size-sandwich-bags,https://cdn0.woolworths.media/content/wowproductimages/medium/229981.jpg,2020-09-20 15:36:09,,0,,True
efa09b78-5c27-46a8-97b5-9e607987c629,Woolworths Supermarket,Household,Ratsak Rat & Mouse Trap One Shot 100g,230441,$6.85,$6.85 / 100G,https://www.woolworths.com.au/shop/productdetails/230441/ratsak-rat-mouse-trap-one-shot,https://cdn0.woolworths.media/content/wowproductimages/medium/230441.jpg,2020-09-20 15:36:09,,0,,True
f2b0bce3-81ea-42bd-954b-d11e621fd396,Woolworths Supermarket,Household,Papermate Correction Liquid Paper 2 In 1 each,231995,$4.00,,https://www.woolworths.com.au/shop/productdetails/231995/papermate-correction-liquid-paper-2-in-1,https://cdn0.woolworths.media/content/wowproductimages/medium/231995.jpg,2020-09-20 15:36:09,,0,,True
dc69f339-d3fc-48a7-9af3-b0bf84a79a1d,Woolworths Supermarket,Household,Dymo Letratag Labelling Machine Handheld each,232052,$50.00,,https://www.woolworths.com.au/shop/productdetails/232052/dymo-letratag-labelling-machine-handheld,https://cdn0.woolworths.media/content/wowproductimages/medium/232052.jpg,2020-09-20 15:36:09,,0,,True
284fb61d-65a4-47e1-beba-761ffecfa067,Woolworths Supermarket,Household,Dymo Letratag Tape Refill Plastic White each,232054,$16.00,,https://www.woolworths.com.au/shop/productdetails/232054/dymo-letratag-tape-refill-plastic-white,https://cdn0.woolworths.media/content/wowproductimages/medium/232054.jpg,2020-09-20 15:36:09,,0,,True
3a3e2837-f922-4616-ae42-275c17bf7aaa,Woolworths Supermarket,Household,Australian Healthy Food Guide Magazine each,232179,$6.70,,https://www.woolworths.com.au/shop/productdetails/232179/australian-healthy-food-guide-magazine,https://cdn0.woolworths.media/content/wowproductimages/medium/232179.jpg,2020-09-20 15:36:09,,0,,True
936c6cd5-80af-423c-b644-d6e385217b94,Woolworths Supermarket,Household,Sard Wonder Inwash & Soaker Eucalyptus Power Stain Remover 1kg,232383,$5.00,$5.00 / 1KG,https://www.woolworths.com.au/shop/productdetails/232383/sard-wonder-inwash-soaker-eucalyptus-power-stain-remover,https://cdn0.woolworths.media/content/wowproductimages/medium/232383.jpg,2020-09-20 15:36:09,,0,,True
241dd33d-f3f7-47d0-bc4c-e1e3cd827998,Woolworths Supermarket,Household,Homebrand Gloves Small 2 pack,232820,$1.10,$0.55 / 1EA,https://www.woolworths.com.au/shop/productdetails/232820/homebrand-gloves-small,https://cdn0.woolworths.media/content/wowproductimages/medium/232820.jpg,2020-09-20 15:36:09,,0,,True
9a4d6e28-199b-440d-a877-650b62877142,Woolworths Supermarket,Household,Homebrand Gloves Medium 2 pack,232821,$1.10,$0.55 / 1EA,https://www.woolworths.com.au/shop/productdetails/232821/homebrand-gloves-medium,https://cdn0.woolworths.media/content/wowproductimages/medium/232821.jpg,2020-09-20 15:36:09,,0,,True
69072415-0a34-480d-98c8-be2fc2f99dbe,Woolworths Supermarket,Household,Homebrand Gloves Large 2 pack,232822,$1.10,$0.55 / 1EA,https://www.woolworths.com.au/shop/productdetails/232822/homebrand-gloves-large,https://cdn0.woolworths.media/content/wowproductimages/medium/232822.jpg,2020-09-20 15:36:09,,0,,True
4696c704-d0d1-41b6-8dcf-18b38624fb62,Woolworths Supermarket,Household,Fluffy Fabric Softener Summer Breeze Long Lasting Fragrance 2l,233124,$5.00,$2.50 / 1L,https://www.woolworths.com.au/shop/productdetails/233124/fluffy-fabric-softener-summer-breeze-long-lasting-fragrance,https://cdn0.woolworths.media/content/wowproductimages/medium/233124.jpg,2020-09-20 15:36:09,,0,Was $5.49 09/01/2017,True
25e4ca51-5b2f-4fab-aaa9-d754c8c32420,Woolworths Supermarket,Household,Sard Wonder Power Stain Remover Refill Eucalyptus 500ml,233125,$3.50,$7.00 / 1L,https://www.woolworths.com.au/shop/productdetails/233125/sard-wonder-power-stain-remover-refill-eucalyptus,https://cdn0.woolworths.media/content/wowproductimages/medium/233125.jpg,2020-09-20 15:36:09,,0,Was $4.19 18/04/2017,True
f98b7c70-be72-4312-9526-df84f8616c0c,Woolworths Supermarket,Household,Sard Wonder Power Stain Remover Spray Eucalyptus 500ml,233126,$4.00,$8.00 / 1L,https://www.woolworths.com.au/shop/productdetails/233126/sard-wonder-power-stain-remover-spray-eucalyptus,https://cdn0.woolworths.media/content/wowproductimages/medium/233126.jpg,2020-09-20 15:36:09,,0,Was $4.85 18/04/2017,True
3d40ee5b-2621-4f4e-a69d-e5311e39c231,Woolworths Supermarket,Household,Cuddly Fabric Softener Refill Sachet Classic Fresh 300ml,233130,$2.69,$8.97 / 1L,https://www.woolworths.com.au/shop/productdetails/233130/cuddly-fabric-softener-refill-sachet-classic-fresh,https://cdn0.woolworths.media/content/wowproductimages/medium/233130.jpg,2020-09-20 15:36:09,,0,2 for $5.00 $8.33/1L,True
c8c9eeff-0577-4919-aeb6-236adf6d07e8,Woolworths Supermarket,Household,Easy-off Bam Oven Cleaner Heavy Duty 325g,233881,$3.50,$1.08 / 100G,https://www.woolworths.com.au/shop/productdetails/233881/easy-off-bam-oven-cleaner-heavy-duty,https://cdn0.woolworths.media/content/wowproductimages/medium/233881.jpg,2020-09-20 15:36:09,,0,,True
5c8d3848-cf1a-472b-a680-28587490052b,Woolworths Supermarket,Household,Energizer Button Battery 1.5v 377bp each,235168,$4.00,$4.00 / 1EA,https://www.woolworths.com.au/shop/productdetails/235168/energizer-button-battery-1-5v-377bp,https://cdn0.woolworths.media/content/wowproductimages/medium/235168.jpg,2020-09-20 15:36:09,,0,,True
369d3e91-288f-4609-a8e6-bf73626daa8d,Woolworths Supermarket,Household,White King Multipurpose Power Cleaner Lemon 1l,235619,$3.50,$0.35 / 100ML,https://www.woolworths.com.au/shop/productdetails/235619/white-king-multipurpose-power-cleaner-lemon,https://cdn0.woolworths.media/content/wowproductimages/medium/235619.jpg,2020-09-20 15:36:09,,0,Was $3.99 15/01/2018,True
f32fc75e-c6cc-445e-b1f8-b6957eb897f1,Woolworths Supermarket,Household,Waxworks Mozzie Coils With Terracotta Holder 6 pack,236915,$9.00,$1.50 / 1EA,https://www.woolworths.com.au/shop/productdetails/236915/waxworks-mozzie-coils-with-terracotta-holder,https://cdn0.woolworths.media/content/wowproductimages/medium/236915.jpg,2020-09-20 15:36:09,,0,,True
394d4aa9-9861-48cc-8156-afb48bdf03f2,Woolworths Supermarket,Household,Armor All Clean Wipes Multi Purpose each,237106,$10.50,$0.42 / 1EA,https://www.woolworths.com.au/shop/productdetails/237106/armor-all-clean-wipes-multi-purpose,https://cdn0.woolworths.media/content/wowproductimages/medium/237106.jpg,2020-09-20 15:36:09,,0,,True
4d699487-0403-4c2f-ac26-3781ef4ca374,Woolworths Supermarket,Household,Decor Tellfresh Cereal Server 5l,240726,$5.00,,https://www.woolworths.com.au/shop/productdetails/240726/decor-tellfresh-cereal-server,https://cdn0.woolworths.media/content/wowproductimages/medium/240726.jpg,2020-09-20 15:36:09,,0,,True
6c9544d8-3d96-4df6-8915-460100907396,Woolworths Supermarket,Household,Green Gardener Garden Rachet Pruner 1pk,245811,$10.00,,https://www.woolworths.com.au/shop/productdetails/245811/green-gardener-garden-rachet-pruner,https://cdn0.woolworths.media/content/wowproductimages/medium/245811.jpg,2020-09-20 15:36:09,,0,,True
276a8304-20b8-4ae2-943b-ab0e31f83d56,Woolworths Supermarket,Household,Green Gardener Spray Trigger Gun each,246075,$12.00,,https://www.woolworths.com.au/shop/productdetails/246075/green-gardener-spray-trigger-gun,https://cdn0.woolworths.media/content/wowproductimages/medium/246075.jpg,2020-09-20 15:36:09,,0,,True
70fc8805-0444-4cc4-b543-e136e55d79eb,Woolworths Supermarket,Household,Strike Disinfectant Lavender 1.25l,246190,$2.49,$1.99 / 1L,https://www.woolworths.com.au/shop/productdetails/246190/strike-disinfectant-lavender,https://cdn0.woolworths.media/content/wowproductimages/medium/246190.jpg,2020-09-20 15:36:09,Average product rating out of 5: 4.5. Product score is based on 511 ratings,511,,True
9f3b0d52-89fc-4e67-afd4-334157519333,Woolworths Supermarket,Household,Clean Boost Triple Enzyme Power Soaker 1kg,246193,$3.80,$3.80 / 1KG,https://www.woolworths.com.au/shop/productdetails/246193/clean-boost-triple-enzyme-power-soaker,https://cdn0.woolworths.media/content/wowproductimages/medium/246193.jpg,2020-09-20 15:36:09,Average product rating out of 5: 4.3. Product score is based on 614 ratings,614,,True
9ddbe45a-7a6c-4a2c-99df-f3322d98d346,Woolworths Supermarket,Household,Brita Maxtra Water Filter each,246480,$13.90,,https://www.woolworths.com.au/shop/productdetails/246480/brita-maxtra-water-filter,https://cdn0.woolworths.media/content/wowproductimages/medium/246480.jpg,2020-09-20 15:36:09,,0,,True
97cbeae9-5fa8-4241-bc60-ed0e1f39bedb,Woolworths Supermarket,Household,Brita Marella Blue Filter Jug 2.4l,246524,$23.00,,https://www.woolworths.com.au/shop/productdetails/246524/brita-marella-blue-filter-jug,https://cdn0.woolworths.media/content/wowproductimages/medium/246524.jpg,2020-09-20 15:36:09,,0,,True
7d425daa-44c8-4f4f-b9c8-221404897ee7,Woolworths Supermarket,Household,Easyliner Supergrip Mat Door Easyliner 50x200cm each,246662,$10.00,,https://www.woolworths.com.au/shop/productdetails/246662/easyliner-supergrip-mat-door-easyliner-50x200cm,https://cdn0.woolworths.media/content/wowproductimages/medium/246662.jpg,2020-09-20 15:36:09,,0,,True
0a7eb7b1-ae4a-4fe1-9c11-30184cc7b31a,Woolworths Supermarket,Household,Kiwi Express Cream Shoe Polish Black 50ml,247089,$6.00,$12.00 / 100G,https://www.woolworths.com.au/shop/productdetails/247089/kiwi-express-cream-shoe-polish-black,https://cdn0.woolworths.media/content/wowproductimages/medium/247089.jpg,2020-09-20 15:36:09,,0,,True
2907ca79-2eb4-4757-b186-5104de978e0a,Woolworths Supermarket,Household,Magic Stainless Steel Cleaner & Protector 200ml,247140,$7.00,$3.50 / 100ML,https://www.woolworths.com.au/shop/productdetails/247140/magic-stainless-steel-cleaner-protector,https://cdn0.woolworths.media/content/wowproductimages/medium/247140.jpg,2020-09-20 15:36:09,,0,,True
6ff9e5f7-5bbe-4130-ada6-27781ee20934,Woolworths Supermarket,Household,Magic Multi-use Descaler 2x40g,247143,$5.60,$7.00 / 100G,https://www.woolworths.com.au/shop/productdetails/247143/magic-multi-use-descaler,https://cdn0.woolworths.media/content/wowproductimages/medium/247143.jpg,2020-09-20 15:36:09,,0,,True
002c0fbd-c335-4daa-aa10-24c085ed1394,Woolworths Supermarket,Household,Chux Magic Eraser Bathroom 2 pack,247510,$5.30,$2.65 / 1EA,https://www.woolworths.com.au/shop/productdetails/247510/chux-magic-eraser-bathroom,https://cdn0.woolworths.media/content/wowproductimages/medium/247510.jpg,2020-09-20 15:36:09,,0,,True
b7d86d69-2bef-4677-badb-b2022a4f150c,Woolworths Supermarket,Household,Sellotape Tape Double Sided 12mmx10mm each,248691,$2.40,,https://www.woolworths.com.au/shop/productdetails/248691/sellotape-tape-double-sided-12mmx10mm,https://cdn0.woolworths.media/content/wowproductimages/medium/248691.jpg,2020-09-20 15:36:09,,0,,True
62cb95e0-6d19-4638-b6a9-75da38477a60,Woolworths Supermarket,Household,Energizer Universal Headlight Headlight each,248693,$15.00,,https://www.woolworths.com.au/shop/productdetails/248693/energizer-universal-headlight-headlight,https://cdn0.woolworths.media/content/wowproductimages/medium/248693.jpg,2020-09-20 15:36:09,,0,,True
adcb0283-5507-4516-99da-9a1a40241207,Woolworths Supermarket,Household,Energizer Lithium Ultimate Aaa Batteries 4 pack,248696,$18.00,$4.50 / 1EA,https://www.woolworths.com.au/shop/productdetails/248696/energizer-lithium-ultimate-aaa-batteries,https://cdn0.woolworths.media/content/wowproductimages/medium/248696.jpg,2020-09-20 15:36:09,,0,Was $19.00 01/04/2019,True
8e1ef302-200f-4066-ab04-2c1f8af38337,Woolworths Supermarket,Household,Philips Pilot Globe 15w Bc Base 2 pack,249863,$4.00,$2.00 / 1EA,https://www.woolworths.com.au/shop/productdetails/249863/philips-pilot-globe-15w-bc-base,https://cdn0.woolworths.media/content/wowproductimages/medium/249863.jpg,2020-09-20 15:36:09,,0,,True
9d1e13b2-f257-4d6f-909b-9e56e23017d8,Woolworths Supermarket,Household,Philips Lifemax Light Globe 18w Tube Tld 182842p 2 pack,249867,$9.00,$4.50 / 1EA,https://www.woolworths.com.au/shop/productdetails/249867/philips-lifemax-light-globe-18w-tube-tld-182842p,https://cdn0.woolworths.media/content/wowproductimages/medium/249867.jpg,2020-09-20 15:36:09,,0,,True
7b139ba6-e3d5-4b33-94d7-80d4df025b70,Woolworths Supermarket,Household,Viva Paper Towel White 3 pack,249921,$4.00,$2.22 / 100SS,https://www.woolworths.com.au/shop/productdetails/249921/viva-paper-towel-white,https://cdn0.woolworths.media/content/wowproductimages/medium/249921.jpg,2020-09-20 15:36:09,,0,Was $4.90 26/10/2017,True
89eaab5e-00be-43a6-ac28-0fd53495a98c,Woolworths Supermarket,Household,Essentials Plastic Bowls White 20 pack,250032,$3.00,$0.15 / 1EA,https://www.woolworths.com.au/shop/productdetails/250032/essentials-plastic-bowls-white,https://cdn0.woolworths.media/content/wowproductimages/medium/250032.jpg,2020-09-20 15:36:09,,0,,True
f4f45df8-9e30-4487-9fbf-279e47f88a83,Woolworths Supermarket,Household,Essentials Plastic Tumblers Large 25 pack,250033,$3.00,$0.12 / 1EA,https://www.woolworths.com.au/shop/productdetails/250033/essentials-plastic-tumblers-large,https://cdn0.woolworths.media/content/wowproductimages/medium/250033.jpg,2020-09-20 15:36:09,,0,,True
b179da73-a077-4b96-8f8e-c637f52e9674,Woolworths Supermarket,Household,Essentials Paper Plates Uncoated 80 pack,250034,$5.00,$0.06 / 1EA,https://www.woolworths.com.au/shop/productdetails/250034/essentials-paper-plates-uncoated,https://cdn0.woolworths.media/content/wowproductimages/medium/250034.jpg,2020-09-20 15:36:09,,0,,True
7e32d599-fafd-4c17-af1b-013746f7fd8f,Woolworths Supermarket,Household,Essentials Scourer Sponge 6 pack,250145,$1.98,$0.33 / 1EA,https://www.woolworths.com.au/shop/productdetails/250145/essentials-scourer-sponge,https://cdn0.woolworths.media/content/wowproductimages/medium/250145.jpg,2020-09-20 15:36:09,,0,,True
da83a194-8f45-4bf8-96ff-8c960e409370,Woolworths Supermarket,Household,Redheads Foil-sealed Firelighters Fire Lighters 24 pack,250327,$3.50,$0.15 / 1EA,https://www.woolworths.com.au/shop/productdetails/250327/redheads-foil-sealed-firelighters-fire-lighters,https://cdn0.woolworths.media/content/wowproductimages/medium/250327.jpg,2020-09-20 15:36:09,,0,,True
98a71b26-8156-43ec-b759-cbae4f43e9cd,Woolworths Supermarket,Household,Ambi Pur Premium Clip Car Air Freshener Refill Vanilla Voyage 2 x7.5ml,250458,$7.50,$5.36 / 10ML,https://www.woolworths.com.au/shop/productdetails/250458/ambi-pur-premium-clip-car-air-freshener-refill-vanilla-voyage,https://cdn0.woolworths.media/content/wowproductimages/medium/250458.jpg,2020-09-20 15:36:09,,0,,True
68635db2-05ba-452e-9132-445df37ccb6e,Woolworths Supermarket,Household,Harpic White & Shine Toilet Cleaner Bleach Gel Fresh 450ml,250481,$3.00,$0.67 / 100ML,https://www.woolworths.com.au/shop/productdetails/250481/harpic-white-shine-toilet-cleaner-bleach-gel-fresh,https://cdn0.woolworths.media/content/wowproductimages/medium/250481.jpg,2020-09-20 15:36:09,,0,,True
c3198d95-9e1e-44ca-af77-752ebe40515c,Woolworths Supermarket,Household,Quilton Double Length Toilet Tissue 3 Ply Prints 360 Sheets 8 pack,251185,$8.50,$0.30 / 100SS,https://www.woolworths.com.au/shop/productdetails/251185/quilton-double-length-toilet-tissue-3-ply-prints-360-sheets,https://cdn0.woolworths.media/content/wowproductimages/medium/251185.jpg,2020-09-20 15:36:09,,0,Was $9.50 22/01/2018,True
45e621d8-c17c-4ffa-8bbd-bb9a5a5af16c,Woolworths Supermarket,Household,Vileda Cleaning Cloth All Purpose Cloth 6 pack,251190,$5.00,$0.83 / 1EA,https://www.woolworths.com.au/shop/productdetails/251190/vileda-cleaning-cloth-all-purpose-cloth,https://cdn0.woolworths.media/content/wowproductimages/medium/251190.jpg,2020-09-20 15:36:09,,0,,True
6c12a1a2-abfb-48c3-b2b2-37c07f36aa2b,Woolworths Supermarket,Household,Sorbent Flushable Wipes Clean & Fresh Refill 40 pack,251237,$3.00,$7.50 / 100SS,https://www.woolworths.com.au/shop/productdetails/251237/sorbent-flushable-wipes-clean-fresh-refill,https://cdn0.woolworths.media/content/wowproductimages/medium/251237.jpg,2020-09-20 15:36:09,,0,,True
e45ee6f6-db3c-456a-bdca-6cf2153c7466,Woolworths Supermarket,Household,Homebrand Scourer Steelwool Soap Pads 15 pack,251303,$1.95,$0.13 / 1EA,https://www.woolworths.com.au/shop/productdetails/251303/homebrand-scourer-steelwool-soap-pads,https://cdn0.woolworths.media/content/wowproductimages/medium/251303.jpg,2020-09-20 15:36:09,,0,,True
7bb9e2c8-2c55-4fbc-81c2-3dd9e1a8d206,Woolworths Supermarket,Household,Damprid Moisture Absorber Refillable 300g,251846,$6.60,$2.20 / 100G,https://www.woolworths.com.au/shop/productdetails/251846/damprid-moisture-absorber-refillable,https://cdn0.woolworths.media/content/wowproductimages/medium/251846.jpg,2020-09-20 15:36:09,,0,,True
0a2212fd-566d-4cec-8704-834b81b6d4b5,Woolworths Supermarket,Household,Damprid Moisture Absorber Refill 1.19kg,251849,$8.50,$0.71 / 100G,https://www.woolworths.com.au/shop/productdetails/251849/damprid-moisture-absorber-refill,https://cdn0.woolworths.media/content/wowproductimages/medium/251849.jpg,2020-09-20 15:36:09,,0,,True
273ce5a4-95e0-455e-b023-e3081b16ccfc,Woolworths Supermarket,Household,Handee Ultra Paper Towel White 3 pack,252037,$4.40,$2.44 / 100SS,https://www.woolworths.com.au/shop/productdetails/252037/handee-ultra-paper-towel-white,https://cdn0.woolworths.media/content/wowproductimages/medium/252037.jpg,2020-09-20 15:36:09,,0,,True
55a0f4ba-583b-4f89-a745-17c0fa7d5a99,Woolworths Supermarket,Household,Hercules Click Zip Large Resealable Twinzip Sandwich Bags 25 pack,252072,$2.45,$0.10 / 1EA,https://www.woolworths.com.au/shop/productdetails/252072/hercules-click-zip-large-resealable-twinzip-sandwich-bags,https://cdn0.woolworths.media/content/wowproductimages/medium/252072.jpg,2020-09-20 15:36:09,,0,,True
6dc41c46-ee2f-4600-a4ab-3aa914aca7c4,Woolworths Supermarket,Household,Decor Microsafe Soup Mug each,252151,$5.00,,https://www.woolworths.com.au/shop/productdetails/252151/decor-microsafe-soup-mug,https://cdn0.woolworths.media/content/wowproductimages/medium/252151.jpg,2020-09-20 15:36:09,,0,,True
87cc5e89-2ea4-4e28-beeb-42fdfbb99203,Woolworths Supermarket,Household,Vileda Mop Bath Magic Refill each,252195,$9.00,,https://www.woolworths.com.au/shop/productdetails/252195/vileda-mop-bath-magic-refill,https://cdn0.woolworths.media/content/wowproductimages/medium/252195.jpg,2020-09-20 15:36:09,,0,,True
a419eab0-5d0a-4d57-80b1-e6a9a4c506bb,Woolworths Supermarket,Household,Vileda Mop Bath Magic each,252197,$18.50,,https://www.woolworths.com.au/shop/productdetails/252197/vileda-mop-bath-magic,https://cdn0.woolworths.media/content/wowproductimages/medium/252197.jpg,2020-09-20 15:36:09,,0,,True
52cec8ab-b03d-4d34-8a22-c818217670ed,Woolworths Supermarket,Household,Vanish Preen Power Foam Carpet Cleaner Aerosol 500g,252260,$6.80,$1.36 / 100G,https://www.woolworths.com.au/shop/productdetails/252260/vanish-preen-power-foam-carpet-cleaner-aerosol,https://cdn0.woolworths.media/content/wowproductimages/medium/252260.jpg,2020-09-20 15:36:09,,0,,True
d338437d-169d-4b90-be4a-a6642f6b9bd5,Woolworths Supermarket,Household,Bic Atlantis Retractable Pen Blue 4 pack,252709,$5.25,,https://www.woolworths.com.au/shop/productdetails/252709/bic-atlantis-retractable-pen-blue,https://cdn0.woolworths.media/content/wowproductimages/medium/252709.jpg,2020-09-20 15:36:09,,0,,True
9631c0aa-4eef-430b-a7ac-c56a9ddb98ad,Woolworths Supermarket,Household,Kleenex Facial Tissues Aloe Vera 140 pack,032969,$3.00,$2.14 / 100SS,https://www.woolworths.com.au/shop/productdetails/32969/kleenex-facial-tissues-aloe-vera,https://cdn0.woolworths.media/content/wowproductimages/medium/032969.jpg,2020-09-20 15:36:09,,0,Was $3.85 20/01/2020,True
61e94848-8743-47b3-86c0-4ed22f1abc71,Woolworths Supermarket,Household,Viva Paper Towel White 3 pack,249921,$4.00,$2.22 / 100SS,https://www.woolworths.com.au/shop/productdetails/249921/viva-paper-towel-white,https://cdn0.woolworths.media/content/wowproductimages/medium/249921.jpg,2020-09-20 15:36:09,,0,Was $4.90 26/10/2017,True
6c0c2eee-22ef-4de1-a308-5d4608a14544,Woolworths Supermarket,Household,Viva Paper Towel White 2 pack,176852,$1.75,$1.46 / 100SS,https://www.woolworths.com.au/shop/productdetails/176852/viva-paper-towel-white,https://cdn0.woolworths.media/content/wowproductimages/medium/176852.jpg,2020-09-20 15:36:09,,0,,True
465272e3-7fa7-4380-b8bd-87b4f5546513,Woolworths Supermarket,Household,Finish Dishwashing Rinse Aid Liquid Regular 250ml,034222,$3.00,$1.20 / 100ML,https://www.woolworths.com.au/shop/productdetails/34222/finish-dishwashing-rinse-aid-liquid-regular,https://cdn0.woolworths.media/content/wowproductimages/medium/034222.jpg,2020-09-20 15:36:09,,0,,True
4792eb1e-33d6-4806-b93e-5a865aaec244,Woolworths Supermarket,Household,White King Power Clean Toilet Cleaner Bleach Gel Eucalyptus 700ml,326335,$4.60,$0.66 / 100ML,https://www.woolworths.com.au/shop/productdetails/326335/white-king-power-clean-toilet-cleaner-bleach-gel-eucalyptus,https://cdn0.woolworths.media/content/wowproductimages/medium/326335.jpg,2020-09-20 15:36:09,,0,,True
ae4de817-73e5-46cc-9a9d-cf9f3302e20a,Woolworths Supermarket,Household,White King Mould & Scum Remover Lemon 500ml,258166,$4.50,$0.90 / 100ML,https://www.woolworths.com.au/shop/productdetails/258166/white-king-mould-scum-remover-lemon,https://cdn0.woolworths.media/content/wowproductimages/medium/258166.jpg,2020-09-20 15:36:09,,0,Was $5.20 15/01/2018,True
c2c5d14b-f13f-48ef-9902-aee1bf2c4e07,Woolworths Supermarket,Household,Cold Power Advanced Clean 1l,088675,$5.50,$5.50 / 1L,https://www.woolworths.com.au/shop/productdetails/88675/cold-power-advanced-clean,https://cdn0.woolworths.media/content/wowproductimages/medium/088675.jpg,2020-09-20 15:36:09,,0,,True
f5549f07-122f-44e9-8bc6-f72c5c97bedb,Woolworths Supermarket,Household,Omo Ultimate Laundry Detergent Powder Front & Top Loader 5kg,430629,$30.00,$6.00 / 1KG,https://www.woolworths.com.au/shop/productdetails/430629/omo-ultimate-laundry-detergent-powder-front-top-loader,https://cdn0.woolworths.media/content/wowproductimages/medium/430629.jpg,2020-09-20 15:36:09,,0,,True
f1e8751e-c6eb-4c1f-b9c4-210d63866b08,Woolworths Supermarket,Household,Magic Washing Machine Cleaner Sachets 2x100g,743805,$9.45,$47.25 / 1KG,https://www.woolworths.com.au/shop/productdetails/743805/magic-washing-machine-cleaner-sachets,https://cdn0.woolworths.media/content/wowproductimages/medium/743805.jpg,2020-09-20 15:36:09,,0,,True
eb2dbaa9-9f5a-4b12-a8de-30cc60af876b,Woolworths Supermarket,Household,Multix Easy Tear Off Freezer Bags Medium 80 pack,035460,$2.40,$0.03 / 1EA,https://www.woolworths.com.au/shop/productdetails/35460/multix-easy-tear-off-freezer-bags-medium,https://cdn0.woolworths.media/content/wowproductimages/medium/035460.jpg,2020-09-20 15:36:09,,0,,True
be990fbe-305a-46f3-9c7c-77e0633ce174,Woolworths Supermarket,Household,Morning Fresh Dishwashing Liquid Lemon Super Strength 900ml,208111,$3.75,$0.42 / 100ML,https://www.woolworths.com.au/shop/productdetails/208111/morning-fresh-dishwashing-liquid-lemon-super-strength,https://cdn0.woolworths.media/content/wowproductimages/medium/208111.jpg,2020-09-20 15:36:09,,0,,True
50a8b1a3-fcdc-4d7b-b281-4b9497e13b27,Woolworths Supermarket,Household,Soften Concentrated Fabric Softener Oriental Kiss 1l,563025,$3.80,$3.80 / 1L,https://www.woolworths.com.au/shop/productdetails/563025/soften-concentrated-fabric-softener-oriental-kiss,https://cdn0.woolworths.media/content/wowproductimages/medium/563025.jpg,2020-09-20 15:36:09,Average product rating out of 5: 4.2. Product score is based on 504 ratings,504,,True
2b582f86-b35f-4b1c-acc1-cb8d269ea3d8,Woolworths Supermarket,Household,Purity Sensitive Fabric Softener 2l,088869,$6.00,$3.00 / 1L,https://www.woolworths.com.au/shop/productdetails/88869/purity-sensitive-fabric-softener,https://cdn0.woolworths.media/content/wowproductimages/medium/088869.jpg,2020-09-20 15:36:09,,0,,True
998e2c57-dc90-40e1-b920-3763864f4126,Woolworths Supermarket,Household,Quilton Gold 4 Ply Tissues Aloe Vera 100 pack,644240,$2.20,$2.20 / 100SS,https://www.woolworths.com.au/shop/productdetails/644240/quilton-gold-4-ply-tissues-aloe-vera,https://cdn0.woolworths.media/content/wowproductimages/medium/644240.jpg,2020-09-20 15:36:09,,0,,True
885e54de-c370-4544-93cd-8e6e50f79c9e,Woolworths Supermarket,Household,Omo Sensitive Laundry Detergent Powder Front & Top Loader 2kg,471182,$11.00,$5.50 / 1KG,https://www.woolworths.com.au/shop/productdetails/471182/omo-sensitive-laundry-detergent-powder-front-top-loader,https://cdn0.woolworths.media/content/wowproductimages/medium/471182.jpg,2020-09-20 15:36:09,,0,,True
0f060272-e56a-47bd-aea3-bb1c37fc4d3c,Woolworths Supermarket,Household,Windex Multi-purpose Surface & Glass Cleaner Mountain Fresh 750ml,012413,$4.80,$0.64 / 100ML,https://www.woolworths.com.au/shop/productdetails/12413/windex-multi-purpose-surface-glass-cleaner-mountain-fresh,https://cdn0.woolworths.media/content/wowproductimages/medium/012413.jpg,2020-09-20 15:36:09,,0,,True
2635c68b-3a98-486e-af49-8dd856421aea,Woolworths Supermarket,Household,Essentials Laundry Liquid 2l,047621,$1.49,$0.75 / 1L,https://www.woolworths.com.au/shop/productdetails/47621/essentials-laundry-liquid,https://cdn0.woolworths.media/content/wowproductimages/medium/047621.jpg,2020-09-20 15:36:09,Average product rating out of 5: 3.8. Product score is based on 547 ratings,547,,True
d326edc9-897e-47a0-9e1e-c8ce59ee9762,Woolworths Supermarket,Household,Chevron Alkaline Aa 24 pack,683404,$10.00,$0.42 / 1EA,https://www.woolworths.com.au/shop/productdetails/683404/chevron-alkaline-aa,https://cdn0.woolworths.media/content/wowproductimages/medium/683404.jpg,2020-09-20 15:36:09,,0,,True
72f4ed70-9977-4fc4-807d-18b865c0677c,Woolworths Supermarket,Household,Omo Active Clean Laundry Detergent Washing Powder 2kg,430650,$11.00,$5.50 / 1KG,https://www.woolworths.com.au/shop/productdetails/430650/omo-active-clean-laundry-detergent-washing-powder,https://cdn0.woolworths.media/content/wowproductimages/medium/430650.jpg,2020-09-20 15:36:09,,0,,True
53df2ba2-47a8-4b78-b725-baf1714ee70c,Woolworths Supermarket,Household,Quilton Tuffy Paper Towel Triple Length 2 pack,785317,$6.00,$1.67 / 100SS,https://www.woolworths.com.au/shop/productdetails/785317/quilton-tuffy-paper-towel-triple-length,https://cdn0.woolworths.media/content/wowproductimages/medium/785317.jpg,2020-09-20 15:36:09,,0,Was $6.80 06/07/2020,True
cc7f02f5-f5af-479f-bc48-f66a101d1b4e,Woolworths Supermarket,Household,Bic Velocity Mechanical Pencil 2 pack,252710,$5.00,,https://www.woolworths.com.au/shop/productdetails/252710/bic-velocity-mechanical-pencil,https://cdn0.woolworths.media/content/wowproductimages/medium/252710.jpg,2020-09-20 15:36:09,,0,,True
7ced8538-ff16-49f6-b93e-64bca11124c3,Woolworths Supermarket,Household,Armada Select Aluminium Foil Heavy Duty 30cmx20m,252784,$3.20,$0.16 / 1M,https://www.woolworths.com.au/shop/productdetails/252784/armada-select-aluminium-foil-heavy-duty,https://cdn0.woolworths.media/content/wowproductimages/medium/252784.jpg,2020-09-20 15:36:09,Average product rating out of 5: 4.5. Product score is based on 224 ratings,224,,True
cefa0347-7043-44fb-8c35-4900e8d075c4,Woolworths Supermarket,Household,Armada Select Aluminium Foil Heavy Duty 30cmx30m,252785,$4.50,$0.15 / 1M,https://www.woolworths.com.au/shop/productdetails/252785/armada-select-aluminium-foil-heavy-duty,https://cdn0.woolworths.media/content/wowproductimages/medium/252785.jpg,2020-09-20 15:36:09,,0,,True
8c72fb72-003d-4558-bb4a-32a0f0f6df06,Woolworths Supermarket,Household,Armada Baking Paper 15m,252787,$2.70,$0.18 / 1M,https://www.woolworths.com.au/shop/productdetails/252787/armada-baking-paper,https://cdn0.woolworths.media/content/wowproductimages/medium/252787.jpg,2020-09-20 15:36:09,,0,,True
7f2626ed-a899-427f-97a5-f290d0cf2f30,Woolworths Supermarket,Household,Bonds Socks Mens Logo Lowcut Size 6-10 3pk,253619,$14.00,$4.67 / 1EA,https://www.woolworths.com.au/shop/productdetails/253619/bonds-socks-mens-logo-lowcut-size-6-10,https://cdn0.woolworths.media/content/wowproductimages/medium/253619.jpg,2020-09-20 15:36:09,,0,Designs may vary,True
c2b35d7b-f9d0-4a3d-af9a-85f6647a69d5,Woolworths Supermarket,Household,Bonds Womens Socks Logo Low Cut Logo Size 3-8 3 pack,253620,$14.00,$4.67 / 1EA,https://www.woolworths.com.au/shop/productdetails/253620/bonds-womens-socks-logo-low-cut-logo-size-3-8,https://cdn0.woolworths.media/content/wowproductimages/medium/253620.jpg,2020-09-20 15:36:09,,0,Designs may vary,True
44b7827b-9d01-48e9-916d-d97af749565b,Woolworths Supermarket,Household,Bonds Kids Socks Lowcut Logo 9 - 12 3 pack,253621,$11.50,$3.83 / 1EA,https://www.woolworths.com.au/shop/productdetails/253621/bonds-kids-socks-lowcut-logo-9-12,https://cdn0.woolworths.media/content/wowproductimages/medium/253621.jpg,2020-09-20 15:36:09,,0,Designs may vary,True
f72b7379-4984-4ada-9ebc-e49a40b5c7fe,Woolworths Supermarket,Household,Bonds Kids Socks Lowcut Logo 13 - 3 3 pack,253625,$11.50,$3.83 / 1EA,https://www.woolworths.com.au/shop/productdetails/253625/bonds-kids-socks-lowcut-logo-13-3,https://cdn0.woolworths.media/content/wowproductimages/medium/253625.jpg,2020-09-20 15:36:09,,0,Designs may vary,True
bf5a26ad-7674-4ac4-bdfc-514801371900,Woolworths Supermarket,Household,Papermate Liquid Paper Correction Tape I-mini 3 pack,254216,$4.90,,https://www.woolworths.com.au/shop/productdetails/254216/papermate-liquid-paper-correction-tape-i-mini,https://cdn0.woolworths.media/content/wowproductimages/medium/254216.jpg,2020-09-20 15:36:09,,0,,True
108fb214-af49-4449-8a9c-966734a17940,Woolworths Supermarket,Household,Homebrand Pool Salt 10kg,254380,$5.49,$0.55 / 1KG,https://www.woolworths.com.au/shop/productdetails/254380/homebrand-pool-salt,https://cdn0.woolworths.media/content/wowproductimages/medium/254380.jpg,2020-09-20 15:36:09,,0,,True
495d8a95-50d8-4ddf-b83f-fbad66eb41ce,Woolworths Supermarket,Household,Eveready Value Battery Charger each,254593,$21.00,,https://www.woolworths.com.au/shop/productdetails/254593/eveready-value-battery-charger,https://cdn0.woolworths.media/content/wowproductimages/medium/254593.jpg,2020-09-20 15:36:09,,0,,True
1852ead8-9151-410a-979b-5f11b559eca5,Woolworths Supermarket,Household,Selleys Bbq Accessory Tough Wipes 12 pack,254843,$5.75,$0.48 / 1EA,https://www.woolworths.com.au/shop/productdetails/254843/selleys-bbq-accessory-tough-wipes,https://cdn0.woolworths.media/content/wowproductimages/medium/254843.jpg,2020-09-20 15:36:09,,0,,True
0619e964-4d9d-463b-8572-71bf5aa45b0d,Woolworths Supermarket,Household,Earth Choice Fabric Softener 1l,255373,$2.00,$2.00 / 1L,https://www.woolworths.com.au/shop/productdetails/255373/earth-choice-fabric-softener,https://cdn0.woolworths.media/content/wowproductimages/medium/255373.jpg,2020-09-20 15:36:09,,0,,True
b2bf8736-b28d-4f1c-9585-0277922b7580,Woolworths Supermarket,Household,Cuddly Aroma Collections Fabric Softener Sachet Relaxing 300ml,255404,$2.69,$8.97 / 1L,https://www.woolworths.com.au/shop/productdetails/255404/cuddly-aroma-collections-fabric-softener-sachet-relaxing,https://cdn0.woolworths.media/content/wowproductimages/medium/255404.jpg,2020-09-20 15:36:09,,0,2 for $5.00 $8.33/1L,True
8abe650f-08d7-4efe-83ce-7e8d12998317,Woolworths Supermarket,Household,Fluffy Fabric Softener Conditioner Sachet Summer Breeze 250ml,255411,$1.80,$7.20 / 1L,https://www.woolworths.com.au/shop/productdetails/255411/fluffy-fabric-softener-conditioner-sachet-summer-breeze,https://cdn0.woolworths.media/content/wowproductimages/medium/255411.jpg,2020-09-20 15:36:09,,0,,True
e649c383-e25c-4925-8caa-ca9972afa95d,Woolworths Supermarket,Household,Woman's Day Superpuzzler each,255690,$5.20,,https://www.woolworths.com.au/shop/productdetails/255690/woman-s-day-superpuzzler,https://cdn0.woolworths.media/content/wowproductimages/medium/255690.jpg,2020-09-20 15:36:09,,0,,True
f7d9fda0-efbc-4af9-b284-6a2b3cf719bc,Woolworths Supermarket,Household,Yates Blitz-em Insect Control Ant Flea & Tick Killer 600g,255885,$12.00,$2.00 / 100G,https://www.woolworths.com.au/shop/productdetails/255885/yates-blitz-em-insect-control-ant-flea-tick-killer,https://cdn0.woolworths.media/content/wowproductimages/medium/255885.jpg,2020-09-20 15:36:09,,0,,True
221e71d2-bb81-4076-9747-770e7d6fccc1,Woolworths Supermarket,Household,Duck Under The Rim Liquid Toilet Cleaner Aqua Burst 50ml,257296,$3.00,$6.00 / 100ML,https://www.woolworths.com.au/shop/productdetails/257296/duck-under-the-rim-liquid-toilet-cleaner-aqua-burst,https://cdn0.woolworths.media/content/wowproductimages/medium/257296.jpg,2020-09-20 15:36:09,,0,Was $3.74 12/06/2017,True
ccd6a4dc-3169-4aa5-8c2a-90f5595d3d35,Woolworths Supermarket,Household,Duck Protection Plus Toilet Cleaner Liquid Refill Aqua Burst 2x50ml,257299,$5.50,$5.50 / 100ML,https://www.woolworths.com.au/shop/productdetails/257299/duck-protection-plus-toilet-cleaner-liquid-refill-aqua-burst,https://cdn0.woolworths.media/content/wowproductimages/medium/257299.jpg,2020-09-20 15:36:09,,0,Was $6.76 12/06/2017,True
4b5281c6-b0d0-4c5f-966b-1de5887c5286,Woolworths Supermarket,Household,Vileda Mop Supermocio Extra Long Refill each,257518,$12.50,,https://www.woolworths.com.au/shop/productdetails/257518/vileda-mop-supermocio-extra-long-refill,https://cdn0.woolworths.media/content/wowproductimages/medium/257518.jpg,2020-09-20 15:36:09,,0,,True
0f047c36-1df3-486d-aa92-4aefe8aaffcb,Woolworths Supermarket,Household,Ansell Gloves Hyflex Medium each,257536,$7.00,$7.00 / 1EA,https://www.woolworths.com.au/shop/productdetails/257536/ansell-gloves-hyflex-medium,https://cdn0.woolworths.media/content/wowproductimages/medium/257536.jpg,2020-09-20 15:36:09,,0,Was $7.29 19/11/2018,True
49c6c5b9-3416-4a48-b324-d4982ace9b8a,Woolworths Supermarket,Household,Bonds Mens Underwear Hipster Brief Medium 5 pack,257599,$27.00,$5.40 / 1EA,https://www.woolworths.com.au/shop/productdetails/257599/bonds-mens-underwear-hipster-brief-medium,https://cdn0.woolworths.media/content/wowproductimages/medium/257599.jpg,2020-09-20 15:36:09,,0,Designs may vary,True
a65b3166-c844-45b5-b29b-e48660214f1d,Woolworths Supermarket,Household,Bonds Mens Underwear Hipster Brief Large 5 pack,257600,$27.00,$5.40 / 1EA,https://www.woolworths.com.au/shop/productdetails/257600/bonds-mens-underwear-hipster-brief-large,https://cdn0.woolworths.media/content/wowproductimages/medium/257600.jpg,2020-09-20 15:36:09,,0,Designs may vary,True
6df5800c-7179-48c0-a3b3-bb8edcbe62e8,Woolworths Supermarket,Household,Bonds Mens Underwear Hipster Brief X Large 5 pack,257601,$27.00,$5.40 / 1EA,https://www.woolworths.com.au/shop/productdetails/257601/bonds-mens-underwear-hipster-brief-x-large,https://cdn0.woolworths.media/content/wowproductimages/medium/257601.jpg,2020-09-20 15:36:09,,0,Designs may vary,True
070575b7-088c-4518-93c5-f0c3663f6a58,Woolworths Supermarket,Household,Bonds Mens Underwear Hipster Brief Xx Large 5 pack,257602,$27.00,$5.40 / 1EA,https://www.woolworths.com.au/shop/productdetails/257602/bonds-mens-underwear-hipster-brief-xx-large,https://cdn0.woolworths.media/content/wowproductimages/medium/257602.jpg,2020-09-20 15:36:09,,0,Designs may vary,True
10f5bc33-8afa-4ff4-b1d2-f9fdb9795a1f,Woolworths Supermarket,Household,Diabetic Living Magazine each,257831,$8.50,,https://www.woolworths.com.au/shop/productdetails/257831/diabetic-living-magazine,https://cdn0.woolworths.media/content/wowproductimages/medium/257831.jpg,2020-09-20 15:36:09,,0,,True
0f1c22f8-7a04-410d-b23d-766a9823d1e3,Woolworths Supermarket,Household,Kiwi Shoe Care Cream Leather Neutral 50ml,257834,$6.00,$12.00 / 100G,https://www.woolworths.com.au/shop/productdetails/257834/kiwi-shoe-care-cream-leather-neutral,https://cdn0.woolworths.media/content/wowproductimages/medium/257834.jpg,2020-09-20 15:36:09,,0,,True
5b707f73-6b8e-4289-8f54-6c79bad416bd,Woolworths Supermarket,Household,Just Cars Magazine each,257855,$7.25,,https://www.woolworths.com.au/shop/productdetails/257855/just-cars-magazine,https://cdn0.woolworths.media/content/wowproductimages/medium/257855.jpg,2020-09-20 15:36:09,,0,,True
38c85b10-fa42-4197-85b6-f181d742ce66,Woolworths Supermarket,Household,White King Mould & Scum Remover Lemon 500ml,258166,$4.50,$0.90 / 100ML,https://www.woolworths.com.au/shop/productdetails/258166/white-king-mould-scum-remover-lemon,https://cdn0.woolworths.media/content/wowproductimages/medium/258166.jpg,2020-09-20 15:36:09,,0,Was $5.20 15/01/2018,True
02886b61-274e-431d-be3d-e2d7ac8e563e,Woolworths Supermarket,Household,3m Command Picture Hanging Strips Medium White 4 pairs,258224,$7.00,$1.75 / 1EA,https://www.woolworths.com.au/shop/productdetails/258224/3m-command-picture-hanging-strips-medium-white,https://cdn0.woolworths.media/content/wowproductimages/medium/258224.jpg,2020-09-20 15:36:09,,0,,True
93d8bc9e-4e68-4a7e-a5b7-6a0b31e7c634,Woolworths Supermarket,Household,Culinare Easican Kitchen Gadget Can Opener each,258561,$10.00,,https://www.woolworths.com.au/shop/productdetails/258561/culinare-easican-kitchen-gadget-can-opener,https://cdn0.woolworths.media/content/wowproductimages/medium/258561.jpg,2020-09-20 15:36:09,,0,,True
d0063652-3a57-4844-9769-969bd0b8df62,Woolworths Supermarket,Household,Essentials Plain Opaque Knee High Black One Size 3 pack,258639,$7.00,,https://www.woolworths.com.au/shop/productdetails/258639/essentials-plain-opaque-knee-high-black-one-size,https://cdn0.woolworths.media/content/wowproductimages/medium/258639.jpg,2020-09-20 15:36:09,,0,,True
9fcf19e4-8870-4ef9-bdec-cff14f1dfffd,Woolworths Supermarket,Household,Aware Sensitive Top & Front Loader Laundry Powder 1.5kg,259046,$6.75,$4.50 / 1KG,https://www.woolworths.com.au/shop/productdetails/259046/aware-sensitive-top-front-loader-laundry-powder,https://cdn0.woolworths.media/content/wowproductimages/medium/259046.jpg,2020-09-20 15:36:09,,0,Was $8.80 12/06/2017,True
75a52056-2ce6-4ced-b3f7-2aedb310ac47,Woolworths Supermarket,Household,Cuddly Concentrate Fabric Softener Aroma Collections Lavender 500ml,259130,$5.00,$10.00 / 1L,https://www.woolworths.com.au/shop/productdetails/259130/cuddly-concentrate-fabric-softener-aroma-collections-lavender,https://cdn0.woolworths.media/content/wowproductimages/medium/259130.jpg,2020-09-20 15:36:09,,0,,True
bf7c3114-cefe-4f95-8bd4-fdb978c97b8f,Woolworths Supermarket,Household,Armor All Car Care Wax & Polish High Performance 500ml,259440,$15.50,$3.10 / 100ML,https://www.woolworths.com.au/shop/productdetails/259440/armor-all-car-care-wax-polish-high-performance,https://cdn0.woolworths.media/content/wowproductimages/medium/259440.jpg,2020-09-20 15:36:09,,0,,True
0b5a097d-f880-40e4-919d-7a84f4329542,Woolworths Supermarket,Household,Energizer Aaa Rechargable Batteries 850mah 4 pack,259635,$23.50,$5.88 / 1EA,https://www.woolworths.com.au/shop/productdetails/259635/energizer-aaa-rechargable-batteries-850mah,https://cdn0.woolworths.media/content/wowproductimages/medium/259635.jpg,2020-09-20 15:36:09,,0,,True
fe33e7cf-51f0-4089-a6c1-9544a29bd6b1,Woolworths Supermarket,Household,Energizer Aa Rechargable Batteries 4 pack,259645,$23.50,$5.88 / 1EA,https://www.woolworths.com.au/shop/productdetails/259645/energizer-aa-rechargable-batteries,https://cdn0.woolworths.media/content/wowproductimages/medium/259645.jpg,2020-09-20 15:36:09,,0,,True
394656e2-1dc2-45c8-8018-16b54e8bfdee,Woolworths Supermarket,Household,Energizer Lithium Button Batteries 2025 2 pack,260150,$6.00,$3.00 / 1EA,https://www.woolworths.com.au/shop/productdetails/260150/energizer-lithium-button-batteries-2025,https://cdn0.woolworths.media/content/wowproductimages/medium/260150.jpg,2020-09-20 15:36:09,,0,,True
78c17caa-51b1-45c4-bb4d-3e120d2feb3f,Woolworths Supermarket,Household,Naturale 100% Recycled Paper Towel 2ply 2 pack,260479,$2.50,$1.79 / 100SS,https://www.woolworths.com.au/shop/productdetails/260479/naturale-100-recycled-paper-towel-2ply,https://cdn0.woolworths.media/content/wowproductimages/medium/260479.jpg,2020-09-20 15:36:09,,0,,True
22fc6860-8cd3-4c68-9075-d94a81081221,Woolworths Supermarket,Household,Finish Dishwashing Rinse Aid Liquid Regular 500ml,260703,$9.00,$1.80 / 100ML,https://www.woolworths.com.au/shop/productdetails/260703/finish-dishwashing-rinse-aid-liquid-regular,https://cdn0.woolworths.media/content/wowproductimages/medium/260703.jpg,2020-09-20 15:36:09,,0,,True
2d843fa5-ec05-4de1-870f-c05f5420a7d7,Woolworths Supermarket,Household,Philips Circular Fluoro Tube 32w each,262021,$12.50,,https://www.woolworths.com.au/shop/productdetails/262021/philips-circular-fluoro-tube-32w,https://cdn0.woolworths.media/content/wowproductimages/medium/262021.jpg,2020-09-20 15:36:09,,0,,True
5910e3b9-983b-432f-83c3-ca124342f40d,Woolworths Supermarket,Household,Philips Halogen G9 Capsule 40w 2 pack,262022,$5.50,$2.75 / 1EA,https://www.woolworths.com.au/shop/productdetails/262022/philips-halogen-g9-capsule-40w,https://cdn0.woolworths.media/content/wowproductimages/medium/262022.jpg,2020-09-20 15:36:09,,0,,True
b179031e-f855-47d7-937c-88a3cbc14f9a,Woolworths Supermarket,Household,Chux Heavy Duty Scourer Sponge 2 pack,262066,$4.00,$2.00 / 1EA,https://www.woolworths.com.au/shop/productdetails/262066/chux-heavy-duty-scourer-sponge,https://cdn0.woolworths.media/content/wowproductimages/medium/262066.jpg,2020-09-20 15:36:09,,0,,True
67287744-1343-4174-b51a-45defa2c528d,Woolworths Supermarket,Household,Chevron Super Heavy Duty Lantern 6v each,262163,$5.00,,https://www.woolworths.com.au/shop/productdetails/262163/chevron-super-heavy-duty-lantern-6v,https://cdn0.woolworths.media/content/wowproductimages/medium/262163.jpg,2020-09-20 15:36:09,,0,,True
2cc63c1a-a046-4f1a-9157-1cc98a4fa448,Woolworths Supermarket,Household,Chevron Aa Batteries Alkaline 10 pack,262173,$5.50,$0.55 / 1EA,https://www.woolworths.com.au/shop/productdetails/262173/chevron-aa-batteries-alkaline,https://cdn0.woolworths.media/content/wowproductimages/medium/262173.jpg,2020-09-20 15:36:09,,0,,True
aa5336ac-b491-4fc5-a339-fcfbbf7ff747,Woolworths Supermarket,Household,Chevron Aaa Batteries Alkaline 10 pack,262176,$5.50,$0.55 / 1EA,https://www.woolworths.com.au/shop/productdetails/262176/chevron-aaa-batteries-alkaline,https://cdn0.woolworths.media/content/wowproductimages/medium/262176.jpg,2020-09-20 15:36:09,,0,,True
94836c6d-857b-4fb4-a523-310da2eb8756,Woolworths Supermarket,Household,Chevron 9v Battery Alkaline 2 pack,262177,$4.00,$2.00 / 1EA,https://www.woolworths.com.au/shop/productdetails/262177/chevron-9v-battery-alkaline,https://cdn0.woolworths.media/content/wowproductimages/medium/262177.jpg,2020-09-20 15:36:09,,0,,True
a4776559-6497-4a52-9a6f-5af85ce1fc86,Woolworths Supermarket,Household,Bic Kids Triangular Colouring Pencils 12 pack,262384,$4.25,,https://www.woolworths.com.au/shop/productdetails/262384/bic-kids-triangular-colouring-pencils,https://cdn0.woolworths.media/content/wowproductimages/medium/262384.jpg,2020-09-20 15:36:09,,0,,True
73ff01d2-9467-4fe0-96cc-02d64a791170,Woolworths Supermarket,Household,Lectric Inwash & Soaker Washing Soda 1kg,263093,$3.99,$3.99 / 1KG,https://www.woolworths.com.au/shop/productdetails/263093/lectric-inwash-soaker-washing-soda,https://cdn0.woolworths.media/content/wowproductimages/medium/263093.jpg,2020-09-20 15:36:09,,0,,True
1d297b0b-7545-435e-87d7-55aff80efe2b,Woolworths Supermarket,Household,Hello! Magazine each,266370,$7.99,,https://www.woolworths.com.au/shop/productdetails/266370/hello-magazine,https://cdn0.woolworths.media/content/wowproductimages/medium/266370.jpg,2020-09-20 15:36:09,,0,,True
9a334644-df87-4f86-8ed8-ecb4ec769734,Woolworths Supermarket,Household,Deeko Bowls Plastic 20 pack,267094,$4.80,$0.24 / 1EA,https://www.woolworths.com.au/shop/productdetails/267094/deeko-bowls-plastic,https://cdn0.woolworths.media/content/wowproductimages/medium/267094.jpg,2020-09-20 15:36:09,,0,,True
85f56d8a-45e5-4171-b25f-f79ef9ae696b,Woolworths Supermarket,Household,Aerogard Insect Repellent Odourless Pump Spray 175ml,267449,$8.50,$4.86 / 100ML,https://www.woolworths.com.au/shop/productdetails/267449/aerogard-insect-repellent-odourless-pump-spray,https://cdn0.woolworths.media/content/wowproductimages/medium/267449.jpg,2020-09-20 15:36:09,,0,,True
9145eebc-3e08-41a5-8e62-c494f17ee1a3,Woolworths Supermarket,Household,Hovex Insect Control Moth Trap Pantry 2 pack,267562,$10.00,$5.00 / 1EA,https://www.woolworths.com.au/shop/productdetails/267562/hovex-insect-control-moth-trap-pantry,https://cdn0.woolworths.media/content/wowproductimages/medium/267562.jpg,2020-09-20 15:36:09,,0,Was $11.75 14/08/2017,True
8e7957e1-3c2c-4ed7-bac1-6358548f971d,Woolworths Supermarket,Household,Chevron Type C Batteries 4 pack,268125,$5.00,$1.25 / 1EA,https://www.woolworths.com.au/shop/productdetails/268125/chevron-type-c-batteries,https://cdn0.woolworths.media/content/wowproductimages/medium/268125.jpg,2020-09-20 15:36:09,,0,,True
00d4e01a-7038-49ad-8893-08e12cd3f6d2,Woolworths Supermarket,Household,Chevron Type D Batteries 4 pack,268127,$5.00,$1.25 / 1EA,https://www.woolworths.com.au/shop/productdetails/268127/chevron-type-d-batteries,https://cdn0.woolworths.media/content/wowproductimages/medium/268127.jpg,2020-09-20 15:36:09,,0,,True
5c823b5a-41ae-4a4d-b58d-903301c285ce,Woolworths Supermarket,Household,Bic Kids Colouring Pencils 12 pack,269054,$3.20,,https://www.woolworths.com.au/shop/productdetails/269054/bic-kids-colouring-pencils,https://cdn0.woolworths.media/content/wowproductimages/medium/269054.jpg,2020-09-20 15:36:09,,0,,True
798b3d22-920d-4cc0-b91e-493f4a3b32d2,Woolworths Supermarket,Household,Woolworths Bbq Foil Tray Large 2 pack,269417,$5.00,$2.50 / 1EA,https://www.woolworths.com.au/shop/productdetails/269417/woolworths-bbq-foil-tray-large,https://cdn0.woolworths.media/content/wowproductimages/medium/269417.jpg,2020-09-20 15:36:09,,0,,True
4b40fc8f-058f-42c8-9649-6c69b5b1d5e7,Woolworths Supermarket,Household,No Vac Sanitiser & Deodoriser Carpet Fresh Pet 290g,272457,$4.90,$1.69 / 100G,https://www.woolworths.com.au/shop/productdetails/272457/no-vac-sanitiser-deodoriser-carpet-fresh-pet,https://cdn0.woolworths.media/content/wowproductimages/medium/272457.jpg,2020-09-20 15:36:09,,0,,True
3b1798ff-a5ad-43c9-aa25-9148a7b360f5,Woolworths Supermarket,Household,Kiwi Shoe Care Boot Laces Black each,272564,$2.90,,https://www.woolworths.com.au/shop/productdetails/272564/kiwi-shoe-care-boot-laces-black,https://cdn0.woolworths.media/content/wowproductimages/medium/272564.jpg,2020-09-20 15:36:09,,0,,True
cc0815df-c47b-4d3f-abab-d779b3c44a3d,Woolworths Supermarket,Household,Pledge Lemon Extra Care 330ml,272602,$4.50,$1.36 / 100ML,https://www.woolworths.com.au/shop/productdetails/272602/pledge-lemon-extra-care,https://cdn0.woolworths.media/content/wowproductimages/medium/272602.jpg,2020-09-20 15:36:09,,0,Was $4.99 23/04/2018,True
89128e1d-e60c-45c1-a7eb-fc03812b50d8,Woolworths Supermarket,Household,Ecostore Auto Dishwashing Powder 1kg,272765,$9.00,$0.90 / 100G,https://www.woolworths.com.au/shop/productdetails/272765/ecostore-auto-dishwashing-powder,https://cdn0.woolworths.media/content/wowproductimages/medium/272765.jpg,2020-09-20 15:36:09,,0,,True
39828763-b6c1-4127-a02d-336c9860e00a,Woolworths Supermarket,Household,Palmolive Regular Dishwashing Liquid Original Tough On Grease 750ml,273026,$3.50,$0.47 / 100ML,https://www.woolworths.com.au/shop/productdetails/273026/palmolive-regular-dishwashing-liquid-original-tough-on-grease,https://cdn0.woolworths.media/content/wowproductimages/medium/273026.jpg,2020-09-20 15:36:09,,0,Was $4.00 19/06/2017,True
d683f2d2-c037-4133-8206-4748e6244f8c,Woolworths Supermarket,Household,Master Lock Padlock Economy 2 pack,277051,$10.00,$5.00 / 1EA,https://www.woolworths.com.au/shop/productdetails/277051/master-lock-padlock-economy,https://cdn0.woolworths.media/content/wowproductimages/medium/277051.jpg,2020-09-20 15:36:09,,0,,True
c1cef644-e627-4eef-bc06-a160b0fd3203,Woolworths Supermarket,Household,Selleys No More Gaps 320g,277069,$10.00,$3.13 / 100G,https://www.woolworths.com.au/shop/productdetails/277069/selleys-no-more-gaps,https://cdn0.woolworths.media/content/wowproductimages/medium/277069.jpg,2020-09-20 15:36:09,,0,,True
2ae3fbdc-d672-48b9-920d-5a38076a8727,Woolworths Supermarket,Household,Master Lock Padlock 20mm Combination Lock 2 pack,277114,$15.95,$7.98 / 1EA,https://www.woolworths.com.au/shop/productdetails/277114/master-lock-padlock-20mm-combination-lock,https://cdn0.woolworths.media/content/wowproductimages/medium/277114.jpg,2020-09-20 15:36:09,,0,,True
f4d727c7-9fcf-427a-a628-fcae0ef8726a,Woolworths Supermarket,Household,Waxworks Insect Control Citronella Oil 1l,278875,$5.75,$0.58 / 100ML,https://www.woolworths.com.au/shop/productdetails/278875/waxworks-insect-control-citronella-oil,https://cdn0.woolworths.media/content/wowproductimages/medium/278875.jpg,2020-09-20 15:36:09,,0,,True
df93c0bb-9e96-41e8-8a5f-79f6696dc92f,Woolworths Supermarket,Household,Strike Aerosol Disinfectant Hospital Grade Marine Fresh 300g,279742,$4.00,$1.33 / 100G,https://www.woolworths.com.au/shop/productdetails/279742/strike-aerosol-disinfectant-hospital-grade-marine-fresh,https://cdn0.woolworths.media/content/wowproductimages/medium/279742.jpg,2020-09-20 15:36:09,Average product rating out of 5: 4.1. Product score is based on 368 ratings,368,,True
d60cd506-6f69-4e0b-af61-4d09c16984e6,Woolworths Supermarket,Household,Morning Fresh Dishwashing Liquid Lime 900ml,280546,$3.75,$0.42 / 100ML,https://www.woolworths.com.au/shop/productdetails/280546/morning-fresh-dishwashing-liquid-lime,https://cdn0.woolworths.media/content/wowproductimages/medium/280546.jpg,2020-09-20 15:36:09,,0,,True
72e5854b-bb8e-4e47-b59e-06a739e7d576,Woolworths Supermarket,Household,Bonds Mens Socks 1/4 Crew Sports Size 6-10 3 pack,282533,$14.00,$4.67 / 1EA,https://www.woolworths.com.au/shop/productdetails/282533/bonds-mens-socks-1-4-crew-sports-size-6-10,https://cdn0.woolworths.media/content/wowproductimages/medium/282533.jpg,2020-09-20 15:36:09,,0,Designs may vary,True
25c4dcc1-e39d-4179-bd86-931285f67565,Woolworths Supermarket,Household,Bonds Kids Socks Logo Sport 1/4 Size 13-3 3 pack,282581,$12.00,$4.00 / 1EA,https://www.woolworths.com.au/shop/productdetails/282581/bonds-kids-socks-logo-sport-1-4-size-13-3,https://cdn0.woolworths.media/content/wowproductimages/medium/282581.jpg,2020-09-20 15:36:09,,0,Designs may vary,True
aa4c4a99-272f-49bd-844d-04e8e409c393,Woolworths Supermarket,Household,Bonds Kids Socks Logo Sport 1/4 Size 9-12 3 pack,282583,$12.00,$4.00 / 1EA,https://www.woolworths.com.au/shop/productdetails/282583/bonds-kids-socks-logo-sport-1-4-size-9-12,https://cdn0.woolworths.media/content/wowproductimages/medium/282583.jpg,2020-09-20 15:36:09,,0,Designs may vary,True
fc0303fd-e037-4472-8bf7-cec2832ab556,Woolworths Supermarket,Household,Bonds Womens Socks Logo 1/4 Sports Size 3-8 3 pack,282756,$14.00,$4.67 / 1EA,https://www.woolworths.com.au/shop/productdetails/282756/bonds-womens-socks-logo-1-4-sports-size-3-8,https://cdn0.woolworths.media/content/wowproductimages/medium/282756.jpg,2020-09-20 15:36:09,,0,Designs may vary,True
354e8e78-49ec-427d-b3f2-eb8e9338646e,Woolworths Supermarket,Household,4x4 Magazines each,283009,$14.95,,https://www.woolworths.com.au/shop/productdetails/283009/4x4-magazines,https://cdn0.woolworths.media/content/wowproductimages/medium/283009.jpg,2020-09-20 15:36:09,,0,,True
54be8e32-4d58-4628-be9b-ca29098fba82,Woolworths Supermarket,Household,Pilot Frixion Ballpoint Pen Medium Blue each,283063,$3.25,,https://www.woolworths.com.au/shop/productdetails/283063/pilot-frixion-ballpoint-pen-medium-blue,https://cdn0.woolworths.media/content/wowproductimages/medium/283063.jpg,2020-09-20 15:36:09,,0,,True
32406ed0-020a-4559-b7ff-12c8095dba95,Woolworths Supermarket,Household,Pilot Frixion Ballpoint Pen Medium Black each,283064,$3.25,,https://www.woolworths.com.au/shop/productdetails/283064/pilot-frixion-ballpoint-pen-medium-black,https://cdn0.woolworths.media/content/wowproductimages/medium/283064.jpg,2020-09-20 15:36:09,,0,,True
38dbf0bd-c5e2-42d1-8ab9-48dad8ea86c6,Woolworths Supermarket,Household,Papermate Kilometrico Pen Black 10 pack,283092,$4.50,,https://www.woolworths.com.au/shop/productdetails/283092/papermate-kilometrico-pen-black,https://cdn0.woolworths.media/content/wowproductimages/medium/283092.jpg,2020-09-20 15:36:09,,0,,True
6775472c-9827-477a-b62d-4196915dd8b1,Woolworths Supermarket,Household,Papermate Correction Liquid Paper White 2 pack,283096,$4.50,,https://www.woolworths.com.au/shop/productdetails/283096/papermate-correction-liquid-paper-white,https://cdn0.woolworths.media/content/wowproductimages/medium/283096.jpg,2020-09-20 15:36:09,,0,,True
762c889e-312b-43ad-84eb-350aa2ea88fd,Woolworths Supermarket,Household,Papermate Profile Pen Blue 2 pack,283098,$5.20,$2.60 / 1EA,https://www.woolworths.com.au/shop/productdetails/283098/papermate-profile-pen-blue,https://cdn0.woolworths.media/content/wowproductimages/medium/283098.jpg,2020-09-20 15:36:09,,0,,True
5bfd4f09-b5a4-4807-acd0-94f0c272427e,Woolworths Supermarket,Household,Sharpie Cd Marker Fine Black 2 pack,283104,$5.00,,https://www.woolworths.com.au/shop/productdetails/283104/sharpie-cd-marker-fine-black,https://cdn0.woolworths.media/content/wowproductimages/medium/283104.jpg,2020-09-20 15:36:09,,0,,True
e8a0686f-67e7-4932-8e6a-e93c748578a1,Woolworths Supermarket,Household,Bonds Womens Socks Logo Low Cut Size 8-11 3 pack,283174,$14.00,$4.67 / 1EA,https://www.woolworths.com.au/shop/productdetails/283174/bonds-womens-socks-logo-low-cut-size-8-11,https://cdn0.woolworths.media/content/wowproductimages/medium/283174.jpg,2020-09-20 15:36:09,,0,Designs may vary,True
ccc4c163-e949-4887-8796-e2a3390c7af5,Woolworths Supermarket,Household,Bonds Socks Mens Logo Lowcut Size 11-14 3 pack,283176,,,https://www.woolworths.com.au/shop/productdetails/283176/bonds-socks-mens-logo-lowcut-size-11-14,https://cdn0.woolworths.media/content/wowproductimages/medium/283176.jpg,2020-09-20 15:36:09,,0,Designs may vary,False
b65d7e63-4cc4-4721-8e00-cae4039e6f3f,Woolworths Supermarket,Household,Armor All Car Care Large Sponge each,292701,$3.10,$3.10 / 1EA,https://www.woolworths.com.au/shop/productdetails/292701/armor-all-car-care-large-sponge,https://cdn0.woolworths.media/content/wowproductimages/medium/292701.jpg,2020-09-20 15:36:09,,0,,True
b028df99-7eb9-4830-b751-b008748597ba,Woolworths Supermarket,Household,Essentials Domestic Wipes 30 pack,293058,$2.79,$0.09 / 1EA,https://www.woolworths.com.au/shop/productdetails/293058/essentials-domestic-wipes,https://cdn0.woolworths.media/content/wowproductimages/medium/293058.jpg,2020-09-20 15:36:09,,0,,True
2de72610-c0c3-41be-b95b-9804dcc0a99f,Woolworths Supermarket,Household,Cuddly Concentrate Fabric Softener Conditioner Soft & Sensitive 500ml,295088,$5.00,$10.00 / 1L,https://www.woolworths.com.au/shop/productdetails/295088/cuddly-concentrate-fabric-softener-conditioner-soft-sensitive,https://cdn0.woolworths.media/content/wowproductimages/medium/295088.jpg,2020-09-20 15:36:09,,0,,True
0b461215-3727-4f51-8f9b-c18b5f775a08,Woolworths Supermarket,Household,White King Bleach Lavender All Purpose 2.5l,295510,$4.25,$1.70 / 1L,https://www.woolworths.com.au/shop/productdetails/295510/white-king-bleach-lavender-all-purpose,https://cdn0.woolworths.media/content/wowproductimages/medium/295510.jpg,2020-09-20 15:36:09,,0,,True
9366c2ce-c2cd-4dc1-82fa-2e02bc7e4444,Woolworths Supermarket,Household,Strike Floor Wipes 20 pack,296082,,,https://www.woolworths.com.au/shop/productdetails/296082/strike-floor-wipes,https://cdn0.woolworths.media/content/wowproductimages/medium/296082.jpg,2020-09-20 15:36:09,,0,,False
9c6ddcdf-36b8-49b9-973c-bc4bd238702e,Woolworths Supermarket,Household,Clio Invisible Band Knee High Black One Size each,297046,$3.00,,https://www.woolworths.com.au/shop/productdetails/297046/clio-invisible-band-knee-high-black-one-size,https://cdn0.woolworths.media/content/wowproductimages/medium/297046.jpg,2020-09-20 15:36:09,,0,,True
114f1b28-50cb-436e-9a81-f94db610361d,Woolworths Supermarket,Household,Clio Invisible Band Knee High Natural One Size each,297047,$3.00,,https://www.woolworths.com.au/shop/productdetails/297047/clio-invisible-band-knee-high-natural-one-size,https://cdn0.woolworths.media/content/wowproductimages/medium/297047.jpg,2020-09-20 15:36:09,,0,,True
23886216-933a-40bd-8b26-599d4a3cdda0,Woolworths Supermarket,Household,Easy-off Bam Bathroom Cleaner With Bleach 500ml,297464,$4.00,$0.80 / 100ML,https://www.woolworths.com.au/shop/productdetails/297464/easy-off-bam-bathroom-cleaner-with-bleach,https://cdn0.woolworths.media/content/wowproductimages/medium/297464.jpg,2020-09-20 15:36:09,,0,,True
96c38a3c-7598-4538-ab70-2b25acaae5d6,Woolworths Supermarket,Household,Ansell Handy Clean Gloves Disposable 100 pack,298083,$18.00,$0.18 / 1EA,https://www.woolworths.com.au/shop/productdetails/298083/ansell-handy-clean-gloves-disposable,https://cdn0.woolworths.media/content/wowproductimages/medium/298083.jpg,2020-09-20 15:36:09,,0,,True
9d57053b-7c77-44cd-a4c8-3eae900fab3f,Woolworths Supermarket,Household,Selleys Quick Fix Adhesive Supa Glue Control Bottle 3g,298791,$6.50,$216.67 / 100G,https://www.woolworths.com.au/shop/productdetails/298791/selleys-quick-fix-adhesive-supa-glue-control-bottle,https://cdn0.woolworths.media/content/wowproductimages/medium/298791.jpg,2020-09-20 15:36:09,,0,,True
49827b31-65de-44bb-973e-07faae9e6f86,Woolworths Supermarket,Household,Glad Baking Paper 25m,299138,$6.00,$0.24 / 1M,https://www.woolworths.com.au/shop/productdetails/299138/glad-baking-paper,https://cdn0.woolworths.media/content/wowproductimages/medium/299138.jpg,2020-09-20 15:36:09,,0,,True
0f895596-e60d-4a6a-a2d7-b778dcd66664,Woolworths Supermarket,Household,Energizer Button Battery Bp1 357 each,300313,$6.00,$6.00 / 1EA,https://www.woolworths.com.au/shop/productdetails/300313/energizer-button-battery-bp1-357,https://cdn0.woolworths.media/content/wowproductimages/medium/300313.jpg,2020-09-20 15:36:09,,0,,True
bd1d3d14-405d-442d-b9ea-4f328be05f76,Woolworths Supermarket,Household,Jackson Surge Protected Double Adaptor - Vertical Style each,300330,$8.00,,https://www.woolworths.com.au/shop/productdetails/300330/jackson-surge-protected-double-adaptor-vertical-style,https://cdn0.woolworths.media/content/wowproductimages/medium/300330.jpg,2020-09-20 15:36:09,,0,,True
b42fca9e-724b-4b22-a67f-a829ad17c8e6,Woolworths Supermarket,Household,Eveready Aaa Rechargable Batteries 4 pack,301095,$17.00,$4.25 / 1EA,https://www.woolworths.com.au/shop/productdetails/301095/eveready-aaa-rechargable-batteries,https://cdn0.woolworths.media/content/wowproductimages/medium/301095.jpg,2020-09-20 15:36:09,,0,,True
4e058dd0-7f94-4fd0-a952-da82c98005ca,Woolworths Supermarket,Household,Talon Rat & Mouse Baits Killer 6 Pellet Trays 150g,301780,$7.05,$4.70 / 100G,https://www.woolworths.com.au/shop/productdetails/301780/talon-rat-mouse-baits-killer-6-pellet-trays,https://cdn0.woolworths.media/content/wowproductimages/medium/301780.jpg,2020-09-20 15:36:09,,0,,True
8673a935-7b47-400f-ad2e-e78563726a57,Woolworths Supermarket,Household,Eveready Aa Rechargable Batteries 4 pack,303386,$17.00,$4.25 / 1EA,https://www.woolworths.com.au/shop/productdetails/303386/eveready-aa-rechargable-batteries,https://cdn0.woolworths.media/content/wowproductimages/medium/303386.jpg,2020-09-20 15:36:09,,0,,True
4819a150-ae9b-48f1-b983-1ddf2a54af14,Woolworths Supermarket,Household,Xstreem 9 Led Flashlight With Pouch each,304304,$13.00,,https://www.woolworths.com.au/shop/productdetails/304304/xstreem-9-led-flashlight-with-pouch,https://cdn0.woolworths.media/content/wowproductimages/medium/304304.jpg,2020-09-20 15:36:09,,0,,True
3091cf7c-d3cc-4e1f-bb06-1f849bf7fe18,Woolworths Supermarket,Household,Master Lock Padlock Economy 30mm 2 pack,305149,$16.00,$8.00 / 1EA,https://www.woolworths.com.au/shop/productdetails/305149/master-lock-padlock-economy-30mm,https://cdn0.woolworths.media/content/wowproductimages/medium/305149.jpg,2020-09-20 15:36:09,,0,,True
64c1de9a-a314-4b2c-89b1-46395cb654b9,Woolworths Supermarket,Household,Master Lock Padlock Diamond 40mm each,305158,$16.00,,https://www.woolworths.com.au/shop/productdetails/305158/master-lock-padlock-diamond-40mm,https://cdn0.woolworths.media/content/wowproductimages/medium/305158.jpg,2020-09-20 15:36:09,,0,,True
1e2698c2-8e4d-491c-85fc-924e067ad587,Woolworths Supermarket,Household,Armada Cling Wrap 33cm x 60m,305390,$3.00,$0.05 / 1M,https://www.woolworths.com.au/shop/productdetails/305390/armada-cling-wrap,https://cdn0.woolworths.media/content/wowproductimages/medium/305390.jpg,2020-09-20 15:36:09,Average product rating out of 5: 4.3. Product score is based on 184 ratings,184,,True
d24c7eb6-81a7-4e75-9e02-05d82e8b317c,Woolworths Supermarket,Household,Dymo Letratag Tape Refill Paper 2 pack,305889,,,https://www.woolworths.com.au/shop/productdetails/305889/dymo-letratag-tape-refill-paper,https://cdn0.woolworths.media/content/wowproductimages/medium/305889.jpg,2020-09-20 15:36:09,,0,,False
5e3de2e8-c0e5-417c-8ac8-1df884163ed6,Woolworths Supermarket,Household,Culinare Magican Auto Can Opener each,307244,$18.00,,https://www.woolworths.com.au/shop/productdetails/307244/culinare-magican-auto-can-opener,https://cdn0.woolworths.media/content/wowproductimages/medium/307244.jpg,2020-09-20 15:36:09,,0,,True
767a4ffc-398f-4396-9657-54c3403f6f2d,Woolworths Supermarket,Household,Scotch-brite Heavy Duty Foam Scourer 3x Longer 4 pack,307480,$4.50,$1.13 / 1EA,https://www.woolworths.com.au/shop/productdetails/307480/scotch-brite-heavy-duty-foam-scourer-3x-longer,https://cdn0.woolworths.media/content/wowproductimages/medium/307480.jpg,2020-09-20 15:36:09,,0,2 for $7.00,True
f5e07813-ca99-4564-920e-33d783e8f7de,Woolworths Supermarket,Household,Orange Power Manual Spray Air Freshener Lime & Orange 125ml,308009,$4.20,$0.34 / 10ML,https://www.woolworths.com.au/shop/productdetails/308009/orange-power-manual-spray-air-freshener-lime-orange,https://cdn0.woolworths.media/content/wowproductimages/medium/308009.jpg,2020-09-20 15:36:09,,0,,True
c081cbed-fb40-41c9-b9a3-889b66492221,Woolworths Supermarket,Household,White King Power Clean Toilet Cleaner Bleach Gel Lemon 700ml,308052,$4.60,$0.66 / 100ML,https://www.woolworths.com.au/shop/productdetails/308052/white-king-power-clean-toilet-cleaner-bleach-gel-lemon,https://cdn0.woolworths.media/content/wowproductimages/medium/308052.jpg,2020-09-20 15:36:09,,0,,True
da66fa77-62f8-4ffe-8f4e-fcf26503be6f,Woolworths Supermarket,Household,Glad Cling Wrap 90m,309127,$5.50,$0.06 / 1M,https://www.woolworths.com.au/shop/productdetails/309127/glad-cling-wrap,https://cdn0.woolworths.media/content/wowproductimages/medium/309127.jpg,2020-09-20 15:36:09,,0,Was $6.20 21/05/2017,True
01467468-9eb6-4518-85d3-ead347271d9b,Woolworths Supermarket,Household,Decor Microsafe Rice Cooker & Veg Steamer 2.75l,309391,$10.00,,https://www.woolworths.com.au/shop/productdetails/309391/decor-microsafe-rice-cooker-veg-steamer,https://cdn0.woolworths.media/content/wowproductimages/medium/309391.jpg,2020-09-20 15:36:09,,0,,True
f08f5215-59f1-4537-9adf-c382925692eb,Woolworths Supermarket,Household,Sistema Coolers Maxi Fold Up Lunch each,310586,$5.00,,https://www.woolworths.com.au/shop/productdetails/310586/sistema-coolers-maxi-fold-up-lunch,https://cdn0.woolworths.media/content/wowproductimages/medium/310586.jpg,2020-09-20 15:36:09,,0,Designs may vary,True
b729fe56-2144-4256-b8c7-8471af3b3753,Woolworths Supermarket,Household,Sharpie Cd Marker Fine 4 Colour 4 pack,310770,$10.00,,https://www.woolworths.com.au/shop/productdetails/310770/sharpie-cd-marker-fine-4-colour,https://cdn0.woolworths.media/content/wowproductimages/medium/310770.jpg,2020-09-20 15:36:09,,0,,True
e7a47e58-7852-4c52-a3a1-c04ff1eaa827,Woolworths Supermarket,Household,Sharpie Marker Fine Black each,310775,$5.50,,https://www.woolworths.com.au/shop/productdetails/310775/sharpie-marker-fine-black,https://cdn0.woolworths.media/content/wowproductimages/medium/310775.jpg,2020-09-20 15:36:09,,0,,True
f69b0bfb-efa7-411e-a5ad-d93a9d65c098,Woolworths Supermarket,Household,Raid Night&day Primary Control Fly & Mosquito Protection each,311072,$9.00,$9.00 / 1EA,https://www.woolworths.com.au/shop/productdetails/311072/raid-night-day-primary-control-fly-mosquito-protection,https://cdn0.woolworths.media/content/wowproductimages/medium/311072.jpg,2020-09-20 15:36:09,,0,Was $10.49 09/10/2017,True
7a7ac02d-a0fa-47d1-9601-12f8515ae29a,Woolworths Supermarket,Household,Pilot Frixion Ballpoint Pen Medium Assorted each,313199,$3.25,,https://www.woolworths.com.au/shop/productdetails/313199/pilot-frixion-ballpoint-pen-medium-assorted,https://cdn0.woolworths.media/content/wowproductimages/medium/313199.jpg,2020-09-20 15:36:09,,0,,True
eba2ef30-7d32-4ab2-9b7e-ad12f77e84f1,Woolworths Supermarket,Household,Essentials Dishwashing Liquid 1l,314502,$0.99,$0.10 / 100ML,https://www.woolworths.com.au/shop/productdetails/314502/essentials-dishwashing-liquid,https://cdn0.woolworths.media/content/wowproductimages/medium/314502.jpg,2020-09-20 15:36:09,Average product rating out of 5: 3.2. Product score is based on 181 ratings,181,,True
58b2300f-91fc-4fa7-ad75-6203ef077efc,Woolworths Supermarket,Household,Queen's Slipper Favour Playing Cards Poker each,315165,$6.00,,https://www.woolworths.com.au/shop/productdetails/315165/queen-s-slipper-favour-playing-cards-poker,https://cdn0.woolworths.media/content/wowproductimages/medium/315165.jpg,2020-09-20 15:36:09,,0,,True
faac4a52-8383-4664-a1ed-56ee6786abd8,Woolworths Supermarket,Household,Woolworths Notebook 64 Pages 3 pack,315226,$2.50,,https://www.woolworths.com.au/shop/productdetails/315226/woolworths-notebook-64-pages,https://cdn0.woolworths.media/content/wowproductimages/medium/315226.jpg,2020-09-20 15:36:09,,0,,True
5e1742a2-5ee8-4346-9f37-13501aebfdb0,Woolworths Supermarket,Household,Woolworths Binder Folder A4 128 Pages 3 pack,315229,$5.00,,https://www.woolworths.com.au/shop/productdetails/315229/woolworths-binder-folder-a4-128-pages,https://cdn0.woolworths.media/content/wowproductimages/medium/315229.jpg,2020-09-20 15:36:09,,0,,True
cc2ea8ed-9bd1-45e6-90fb-109aaabdb895,Woolworths Supermarket,Household,Fluffy Tumble Dryer Sheets Field Flowers Long Lasting Fragrance 40 pack,317201,$6.69,$0.17 / 1EA,https://www.woolworths.com.au/shop/productdetails/317201/fluffy-tumble-dryer-sheets-field-flowers-long-lasting-fragrance,https://cdn0.woolworths.media/content/wowproductimages/medium/317201.jpg,2020-09-20 15:36:09,,0,,True
8a79af41-7052-4ad6-b5be-34a4b37bc8f4,Woolworths Supermarket,Household,Sorbent Facial Tissues 4ply Pocket Pack 6 pack,317491,$1.40,$2.33 / 100SS,https://www.woolworths.com.au/shop/productdetails/317491/sorbent-facial-tissues-4ply-pocket-pack,https://cdn0.woolworths.media/content/wowproductimages/medium/317491.jpg,2020-09-20 15:36:09,,0,,True
c745cf2b-c291-4e0a-a0c4-dce04bbc2817,Woolworths Supermarket,Household,Brita Maxtra Water Filter 3 pack,317517,$25.00,$8.33 / 1EA,https://www.woolworths.com.au/shop/productdetails/317517/brita-maxtra-water-filter,https://cdn0.woolworths.media/content/wowproductimages/medium/317517.jpg,2020-09-20 15:36:09,,0,,True
e2067265-920c-4de0-bb45-6a7d39176d86,Woolworths Supermarket,Household,Kleenex Facial Tissues Aloe Vera 140 pack,032969,$3.00,$2.14 / 100SS,https://www.woolworths.com.au/shop/productdetails/32969/kleenex-facial-tissues-aloe-vera,https://cdn0.woolworths.media/content/wowproductimages/medium/032969.jpg,2020-09-20 15:36:09,,0,Was $3.85 20/01/2020,True
b539d58a-b5f7-4f88-af2b-466b0aedf7d5,Woolworths Supermarket,Household,Viva Paper Towel White 3 pack,249921,$4.00,$2.22 / 100SS,https://www.woolworths.com.au/shop/productdetails/249921/viva-paper-towel-white,https://cdn0.woolworths.media/content/wowproductimages/medium/249921.jpg,2020-09-20 15:36:09,,0,Was $4.90 26/10/2017,True
faf122da-5af8-4b01-88ab-5c6d9b67459f,Woolworths Supermarket,Household,Viva Paper Towel White 2 pack,176852,$1.75,$1.46 / 100SS,https://www.woolworths.com.au/shop/productdetails/176852/viva-paper-towel-white,https://cdn0.woolworths.media/content/wowproductimages/medium/176852.jpg,2020-09-20 15:36:09,,0,,True
5222f3ae-eb9a-4782-b52a-2b1e5bc39170,Woolworths Supermarket,Household,Finish Dishwashing Rinse Aid Liquid Regular 250ml,034222,$3.00,$1.20 / 100ML,https://www.woolworths.com.au/shop/productdetails/34222/finish-dishwashing-rinse-aid-liquid-regular,https://cdn0.woolworths.media/content/wowproductimages/medium/034222.jpg,2020-09-20 15:36:09,,0,,True
51c72e21-b208-47e6-89c9-6b0c52d46b10,Woolworths Supermarket,Household,White King Power Clean Toilet Cleaner Bleach Gel Eucalyptus 700ml,326335,$4.60,$0.66 / 100ML,https://www.woolworths.com.au/shop/productdetails/326335/white-king-power-clean-toilet-cleaner-bleach-gel-eucalyptus,https://cdn0.woolworths.media/content/wowproductimages/medium/326335.jpg,2020-09-20 15:36:09,,0,,True
ed741404-f028-46c2-93e4-4c8be0e2e84c,Woolworths Supermarket,Household,White King Mould & Scum Remover Lemon 500ml,258166,$4.50,$0.90 / 100ML,https://www.woolworths.com.au/shop/productdetails/258166/white-king-mould-scum-remover-lemon,https://cdn0.woolworths.media/content/wowproductimages/medium/258166.jpg,2020-09-20 15:36:09,,0,Was $5.20 15/01/2018,True
b11a23b3-c307-4047-bd48-a971d756e369,Woolworths Supermarket,Household,Cold Power Advanced Clean 1l,088675,$5.50,$5.50 / 1L,https://www.woolworths.com.au/shop/productdetails/88675/cold-power-advanced-clean,https://cdn0.woolworths.media/content/wowproductimages/medium/088675.jpg,2020-09-20 15:36:09,,0,,True
3d9a8776-9941-4a66-9b13-aa3c9ba8cfd6,Woolworths Supermarket,Household,Omo Ultimate Laundry Detergent Powder Front & Top Loader 5kg,430629,$30.00,$6.00 / 1KG,https://www.woolworths.com.au/shop/productdetails/430629/omo-ultimate-laundry-detergent-powder-front-top-loader,https://cdn0.woolworths.media/content/wowproductimages/medium/430629.jpg,2020-09-20 15:36:09,,0,,True
3125cb79-2aac-4371-805a-5c2b09aabeac,Woolworths Supermarket,Household,Magic Washing Machine Cleaner Sachets 2x100g,743805,$9.45,$47.25 / 1KG,https://www.woolworths.com.au/shop/productdetails/743805/magic-washing-machine-cleaner-sachets,https://cdn0.woolworths.media/content/wowproductimages/medium/743805.jpg,2020-09-20 15:36:09,,0,,True
f3f4fc19-51a8-4969-9287-ee7aa2a1c78e,Woolworths Supermarket,Household,Multix Easy Tear Off Freezer Bags Medium 80 pack,035460,$2.40,$0.03 / 1EA,https://www.woolworths.com.au/shop/productdetails/35460/multix-easy-tear-off-freezer-bags-medium,https://cdn0.woolworths.media/content/wowproductimages/medium/035460.jpg,2020-09-20 15:36:09,,0,,True
873e22ed-4955-41d5-b6f7-0f3b00ef0232,Woolworths Supermarket,Household,Morning Fresh Dishwashing Liquid Lemon Super Strength 900ml,208111,$3.75,$0.42 / 100ML,https://www.woolworths.com.au/shop/productdetails/208111/morning-fresh-dishwashing-liquid-lemon-super-strength,https://cdn0.woolworths.media/content/wowproductimages/medium/208111.jpg,2020-09-20 15:36:09,,0,,True
b60b2ae6-b6d4-4659-81ed-0d674406432e,Woolworths Supermarket,Household,Soften Concentrated Fabric Softener Oriental Kiss 1l,563025,$3.80,$3.80 / 1L,https://www.woolworths.com.au/shop/productdetails/563025/soften-concentrated-fabric-softener-oriental-kiss,https://cdn0.woolworths.media/content/wowproductimages/medium/563025.jpg,2020-09-20 15:36:09,Average product rating out of 5: 4.2. Product score is based on 504 ratings,504,,True
21210d50-dfe7-4a4e-acc4-4a752bb8bf06,Woolworths Supermarket,Household,Purity Sensitive Fabric Softener 2l,088869,$6.00,$3.00 / 1L,https://www.woolworths.com.au/shop/productdetails/88869/purity-sensitive-fabric-softener,https://cdn0.woolworths.media/content/wowproductimages/medium/088869.jpg,2020-09-20 15:36:09,,0,,True
60927fbb-5745-4f61-9904-a86b7d9d24a9,Woolworths Supermarket,Household,Quilton Gold 4 Ply Tissues Aloe Vera 100 pack,644240,$2.20,$2.20 / 100SS,https://www.woolworths.com.au/shop/productdetails/644240/quilton-gold-4-ply-tissues-aloe-vera,https://cdn0.woolworths.media/content/wowproductimages/medium/644240.jpg,2020-09-20 15:36:09,,0,,True
1417ff04-8a58-4919-9c27-4fcc6cd985f8,Woolworths Supermarket,Household,Omo Sensitive Laundry Detergent Powder Front & Top Loader 2kg,471182,$11.00,$5.50 / 1KG,https://www.woolworths.com.au/shop/productdetails/471182/omo-sensitive-laundry-detergent-powder-front-top-loader,https://cdn0.woolworths.media/content/wowproductimages/medium/471182.jpg,2020-09-20 15:36:09,,0,,True
eb66a65a-a74c-4e05-af9a-cb4f72391cab,Woolworths Supermarket,Household,Windex Multi-purpose Surface & Glass Cleaner Mountain Fresh 750ml,012413,$4.80,$0.64 / 100ML,https://www.woolworths.com.au/shop/productdetails/12413/windex-multi-purpose-surface-glass-cleaner-mountain-fresh,https://cdn0.woolworths.media/content/wowproductimages/medium/012413.jpg,2020-09-20 15:36:09,,0,,True
a73056c8-6da7-469a-88f6-43cdcb96d7c7,Woolworths Supermarket,Household,Essentials Laundry Liquid 2l,047621,$1.49,$0.75 / 1L,https://www.woolworths.com.au/shop/productdetails/47621/essentials-laundry-liquid,https://cdn0.woolworths.media/content/wowproductimages/medium/047621.jpg,2020-09-20 15:36:09,Average product rating out of 5: 3.8. Product score is based on 547 ratings,547,,True
24e4a55a-8b83-4115-9f4f-e7084dfa0858,Woolworths Supermarket,Household,Chevron Alkaline Aa 24 pack,683404,$10.00,$0.42 / 1EA,https://www.woolworths.com.au/shop/productdetails/683404/chevron-alkaline-aa,https://cdn0.woolworths.media/content/wowproductimages/medium/683404.jpg,2020-09-20 15:36:09,,0,,True
f80cb77f-04dd-40ba-b19e-c38004a11306,Woolworths Supermarket,Household,Omo Active Clean Laundry Detergent Washing Powder 2kg,430650,$11.00,$5.50 / 1KG,https://www.woolworths.com.au/shop/productdetails/430650/omo-active-clean-laundry-detergent-washing-powder,https://cdn0.woolworths.media/content/wowproductimages/medium/430650.jpg,2020-09-20 15:36:09,,0,,True
d4591a32-c9d4-4d2b-9f33-66d00542b112,Woolworths Supermarket,Household,Quilton Tuffy Paper Towel Triple Length 2 pack,785317,$6.00,$1.67 / 100SS,https://www.woolworths.com.au/shop/productdetails/785317/quilton-tuffy-paper-towel-triple-length,https://cdn0.woolworths.media/content/wowproductimages/medium/785317.jpg,2020-09-20 15:36:09,,0,Was $6.80 06/07/2020,True
69b5577d-4cd9-4c3d-a813-1787234d39cf,Woolworths Supermarket,Household,Frankie Magazine each,317567,$11.95,,https://www.woolworths.com.au/shop/productdetails/317567/frankie-magazine,https://cdn0.woolworths.media/content/wowproductimages/medium/317567.jpg,2020-09-20 15:36:09,,0,,True
dad3df4d-2970-4f1c-967f-5634b26c54f4,Woolworths Supermarket,Household,Quilton Facial Tissue White 3ply 55ss White 3ply each,318338,$2.00,$3.64 / 100SS,https://www.woolworths.com.au/shop/productdetails/318338/quilton-facial-tissue-white-3ply-55ss-white-3ply,https://cdn0.woolworths.media/content/wowproductimages/medium/318338.jpg,2020-09-20 15:36:09,,0,,True
425cd20c-1196-424d-9bd2-8065ee23c6e7,Woolworths Supermarket,Household,Selleys Adhesive Shoe Glue 50ml,318560,$7.00,$14.00 / 100ML,https://www.woolworths.com.au/shop/productdetails/318560/selleys-adhesive-shoe-glue,https://cdn0.woolworths.media/content/wowproductimages/medium/318560.jpg,2020-09-20 15:36:09,,0,,True
386acad7-f790-41f9-9139-0023b2dd2cb6,Woolworths Supermarket,Household,Razzamatazz Body Contour Pantyhose Opaque Tights 70 Denier each,318975,$12.00,,https://www.woolworths.com.au/shop/productdetails/318975/razzamatazz-body-contour-pantyhose-opaque-tights-70-denier,https://cdn0.woolworths.media/content/wowproductimages/medium/318975.jpg,2020-09-20 15:36:09,,0,,True
8fd9b086-6edb-4c79-b82a-f4f27eb9dd15,Woolworths Supermarket,Household,Razzamatazz Body Contour Pantyhose Opaque Tights 70d Tall-x-tall each,318976,$12.00,,https://www.woolworths.com.au/shop/productdetails/318976/razzamatazz-body-contour-pantyhose-opaque-tights-70d-tall-x-tall,https://cdn0.woolworths.media/content/wowproductimages/medium/318976.jpg,2020-09-20 15:36:09,,0,,True
045bdfe5-de47-4dcf-8abe-71bc98cfb46d,Woolworths Supermarket,Household,Dettol Glen 20 Spray Disinfectant Country Scent 375g,319745,$9.85,$2.63 / 100G,https://www.woolworths.com.au/shop/productdetails/319745/dettol-glen-20-spray-disinfectant-country-scent,https://cdn0.woolworths.media/content/wowproductimages/medium/319745.jpg,2020-09-20 15:36:09,,0,,True
97f2313e-5b4f-4256-8d2d-59f1597eba1d,Woolworths Supermarket,Household,Essentials Paper Towel 1 Ply 100ss 2 pack,320867,$1.70,$0.85 / 100SS,https://www.woolworths.com.au/shop/productdetails/320867/essentials-paper-towel-1-ply-100ss,https://cdn0.woolworths.media/content/wowproductimages/medium/320867.jpg,2020-09-20 15:36:09,Average product rating out of 5: 3.1. Product score is based on 439 ratings,439,,True
93145985-b7db-454a-96ef-74c3455c3218,Woolworths Supermarket,Household,Mr Clean Car Care Miracle Carwash Pad each,320892,$6.50,,https://www.woolworths.com.au/shop/productdetails/320892/mr-clean-car-care-miracle-carwash-pad,https://cdn0.woolworths.media/content/wowproductimages/medium/320892.jpg,2020-09-20 15:36:09,,0,,True
e07a2f7f-f28b-4c13-b787-6d89a5adf6a9,Woolworths Supermarket,Household,Mr Clean Car Care Wheel Detailing Brush each,320895,$5.50,,https://www.woolworths.com.au/shop/productdetails/320895/mr-clean-car-care-wheel-detailing-brush,https://cdn0.woolworths.media/content/wowproductimages/medium/320895.jpg,2020-09-20 15:36:09,,0,,True
10f549ab-cc88-40a8-9774-2475798c8014,Woolworths Supermarket,Household,3m Command Medium Hooks Value Pack 6 pack,321007,$13.50,$2.25 / 1EA,https://www.woolworths.com.au/shop/productdetails/321007/3m-command-medium-hooks-value-pack,https://cdn0.woolworths.media/content/wowproductimages/medium/321007.jpg,2020-09-20 15:36:09,,0,,True
bdb09fa6-912b-4f6a-a553-744d8225d91b,Woolworths Supermarket,Household,Essentials Toilet Tissue 1ply White 1000sheets each,321780,$1.15,$0.12 / 100SS,https://www.woolworths.com.au/shop/productdetails/321780/essentials-toilet-tissue-1ply-white-1000sheets,https://cdn0.woolworths.media/content/wowproductimages/medium/321780.jpg,2020-09-20 15:36:09,,0,,True
9bcaa087-3c4e-4023-93d4-cad4a41d1351,Woolworths Supermarket,Household,Ozkleen Oven Cleaner Power Kit each,322104,$8.70,$8.70 / 1EA,https://www.woolworths.com.au/shop/productdetails/322104/ozkleen-oven-cleaner-power-kit,https://cdn0.woolworths.media/content/wowproductimages/medium/322104.jpg,2020-09-20 15:36:09,,0,,True
b748b85e-6f3f-4c05-af6f-a3330b2e6db2,Woolworths Supermarket,Household,Eveready Dolphin 6v Lantern Batteries each,322135,$11.00,,https://www.woolworths.com.au/shop/productdetails/322135/eveready-dolphin-6v-lantern-batteries,https://cdn0.woolworths.media/content/wowproductimages/medium/322135.jpg,2020-09-20 15:36:09,,0,,True
3c8dd7b9-b650-4f2b-b56c-f1d758137fe1,Woolworths Supermarket,Household,Essentials Plastic Tumblers Small 25 pack,323173,$2.00,$0.08 / 1EA,https://www.woolworths.com.au/shop/productdetails/323173/essentials-plastic-tumblers-small,https://cdn0.woolworths.media/content/wowproductimages/medium/323173.jpg,2020-09-20 15:36:09,,0,,True
25cad34b-2f0c-46f9-837a-f6a6d24b955d,Woolworths Supermarket,Household,Essentials Plastic Bowls White 50 pack,323175,$5.00,$0.10 / 1EA,https://www.woolworths.com.au/shop/productdetails/323175/essentials-plastic-bowls-white,https://cdn0.woolworths.media/content/wowproductimages/medium/323175.jpg,2020-09-20 15:36:09,,0,,True
6bd56b2b-8217-4da0-9f15-27911cbe2261,Woolworths Supermarket,Household,Armada Plastic Plates White 50 pack,323176,$6.00,$0.12 / 1EA,https://www.woolworths.com.au/shop/productdetails/323176/armada-plastic-plates-white,https://cdn0.woolworths.media/content/wowproductimages/medium/323176.jpg,2020-09-20 15:36:09,,0,,True
4953ef06-1375-416b-a07b-1140be82a74b,Woolworths Supermarket,Household,Vileda Cleaning Cloth Sponge Super Absorbent 3 pack,324215,$4.00,$1.33 / 1EA,https://www.woolworths.com.au/shop/productdetails/324215/vileda-cleaning-cloth-sponge-super-absorbent,https://cdn0.woolworths.media/content/wowproductimages/medium/324215.jpg,2020-09-20 15:36:09,,0,,True
c69245f3-94fa-4eb4-850d-56383ef2ea85,Woolworths Supermarket,Household,Vileda Mop Extra Long Cotton each,325111,$12.00,,https://www.woolworths.com.au/shop/productdetails/325111/vileda-mop-extra-long-cotton,https://cdn0.woolworths.media/content/wowproductimages/medium/325111.jpg,2020-09-20 15:36:09,,0,,True
e2ef3a2f-36eb-4ab6-b70d-7f43074feb87,Woolworths Supermarket,Household,Essentials Candle Pillar 150mm X 70mm each,325112,$4.60,,https://www.woolworths.com.au/shop/productdetails/325112/essentials-candle-pillar-150mm-x-70mm,https://cdn0.woolworths.media/content/wowproductimages/medium/325112.jpg,2020-09-20 15:36:09,,0,,True
5485c70a-ec44-4adf-b4d2-574a59f47870,Woolworths Supermarket,Household,Vileda Mop Extra Long Cotton Refill each,325114,$8.50,,https://www.woolworths.com.au/shop/productdetails/325114/vileda-mop-extra-long-cotton-refill,https://cdn0.woolworths.media/content/wowproductimages/medium/325114.jpg,2020-09-20 15:36:09,,0,,True
0781d85b-f14b-4650-9cc6-f5883b2499a8,Woolworths Supermarket,Household,Vileda Broom Millet each,325119,$18.00,,https://www.woolworths.com.au/shop/productdetails/325119/vileda-broom-millet,https://cdn0.woolworths.media/content/wowproductimages/medium/325119.jpg,2020-09-20 15:36:09,,0,Was $19.49 19/11/2018,True
cc531063-d822-4c65-a816-a8fec6b97a3b,Woolworths Supermarket,Household,White King Power Clean Toilet Cleaner Bleach Gel Eucalyptus 700ml,326335,$4.60,$0.66 / 100ML,https://www.woolworths.com.au/shop/productdetails/326335/white-king-power-clean-toilet-cleaner-bleach-gel-eucalyptus,https://cdn0.woolworths.media/content/wowproductimages/medium/326335.jpg,2020-09-20 15:36:09,,0,,True
2adde851-ee54-4b8c-ac86-e7eb5541eef0,Woolworths Supermarket,Household,Air Wick Plug-in Air Freshener Vanilla Refill 2x19ml,326669,$9.99,$2.38 / 10ML,https://www.woolworths.com.au/shop/productdetails/326669/air-wick-plug-in-air-freshener-vanilla-refill,https://cdn0.woolworths.media/content/wowproductimages/medium/326669.jpg,2020-09-20 15:36:09,,0,,True
efefa713-8452-4f6c-8c68-0c364632a296,Woolworths Supermarket,Household,Jackson Protected Powerboard W Master Switch And Long 3 Metre Lead each,327043,$28.00,,https://www.woolworths.com.au/shop/productdetails/327043/jackson-protected-powerboard-w-master-switch-and-long-3-metre-lead,https://cdn0.woolworths.media/content/wowproductimages/medium/327043.jpg,2020-09-20 15:36:09,,0,,True
813ff6e0-0813-4156-840f-ba67e1db6864,Woolworths Supermarket,Household,Earth Choice Shower Cleaner 600ml,328458,$4.00,$0.67 / 100ML,https://www.woolworths.com.au/shop/productdetails/328458/earth-choice-shower-cleaner,https://cdn0.woolworths.media/content/wowproductimages/medium/328458.jpg,2020-09-20 15:36:09,,0,,True
159db1b8-2726-4cf6-aaf7-5ed504575e04,Woolworths Supermarket,Household,Vevelle Toilet Tissue 3ply 190 Sheet 8 pack,329919,$3.70,$0.24 / 100SS,https://www.woolworths.com.au/shop/productdetails/329919/vevelle-toilet-tissue-3ply-190-sheet,https://cdn0.woolworths.media/content/wowproductimages/medium/329919.jpg,2020-09-20 15:36:09,,0,,True
5b6a3e3f-043b-428d-b89d-12aeabec845f,Woolworths Supermarket,Household,Vevelle Toilet Tissue 3ply 190 Sheet 24 pack,329923,$8.50,$0.19 / 100SS,https://www.woolworths.com.au/shop/productdetails/329923/vevelle-toilet-tissue-3ply-190-sheet,https://cdn0.woolworths.media/content/wowproductimages/medium/329923.jpg,2020-09-20 15:36:09,Average product rating out of 5: 4.7. Product score is based on 25 ratings,25,,True
b1cff19c-b580-4bb1-b751-e86b445ef4f3,Woolworths Supermarket,Household,Papermate Correction Tape Grip each,330476,$5.50,,https://www.woolworths.com.au/shop/productdetails/330476/papermate-correction-tape-grip,https://cdn0.woolworths.media/content/wowproductimages/medium/330476.jpg,2020-09-20 15:36:09,,0,,True
da606604-26d2-429b-98a3-04ef344e3763,Woolworths Supermarket,Household,Glen 20 Disinfectant Spray Citrus Breeze 300g,331029,$8.00,$2.67 / 100G,https://www.woolworths.com.au/shop/productdetails/331029/glen-20-disinfectant-spray-citrus-breeze,https://cdn0.woolworths.media/content/wowproductimages/medium/331029.jpg,2020-09-20 15:36:09,,0,,True
bc95bdbc-6167-400a-9abc-137556e0dc8f,Woolworths Supermarket,Household,Sharpie Rub-a-dub Laundry Marker each,331219,$2.10,,https://www.woolworths.com.au/shop/productdetails/331219/sharpie-rub-a-dub-laundry-marker,https://cdn0.woolworths.media/content/wowproductimages/medium/331219.jpg,2020-09-20 15:36:09,,0,,True
80e71e49-8180-413b-9f98-60304134a94e,Woolworths Supermarket,Household,Energizer Metal Led Flashlight 2 Aa each,332129,$14.99,,https://www.woolworths.com.au/shop/productdetails/332129/energizer-metal-led-flashlight-2-aa,https://cdn0.woolworths.media/content/wowproductimages/medium/332129.jpg,2020-09-20 15:36:09,,0,,True
75296491-8b25-4263-bccd-fdc0e024a865,Woolworths Supermarket,Household,Post-it Super Sticky Notes Note 102x148 each,333084,$6.00,,https://www.woolworths.com.au/shop/productdetails/333084/post-it-super-sticky-notes-note-102x148,https://cdn0.woolworths.media/content/wowproductimages/medium/333084.jpg,2020-09-20 15:36:09,,0,,True
68529228-2c12-44a0-b87e-3a494dfc57b8,Woolworths Supermarket,Household,Post-it Super Sticky Jewel Pop Pad 3 pack,333113,$5.30,,https://www.woolworths.com.au/shop/productdetails/333113/post-it-super-sticky-jewel-pop-pad,https://cdn0.woolworths.media/content/wowproductimages/medium/333113.jpg,2020-09-20 15:36:09,,0,,True
b7e8ac17-7d71-4cea-aa6f-224394baf4a8,Woolworths Supermarket,Household,Papermate Profile Pen Black 2 pack,333435,$5.20,$2.60 / 1EA,https://www.woolworths.com.au/shop/productdetails/333435/papermate-profile-pen-black,https://cdn0.woolworths.media/content/wowproductimages/medium/333435.jpg,2020-09-20 15:36:09,,0,,True
75141854-c522-4cab-8067-8beb91085878,Woolworths Supermarket,Household,Superior Rubber Bands Size 16 100g,333502,,,https://www.woolworths.com.au/shop/productdetails/333502/superior-rubber-bands-size-16,https://cdn0.woolworths.media/content/wowproductimages/medium/333502.jpg,2020-09-20 15:36:09,,0,,False
a13cb4f3-e18b-47de-8c1c-c9e4cf01e79a,Woolworths Supermarket,Household,Multix Alfoil 30cm X 60m Traditional Strength each,334236,$10.00,$0.17 / 1M,https://www.woolworths.com.au/shop/productdetails/334236/multix-alfoil-30cm-x-60m-traditional-strength,https://cdn0.woolworths.media/content/wowproductimages/medium/334236.jpg,2020-09-20 15:36:09,,0,,True
782f8206-9a1e-4da4-b5dc-86fe5421d984,Woolworths Supermarket,Household,Multix Kitchen Tidy Bags X-large Colour Scents 50l 20pk,334291,$5.00,$0.25 / 1EA,https://www.woolworths.com.au/shop/productdetails/334291/multix-kitchen-tidy-bags-x-large-colour-scents,https://cdn0.woolworths.media/content/wowproductimages/medium/334291.jpg,2020-09-20 15:36:09,,0,,True
ef7e368a-0c10-48f0-b72f-6d65d0e399dc,Woolworths Supermarket,Household,Essentials Plastic Tumblers 200ml 100 pack,335178,$5.00,$0.05 / 1EA,https://www.woolworths.com.au/shop/productdetails/335178/essentials-plastic-tumblers-200ml,https://cdn0.woolworths.media/content/wowproductimages/medium/335178.jpg,2020-09-20 15:36:09,,0,,True
e1d37b81-ee06-4569-ae89-4b0b91621e67,Woolworths Supermarket,Household,Energizer Max Plus/ Advanced Aa Batteries 10 pack,335216,$16.00,$1.60 / 1EA,https://www.woolworths.com.au/shop/productdetails/335216/energizer-max-plus-advanced-aa-batteries,https://cdn0.woolworths.media/content/wowproductimages/medium/335216.jpg,2020-09-20 15:36:09,,0,,True
1ea7e3df-e404-4cf2-adc6-77a8f09c1661,Woolworths Supermarket,Household,Energizer Max Plus/ Advanced Aaa Batteries 10 pack,335219,$16.00,$1.60 / 1EA,https://www.woolworths.com.au/shop/productdetails/335219/energizer-max-plus-advanced-aaa-batteries,https://cdn0.woolworths.media/content/wowproductimages/medium/335219.jpg,2020-09-20 15:36:09,,0,,True
1b906a25-8e79-49eb-b04a-aa2fd4ddbc3f,Woolworths Supermarket,Household,Jackson Protected Powerboard With 2x Usb Charging Outlets each,335441,$22.00,,https://www.woolworths.com.au/shop/productdetails/335441/jackson-protected-powerboard-with-2x-usb-charging-outlets,https://cdn0.woolworths.media/content/wowproductimages/medium/335441.jpg,2020-09-20 15:36:09,,0,,True
b68d6a76-a7f8-4d08-9d07-eb7109440f55,Woolworths Supermarket,Household,Jackson 2 Outlet Usb Charger With Mains Outlet each,335444,$20.00,,https://www.woolworths.com.au/shop/productdetails/335444/jackson-2-outlet-usb-charger-with-mains-outlet,https://cdn0.woolworths.media/content/wowproductimages/medium/335444.jpg,2020-09-20 15:36:09,,0,,True
70290337-f6b5-404c-9fa1-107226dfa912,Woolworths Supermarket,Household,Armada Jumbo Trolley Liner Garbage Bags 4 pack,336010,$0.95,$0.24 / 1EA,https://www.woolworths.com.au/shop/productdetails/336010/armada-jumbo-trolley-liner-garbage-bags,https://cdn0.woolworths.media/content/wowproductimages/medium/336010.jpg,2020-09-20 15:36:09,,0,,True
f152cd08-7561-42b0-a82b-e9076e2e601a,Woolworths Supermarket,Household,White King Inwash & Soaker Oxy Lift Booster 2kg,336045,$8.00,$4.00 / 1KG,https://www.woolworths.com.au/shop/productdetails/336045/white-king-inwash-soaker-oxy-lift-booster,https://cdn0.woolworths.media/content/wowproductimages/medium/336045.jpg,2020-09-20 15:36:09,,0,,True
3bc51ec3-24ff-4318-bfa3-b1ff792cd4fd,Woolworths Supermarket,Household,Raid Night&day Refill Control Fly & Mosquito Protection 4.2g,336353,$13.00,$309.52 / 100G,https://www.woolworths.com.au/shop/productdetails/336353/raid-night-day-refill-control-fly-mosquito-protection,https://cdn0.woolworths.media/content/wowproductimages/medium/336353.jpg,2020-09-20 15:36:09,,0,Was $15.12 09/10/2017,True
d80b1cd4-dbdd-4bd9-af5f-26c948d87837,Woolworths Supermarket,Household,Cuddly Concentrate Fabric Softener Conditioner Sunshine Fresh 1l,336491,$9.00,$9.00 / 1L,https://www.woolworths.com.au/shop/productdetails/336491/cuddly-concentrate-fabric-softener-conditioner-sunshine-fresh,https://cdn0.woolworths.media/content/wowproductimages/medium/336491.jpg,2020-09-20 15:36:09,,0,,True
c6868c34-f871-4679-bafc-31f1b0f211ab,Woolworths Supermarket,Household,Cuddly Concentrate Fabric Softener Conditioner Soft & Sensitive 1l,336493,$9.00,$9.00 / 1L,https://www.woolworths.com.au/shop/productdetails/336493/cuddly-concentrate-fabric-softener-conditioner-soft-sensitive,https://cdn0.woolworths.media/content/wowproductimages/medium/336493.jpg,2020-09-20 15:36:09,,0,,True
f2561599-fc85-4c30-a18e-d4d9b9dd15d1,Woolworths Supermarket,Household,Essentials Toilet Tissue 2ply White 12 pack,337755,$3.65,$0.12 / 100SS,https://www.woolworths.com.au/shop/productdetails/337755/essentials-toilet-tissue-2ply-white,https://cdn0.woolworths.media/content/wowproductimages/medium/337755.jpg,2020-09-20 15:36:09,,0,,True
4f54f617-50f9-4850-bf94-3e3110c8259c,Woolworths Supermarket,Household,Ecostore Ultra Laundry Liquid Eucalyptus 1l,337966,$10.00,$10.00 / 1L,https://www.woolworths.com.au/shop/productdetails/337966/ecostore-ultra-laundry-liquid-eucalyptus,https://cdn0.woolworths.media/content/wowproductimages/medium/337966.jpg,2020-09-20 15:36:09,,0,,True
20ecb1d2-ea23-41d8-87fd-f37028725676,Woolworths Supermarket,Household,Ajax Spray N' Wipe Multipurpose Antibacterial Cleaner Lemon 500ml,339361,$3.00,$0.60 / 100ML,https://www.woolworths.com.au/shop/productdetails/339361/ajax-spray-n-wipe-multipurpose-antibacterial-cleaner-lemon,https://cdn0.woolworths.media/content/wowproductimages/medium/339361.jpg,2020-09-20 15:36:09,,0,,True
04e4f995-3633-4235-97cb-b3b838f2092a,Woolworths Supermarket,Household,Ajax Spray N' Wipe Antibacterial Bathroom Cleaner Fresh 500ml,339362,$3.00,$0.60 / 100ML,https://www.woolworths.com.au/shop/productdetails/339362/ajax-spray-n-wipe-antibacterial-bathroom-cleaner-fresh,https://cdn0.woolworths.media/content/wowproductimages/medium/339362.jpg,2020-09-20 15:36:09,,0,,True
00ea9338-7969-43dc-bffe-2d2b3f20cabb,Woolworths Supermarket,Household,Windex Multi-purpose Surface & Glass Cleaner 750ml,339702,$4.80,$0.64 / 100ML,https://www.woolworths.com.au/shop/productdetails/339702/windex-multi-purpose-surface-glass-cleaner,https://cdn0.woolworths.media/content/wowproductimages/medium/339702.jpg,2020-09-20 15:36:09,,0,,True
67d0d9c7-4ec7-47b2-8e1f-56e5006ea7a1,Woolworths Supermarket,Household,Razzamatazz Pantyhose Control Brazen Medium 2 pack,339809,$6.00,,https://www.woolworths.com.au/shop/productdetails/339809/razzamatazz-pantyhose-control-brazen-medium,https://cdn0.woolworths.media/content/wowproductimages/medium/339809.jpg,2020-09-20 15:36:09,,0,,True
d9b66d35-7356-44e0-acee-59e4f090ec40,Woolworths Supermarket,Household,Razzamatazz Pantyhose Control Brazen Tall 2 pack,339810,$6.00,,https://www.woolworths.com.au/shop/productdetails/339810/razzamatazz-pantyhose-control-brazen-tall,https://cdn0.woolworths.media/content/wowproductimages/medium/339810.jpg,2020-09-20 15:36:09,,0,,True
1bc28f4e-ec97-4b5f-b3b5-17cf95de6d06,Woolworths Supermarket,Household,Razzamatazz Pantyhose Control Brazen X-tall 2 pack,339811,$6.00,,https://www.woolworths.com.au/shop/productdetails/339811/razzamatazz-pantyhose-control-brazen-x-tall,https://cdn0.woolworths.media/content/wowproductimages/medium/339811.jpg,2020-09-20 15:36:09,,0,,True
45425be3-d36d-4112-9b52-7c5ac05be41a,Woolworths Supermarket,Household,Bare Essentials Borax 500g,340015,$4.10,$0.82 / 100G,https://www.woolworths.com.au/shop/productdetails/340015/bare-essentials-borax,https://cdn0.woolworths.media/content/wowproductimages/medium/340015.jpg,2020-09-20 15:36:09,,0,,True
1b4dec87-e324-4cef-bbf9-1e12fdc7eb71,Woolworths Supermarket,Household,Glade Sense & Spray Automatic Spray Air Freshener Clean Lin Refill 12.2g,342185,$5.90,$4.84 / 10G,https://www.woolworths.com.au/shop/productdetails/342185/glade-sense-spray-automatic-spray-air-freshener-clean-lin-refill,https://cdn0.woolworths.media/content/wowproductimages/medium/342185.jpg,2020-09-20 15:36:09,,0,Was $6.25 27/03/2019,True
e3064f8b-1bdb-4985-9723-6d2425fd10a8,Woolworths Supermarket,Household,Maseur Footcare Ultra Sport Women Insole 1 pair,344381,$18.50,,https://www.woolworths.com.au/shop/productdetails/344381/maseur-footcare-ultra-sport-women-insole,https://cdn0.woolworths.media/content/wowproductimages/medium/344381.jpg,2020-09-20 15:36:09,,0,,True
78a9aa60-3d5b-4cac-b266-8f879d41715a,Woolworths Supermarket,Household,Maseur Footcare Ultra Sport Mens Insole 1 pair,344387,$18.50,,https://www.woolworths.com.au/shop/productdetails/344387/maseur-footcare-ultra-sport-mens-insole,https://cdn0.woolworths.media/content/wowproductimages/medium/344387.jpg,2020-09-20 15:36:09,,0,,True
30946fc5-3544-4f1f-888e-bce3665217e9,Woolworths Supermarket,Household,Maseur Footcare Dry Comfort Latex Insole 1 pair,344393,$4.20,,https://www.woolworths.com.au/shop/productdetails/344393/maseur-footcare-dry-comfort-latex-insole,https://cdn0.woolworths.media/content/wowproductimages/medium/344393.jpg,2020-09-20 15:36:09,,0,,True
b2e10259-18c5-4747-8e68-4006b0f18b73,Woolworths Supermarket,Household,Essentials Plastic Dinner Plates Oval 10 pack,344483,$3.00,$0.30 / 1EA,https://www.woolworths.com.au/shop/productdetails/344483/essentials-plastic-dinner-plates-oval,https://cdn0.woolworths.media/content/wowproductimages/medium/344483.jpg,2020-09-20 15:36:09,,0,,True
b69ef9fc-7646-4a60-95cf-de2f79127ce0,Woolworths Supermarket,Household,Essentials Plastic Knives 50 pack,344486,$2.00,$0.04 / 1EA,https://www.woolworths.com.au/shop/productdetails/344486/essentials-plastic-knives,https://cdn0.woolworths.media/content/wowproductimages/medium/344486.jpg,2020-09-20 15:36:09,,0,,True
a23551c7-894e-41e3-a636-5000344e7ac3,Woolworths Supermarket,Household,Essentials Plastic Forks 50 pack,344487,$2.00,$0.04 / 1EA,https://www.woolworths.com.au/shop/productdetails/344487/essentials-plastic-forks,https://cdn0.woolworths.media/content/wowproductimages/medium/344487.jpg,2020-09-20 15:36:09,,0,,True
a3cc625f-df38-4b54-ae2d-dca2dfd3f8ee,Woolworths Supermarket,Household,Finish Dishwasher Cleaner Liquid Lemon 250ml,345982,$4.00,$1.60 / 100ML,https://www.woolworths.com.au/shop/productdetails/345982/finish-dishwasher-cleaner-liquid-lemon,https://cdn0.woolworths.media/content/wowproductimages/medium/345982.jpg,2020-09-20 15:36:09,,0,,True
0f741727-facd-44b6-ab88-049a75c15720,Woolworths Supermarket,Household,Kleenex Anti-bacterial Wet Wipes 15 pack,346539,$2.20,$14.67 / 100SS,https://www.woolworths.com.au/shop/productdetails/346539/kleenex-anti-bacterial-wet-wipes,https://cdn0.woolworths.media/content/wowproductimages/medium/346539.jpg,2020-09-20 15:36:09,,0,,True
1c2f67c5-1202-4be3-9bae-295dde9ec1d1,Woolworths Supermarket,Household,Pink Ribbon Air Freshener Summer Breeze 1pk,346600,$2.50,,https://www.woolworths.com.au/shop/productdetails/346600/pink-ribbon-air-freshener-summer-breeze,https://cdn0.woolworths.media/content/wowproductimages/medium/346600.jpg,2020-09-20 15:36:09,,0,,True
c34883d9-900b-40e3-a535-5050ff1c378a,Woolworths Supermarket,Household,Ansell Handy Fresh Disposable Gloves Medium 24 pack,346656,$6.00,$0.25 / 1EA,https://www.woolworths.com.au/shop/productdetails/346656/ansell-handy-fresh-disposable-gloves-medium,https://cdn0.woolworths.media/content/wowproductimages/medium/346656.jpg,2020-09-20 15:36:09,,0,,True
10b0e776-c51f-4b35-8f4f-3c4e7449f3a6,Woolworths Supermarket,Household,Essentials Plastic Dessert Spoons 50 pack,347806,$2.00,$0.04 / 1EA,https://www.woolworths.com.au/shop/productdetails/347806/essentials-plastic-dessert-spoons,https://cdn0.woolworths.media/content/wowproductimages/medium/347806.jpg,2020-09-20 15:36:09,,0,,True
2fd7321f-4926-4d9b-82cc-48a9030ec639,Woolworths Supermarket,Household,Roundup Garden Weed Killer Fast Action 1l,352344,$21.00,$2.10 / 100ML,https://www.woolworths.com.au/shop/productdetails/352344/roundup-garden-weed-killer-fast-action,https://cdn0.woolworths.media/content/wowproductimages/medium/352344.jpg,2020-09-20 15:36:09,,0,,True
5e2ab179-77a9-48cf-a4f6-b453a949e6be,Woolworths Supermarket,Household,Yates Blitzem Garden Snail & Slug Pellets 500g,352346,,,https://www.woolworths.com.au/shop/productdetails/352346/yates-blitzem-garden-snail-slug-pellets,https://cdn0.woolworths.media/content/wowproductimages/medium/352346.jpg,2020-09-20 15:36:09,,0,,False
c69047f5-ba35-4041-9110-9dd3342e59a7,Woolworths Supermarket,Household,Yates Garden Lawn Weeder 2l,352348,$14.40,$0.72 / 100ML,https://www.woolworths.com.au/shop/productdetails/352348/yates-garden-lawn-weeder,https://cdn0.woolworths.media/content/wowproductimages/medium/352348.jpg,2020-09-20 15:36:09,,0,,True
173c1dc1-0fed-4f51-95f9-b5403f80afdf,Woolworths Supermarket,Household,Vanish Napisan White Stain Remover Powder 2kg,353185,$13.00,$6.50 / 1KG,https://www.woolworths.com.au/shop/productdetails/353185/vanish-napisan-white-stain-remover-powder,https://cdn0.woolworths.media/content/wowproductimages/medium/353185.jpg,2020-09-20 15:36:09,,0,,True
b481bcbd-b67c-4ea8-bab4-c198cdc63bd2,Woolworths Supermarket,Household,Bic 4 Coloured Grip Pen Medium & Fine 2 pack,353447,$4.50,,https://www.woolworths.com.au/shop/productdetails/353447/bic-4-coloured-grip-pen-medium-fine,https://cdn0.woolworths.media/content/wowproductimages/medium/353447.jpg,2020-09-20 15:36:09,,0,,True
b554190a-2ede-4c94-8bad-53cabb676d66,Woolworths Supermarket,Household,Ratsak Baits Fast Action Wax Blocks 6pk,353592,$6.45,$1.08 / 1EA,https://www.woolworths.com.au/shop/productdetails/353592/ratsak-baits-fast-action-wax-blocks,https://cdn0.woolworths.media/content/wowproductimages/medium/353592.jpg,2020-09-20 15:36:09,,0,,True
3554bc2a-46f5-459e-af37-1cb44552a0c8,Woolworths Supermarket,Household,Mortein Insect Spray Low Allergenic Fly & Mosquito Killer 350g,353657,$6.35,$1.81 / 100G,https://www.woolworths.com.au/shop/productdetails/353657/mortein-insect-spray-low-allergenic-fly-mosquito-killer,https://cdn0.woolworths.media/content/wowproductimages/medium/353657.jpg,2020-09-20 15:36:09,,0,Was $6.49 02/09/2019,True
af80a020-0d50-4e57-b566-c5fc312fa26b,Woolworths Supermarket,Household,Odor Eaters Shoe Care Super Sport Foot & Shoe Spray 100g,354418,$7.99,$7.99 / 100G,https://www.woolworths.com.au/shop/productdetails/354418/odor-eaters-shoe-care-super-sport-foot-shoe-spray,https://cdn0.woolworths.media/content/wowproductimages/medium/354418.jpg,2020-09-20 15:36:09,,0,,True
13db0b25-f241-40f7-b445-385068453efc,Woolworths Supermarket,Household,Stabilo Boss Highlighters 4 pack,354504,$8.00,,https://www.woolworths.com.au/shop/productdetails/354504/stabilo-boss-highlighters,https://cdn0.woolworths.media/content/wowproductimages/medium/354504.jpg,2020-09-20 15:36:09,,0,,True
a2a0343f-b2a8-4e88-84bc-aadc06350155,Woolworths Supermarket,Household,Celco Wooden Ruler Metric Drilled 30cm each,354512,$1.10,,https://www.woolworths.com.au/shop/productdetails/354512/celco-wooden-ruler-metric-drilled,https://cdn0.woolworths.media/content/wowproductimages/medium/354512.jpg,2020-09-20 15:36:09,,0,,True
b231bb74-1699-4e17-9a7f-0709bee6e3e1,Woolworths Supermarket,Household,Earthstone Bbq Accessory Grill Stone Block each,355232,$10.50,,https://www.woolworths.com.au/shop/productdetails/355232/earthstone-bbq-accessory-grill-stone-block,https://cdn0.woolworths.media/content/wowproductimages/medium/355232.jpg,2020-09-20 15:36:09,,0,,True
296e58c8-5753-4482-8969-fa66ba770a1e,Woolworths Supermarket,Household,Essentials Kids Sport Socks Low Cut Size 5-8 4 pack,355565,$8.00,$2.00 / 1EA,https://www.woolworths.com.au/shop/productdetails/355565/essentials-kids-sport-socks-low-cut-size-5-8,https://cdn0.woolworths.media/content/wowproductimages/medium/355565.jpg,2020-09-20 15:36:09,,0,,True
ba17c8e2-229d-4b8d-bcfb-3b0817359328,Woolworths Supermarket,Household,Essentials Kids Socks Sport Low Cut Size 9-12 4 pack,355566,$8.00,$2.00 / 1EA,https://www.woolworths.com.au/shop/productdetails/355566/essentials-kids-socks-sport-low-cut-size-9-12,https://cdn0.woolworths.media/content/wowproductimages/medium/355566.jpg,2020-09-20 15:36:09,,0,,True
e2975fab-d885-42b2-8689-031db3491478,Woolworths Supermarket,Household,For Kids Kids Sport Socks Low Cut Size 2-8 4 pack,355568,,,https://www.woolworths.com.au/shop/productdetails/355568/for-kids-kids-sport-socks-low-cut-size-2-8,https://cdn0.woolworths.media/content/wowproductimages/medium/355568.jpg,2020-09-20 15:36:09,,0,,False
98ac948c-97de-467a-ba3a-dfae09724b6c,Woolworths Supermarket,Household,Essentials Womens Socks Anklet Sport Size 8-11 3 pack,355590,$7.00,$2.33 / 1EA,https://www.woolworths.com.au/shop/productdetails/355590/essentials-womens-socks-anklet-sport-size-8-11,https://cdn0.woolworths.media/content/wowproductimages/medium/355590.jpg,2020-09-20 15:36:09,,0,,True
965cea33-00cd-4cb3-960a-4e622e95c5be,Woolworths Supermarket,Household,Explorer Explorer Socks Mens Navy Size 6-10 each,356187,$14.00,$14.00 / 1EA,https://www.woolworths.com.au/shop/productdetails/356187/explorer-explorer-socks-mens-navy-size-6-10,https://cdn0.woolworths.media/content/wowproductimages/medium/356187.jpg,2020-09-20 15:36:09,,0,Designs may vary,True
c5730be1-f1cd-4d4e-8068-f41595082edd,Woolworths Supermarket,Household,Homebrand Oil Motor 4l,357475,$17.00,$0.43 / 100ML,https://www.woolworths.com.au/shop/productdetails/357475/homebrand-oil-motor,https://cdn0.woolworths.media/content/wowproductimages/medium/357475.jpg,2020-09-20 15:36:09,,0,,True
30968e4e-a2be-4b67-8ed5-bd92f0b25b3d,Woolworths Supermarket,Household,Bonds Explorer Socks Mens Navy Size 11-14 each,357765,$14.00,,https://www.woolworths.com.au/shop/productdetails/357765/bonds-explorer-socks-mens-navy-size-11-14,https://cdn0.woolworths.media/content/wowproductimages/medium/357765.jpg,2020-09-20 15:36:09,,0,Designs may vary,True
40d7c296-0844-4d67-afc4-1bf317ef2f52,Woolworths Supermarket,Household,Bonds Explorer Socks Mens Black Size 11-14 1pk,358119,$14.00,,https://www.woolworths.com.au/shop/productdetails/358119/bonds-explorer-socks-mens-black-size-11-14,https://cdn0.woolworths.media/content/wowproductimages/medium/358119.jpg,2020-09-20 15:36:09,,0,Designs may vary,True
9d63d488-b9ce-4743-bac6-7e422adecd55,Woolworths Supermarket,Household,Underworks Mens All Day Cushion Foot Socks Black Size 7-10 2 pack,360107,$15.00,$7.50 / 1EA,https://www.woolworths.com.au/shop/productdetails/360107/underworks-mens-all-day-cushion-foot-socks-black-size-7-10,https://cdn0.woolworths.media/content/wowproductimages/medium/360107.jpg,2020-09-20 15:36:09,,0,Designs may vary,True
97a2bdc7-d2f9-4835-a496-887d52807bae,Woolworths Supermarket,Household,Underworks Mens All Day Cushion Foot Socks Black Size 11 - 13 2 pack,360108,$15.00,$7.50 / 1EA,https://www.woolworths.com.au/shop/productdetails/360108/underworks-mens-all-day-cushion-foot-socks-black-size-11-13,https://cdn0.woolworths.media/content/wowproductimages/medium/360108.jpg,2020-09-20 15:36:09,,0,Designs may vary,True
2a2c0f42-4023-4195-b405-12ddc969f9f4,Woolworths Supermarket,Household,Underworks Womens All Day Cushion Foot Socks Black Size 5-8 2 pack,360114,$15.00,$7.50 / 1EA,https://www.woolworths.com.au/shop/productdetails/360114/underworks-womens-all-day-cushion-foot-socks-black-size-5-8,https://cdn0.woolworths.media/content/wowproductimages/medium/360114.jpg,2020-09-20 15:36:09,,0,,True
b4791d71-9965-4eaa-9b5b-81b80dd85f32,Woolworths Supermarket,Household,Underworks Womens All Day Cushion Foot Socks Black Size 9-11 2 pack,360115,$15.00,$7.50 / 1EA,https://www.woolworths.com.au/shop/productdetails/360115/underworks-womens-all-day-cushion-foot-socks-black-size-9-11,https://cdn0.woolworths.media/content/wowproductimages/medium/360115.jpg,2020-09-20 15:36:09,,0,,True
e54c7b2f-21f5-4864-b68d-9594ae5a3a61,Woolworths Supermarket,Household,Sistema Wave Bottle 600ml each,360159,$9.00,,https://www.woolworths.com.au/shop/productdetails/360159/sistema-wave-bottle,https://cdn0.woolworths.media/content/wowproductimages/medium/360159.jpg,2020-09-20 15:36:09,,0,,True
9f736912-6731-4bfc-83f2-9dddd28a2950,Woolworths Supermarket,Household,Sistema Plasticware Breakfast To Go 530ml each,360161,$5.00,,https://www.woolworths.com.au/shop/productdetails/360161/sistema-plasticware-breakfast-to-go-530ml,https://cdn0.woolworths.media/content/wowproductimages/medium/360161.jpg,2020-09-20 15:36:09,,0,,True
fadbd947-d44c-4940-b0e1-022b658a54ea,Woolworths Supermarket,Household,Woolworths Medium Roasting Tray With Handles each,360551,$4.50,$4.50 / 1EA,https://www.woolworths.com.au/shop/productdetails/360551/woolworths-medium-roasting-tray-with-handles,https://cdn0.woolworths.media/content/wowproductimages/medium/360551.jpg,2020-09-20 15:36:09,,0,,True
e8c43543-1af4-4a49-bfb6-4d3f9d0960ff,Woolworths Supermarket,Household,Multix Kitchen Tidy Bags Large Colour Scents Rose 60 pack,360701,$6.80,$0.11 / 1EA,https://www.woolworths.com.au/shop/productdetails/360701/multix-kitchen-tidy-bags-large-colour-scents-rose,https://cdn0.woolworths.media/content/wowproductimages/medium/360701.jpg,2020-09-20 15:36:09,,0,,True
bb027c54-a60f-493b-86ef-d3c9f8e57b4f,Woolworths Supermarket,Household,Bonds Socks Mens Business Black Size 11-14 3 pack,361088,$14.00,$4.67 / 1EA,https://www.woolworths.com.au/shop/productdetails/361088/bonds-socks-mens-business-black-size-11-14,https://cdn0.woolworths.media/content/wowproductimages/medium/361088.jpg,2020-09-20 15:36:09,,0,Designs may vary,True
a1770e7f-498b-4758-972a-cd7fac1633cd,Woolworths Supermarket,Household,Bonds Mens Socks Logo 1/4 Crew Sports Size 11-14 3 pack,361096,,,https://www.woolworths.com.au/shop/productdetails/361096/bonds-mens-socks-logo-1-4-crew-sports-size-11-14,https://cdn0.woolworths.media/content/wowproductimages/medium/361096.jpg,2020-09-20 15:36:09,,0,Designs may vary,False
c6f92d26-f6e9-444e-8269-71a1106fd85f,Woolworths Supermarket,Household,Bonds Womens Socks Logo Sports 1/4 Size 8-11 3 pack,361121,$14.00,$4.67 / 1EA,https://www.woolworths.com.au/shop/productdetails/361121/bonds-womens-socks-logo-sports-1-4-size-8-11,https://cdn0.woolworths.media/content/wowproductimages/medium/361121.jpg,2020-09-20 15:36:09,,0,Designs may vary,True
7c571cbf-0cf1-4ea3-8ddd-87142bc246f3,Woolworths Supermarket,Household,White King Power Clean Toilet Cleaner Bleach Gel Lavender 700ml,361135,$4.60,$0.66 / 100ML,https://www.woolworths.com.au/shop/productdetails/361135/white-king-power-clean-toilet-cleaner-bleach-gel-lavender,https://cdn0.woolworths.media/content/wowproductimages/medium/361135.jpg,2020-09-20 15:36:09,,0,,True
c868b842-a388-4560-9e27-583a549d93ff,Woolworths Supermarket,Household,Nilodor Concentrated Deodoriser 7.5ml,361138,$7.50,$10.00 / 10ML,https://www.woolworths.com.au/shop/productdetails/361138/nilodor-concentrated-deodoriser,https://cdn0.woolworths.media/content/wowproductimages/medium/361138.jpg,2020-09-20 15:36:09,,0,,True
bd0f302c-9bc0-40ad-9d54-d46adf7612df,Woolworths Supermarket,Household,Glad Snap Lock Resealable Large Sandwich Bags 30 pack,361803,$3.30,$0.11 / 1EA,https://www.woolworths.com.au/shop/productdetails/361803/glad-snap-lock-resealable-large-sandwich-bags,https://cdn0.woolworths.media/content/wowproductimages/medium/361803.jpg,2020-09-20 15:36:09,,0,,True
d015879b-7aad-4ec9-80dc-c485122848f7,Woolworths Supermarket,Household,Glad Kitchen Tidy Bag Wavetop Large 72 pack,361814,$8.45,$0.12 / 1EA,https://www.woolworths.com.au/shop/productdetails/361814/glad-kitchen-tidy-bag-wavetop-large,https://cdn0.woolworths.media/content/wowproductimages/medium/361814.jpg,2020-09-20 15:36:09,,0,,True
0a8e3a3a-93c3-414f-8506-ba8758dc5db6,Woolworths Supermarket,Household,Glad Baking Paper 60m,363545,$9.00,$0.15 / 1M,https://www.woolworths.com.au/shop/productdetails/363545/glad-baking-paper,https://cdn0.woolworths.media/content/wowproductimages/medium/363545.jpg,2020-09-20 15:36:09,,0,Was $9.99 29/05/2017,True
19176863-e181-4231-acbd-dc1ba9ba020c,Woolworths Supermarket,Household,Chux Heavy Duty Superwipes Roll 25 pack,363782,$7.00,$0.28 / 1EA,https://www.woolworths.com.au/shop/productdetails/363782/chux-heavy-duty-superwipes-roll,https://cdn0.woolworths.media/content/wowproductimages/medium/363782.jpg,2020-09-20 15:36:09,,0,,True
8311750f-f6c2-4141-a47f-e861d51e2294,Woolworths Supermarket,Household,Energizer Lithium Ultimate 9v Batteries each,363830,$16.00,$16.00 / 1EA,https://www.woolworths.com.au/shop/productdetails/363830/energizer-lithium-ultimate-9v-batteries,https://cdn0.woolworths.media/content/wowproductimages/medium/363830.jpg,2020-09-20 15:36:09,,0,,True
d1098097-c484-4cbc-a64f-9cce9114309e,Woolworths Supermarket,Household,Energizer Smart Battery Charger each,363835,$40.00,,https://www.woolworths.com.au/shop/productdetails/363835/energizer-smart-battery-charger,https://cdn0.woolworths.media/content/wowproductimages/medium/363835.jpg,2020-09-20 15:36:09,,0,,True
792a93c1-30e5-40c1-9c16-9c8dd46b40c1,Woolworths Supermarket,Household,Fluffy Fabric Softener Fragrance Temptation Spice Allure 500ml,364018,$3.00,$6.00 / 1L,https://www.woolworths.com.au/shop/productdetails/364018/fluffy-fabric-softener-fragrance-temptation-spice-allure,https://cdn0.woolworths.media/content/wowproductimages/medium/364018.jpg,2020-09-20 15:36:09,,0,,True
5ba225cc-bfb4-4614-b81b-1cd9f05712f7,Woolworths Supermarket,Household,Amaysim Mobile Sim Kit each,366286,$2.00,,https://www.woolworths.com.au/shop/productdetails/366286/amaysim-mobile-sim-kit,https://cdn0.woolworths.media/content/wowproductimages/medium/366286.jpg,2020-09-20 15:36:09,,0,,True
1c5d7204-2737-4165-88b6-6f75dbd5af0c,Woolworths Supermarket,Household,Sistema Drink Bottle Stainless Steel 600ml each,367127,$12.00,,https://www.woolworths.com.au/shop/productdetails/367127/sistema-drink-bottle-stainless-steel,https://cdn0.woolworths.media/content/wowproductimages/medium/367127.jpg,2020-09-20 15:36:09,,0,Designs may vary,True
10d34c9c-5d16-4d7e-98b2-f822f03bb31f,Woolworths Supermarket,Household,Strike Bleach Toilet Gel 700ml,369675,$2.30,$0.33 / 100ML,https://www.woolworths.com.au/shop/productdetails/369675/strike-bleach-toilet-gel,https://cdn0.woolworths.media/content/wowproductimages/medium/369675.jpg,2020-09-20 15:36:09,,0,,True
60755866-320f-401f-bb26-2e5c63a209d4,Woolworths Supermarket,Household,Multix Extra Wide Garbage Bags 50 pack,369957,$5.00,$0.10 / 1EA,https://www.woolworths.com.au/shop/productdetails/369957/multix-extra-wide-garbage-bags,https://cdn0.woolworths.media/content/wowproductimages/medium/369957.jpg,2020-09-20 15:36:09,,0,,True
f1bcdec0-39a6-4f6d-a748-e719d9e102dc,Woolworths Supermarket,Household,Vileda Mop Promist System each,370154,$40.00,$40.00 / 1EA,https://www.woolworths.com.au/shop/productdetails/370154/vileda-mop-promist-system,https://cdn0.woolworths.media/content/wowproductimages/medium/370154.jpg,2020-09-20 15:36:09,,0,Was $43.99 19/11/2018,True
14092bff-3c4d-4ac5-bb82-26472537a644,Woolworths Supermarket,Household,Vileda Mop Promist Durable Refill each,370210,$11.50,$11.50 / 1EA,https://www.woolworths.com.au/shop/productdetails/370210/vileda-mop-promist-durable-refill,https://cdn0.woolworths.media/content/wowproductimages/medium/370210.jpg,2020-09-20 15:36:09,,0,,True
37f47d4a-d1ff-4f15-a55b-d19456ecf38d,Woolworths Supermarket,Household,Bonds No Show Footlets Black (3-8 & 8-11) each,370990,$4.00,,https://www.woolworths.com.au/shop/productdetails/370990/bonds-no-show-footlets-black-3-8-8-11-,https://cdn0.woolworths.media/content/wowproductimages/medium/370990.jpg,2020-09-20 15:36:09,,0,,True
8e323cd8-9dbf-49a3-8935-9bfb8818a8df,Woolworths Supermarket,Household,Palmolive Ultra Strength Dishwashing Liquid Aloe Hypoallergenic 400ml,373319,$1.75,$0.44 / 100ML,https://www.woolworths.com.au/shop/productdetails/373319/palmolive-ultra-strength-dishwashing-liquid-aloe-hypoallergenic,https://cdn0.woolworths.media/content/wowproductimages/medium/373319.jpg,2020-09-20 15:36:09,,0,,True
81bd7432-5a62-4a17-b85c-f81bd0241b28,Woolworths Supermarket,Household,Palmolive Ultra Strength Antibacterial Dishwashing Liquid Lemon 750ml,373321,$4.49,$0.60 / 100ML,https://www.woolworths.com.au/shop/productdetails/373321/palmolive-ultra-strength-antibacterial-dishwashing-liquid-lemon,https://cdn0.woolworths.media/content/wowproductimages/medium/373321.jpg,2020-09-20 15:36:09,,0,,True
a1f42eda-f2a6-441c-ba46-8a22f6021a93,Woolworths Supermarket,Household,Palmolive Gentle Care Hypoallergenic Dishwashing Liquid 750ml,373329,$4.49,$0.60 / 100ML,https://www.woolworths.com.au/shop/productdetails/373329/palmolive-gentle-care-hypoallergenic-dishwashing-liquid,https://cdn0.woolworths.media/content/wowproductimages/medium/373329.jpg,2020-09-20 15:36:09,,0,,True
66ac0ef1-130f-4f35-8030-b2834ee2dcbd,Woolworths Supermarket,Household,Palmolive Ultra Strength Concentrate Dishwashing Liquid Original 750ml,373344,$4.49,$0.60 / 100ML,https://www.woolworths.com.au/shop/productdetails/373344/palmolive-ultra-strength-concentrate-dishwashing-liquid-original,https://cdn0.woolworths.media/content/wowproductimages/medium/373344.jpg,2020-09-20 15:36:09,,0,,True
22719803-0a18-4241-ae3b-43f0645cb9e4,Woolworths Supermarket,Household,Palmolive Ultra Strength Antibacterial Dishwashing Liquid Lemon 400ml,373348,$1.75,$0.44 / 100ML,https://www.woolworths.com.au/shop/productdetails/373348/palmolive-ultra-strength-antibacterial-dishwashing-liquid-lemon,https://cdn0.woolworths.media/content/wowproductimages/medium/373348.jpg,2020-09-20 15:36:09,,0,,True
51a97462-c759-4960-bc6d-9e392f087257,Woolworths Supermarket,Household,Armada Resealable Large Storage Bag 15 pack,374454,$1.80,$0.12 / 1EA,https://www.woolworths.com.au/shop/productdetails/374454/armada-resealable-large-storage-bag,https://cdn0.woolworths.media/content/wowproductimages/medium/374454.jpg,2020-09-20 15:36:09,,0,,True
585a72ea-8487-4e1f-a913-dbcb2fb2dac0,Woolworths Supermarket,Household,3m Command Picture Hanging Strips Combo Small And Medium each,374699,$18.00,,https://www.woolworths.com.au/shop/productdetails/374699/3m-command-picture-hanging-strips-combo-small-and-medium,https://cdn0.woolworths.media/content/wowproductimages/medium/374699.jpg,2020-09-20 15:36:09,,0,,True
1859e1b9-1325-4ecc-b038-0642fd238e88,Woolworths Supermarket,Household,Essentials Plastic Tumblers Extra Large 20 pack,376552,$2.50,$0.13 / 1EA,https://www.woolworths.com.au/shop/productdetails/376552/essentials-plastic-tumblers-extra-large,https://cdn0.woolworths.media/content/wowproductimages/medium/376552.jpg,2020-09-20 15:36:09,,0,,True
c72dcd72-f4b6-433e-8740-fa82f39b6223,Woolworths Supermarket,Household,Essentials Wine Glasses Plastic 20 pack,376554,$6.00,$0.30 / 1EA,https://www.woolworths.com.au/shop/productdetails/376554/essentials-wine-glasses-plastic,https://cdn0.woolworths.media/content/wowproductimages/medium/376554.jpg,2020-09-20 15:36:09,,0,,True
d6327dd9-5743-4b58-be40-45a4532257b5,Woolworths Supermarket,Household,Air Wick Plug-in Air Freshener Lavender Refill 2x21ml,376711,$9.99,$2.38 / 10ML,https://www.woolworths.com.au/shop/productdetails/376711/air-wick-plug-in-air-freshener-lavender-refill,https://cdn0.woolworths.media/content/wowproductimages/medium/376711.jpg,2020-09-20 15:36:09,,0,,True
ddeb6078-4ebc-469e-9f66-7ac3952ecb15,Woolworths Supermarket,Household,Glen 20 Disinfectant Spray Lavender 300g,376857,$8.00,$2.67 / 100G,https://www.woolworths.com.au/shop/productdetails/376857/glen-20-disinfectant-spray-lavender,https://cdn0.woolworths.media/content/wowproductimages/medium/376857.jpg,2020-09-20 15:36:09,,0,,True
858f645b-6a0e-4d8a-9e86-0be205f7f703,Woolworths Supermarket,Household,Ambi Pur Air Effects Aerosol Air Freshener Lavender & Vanilla 275g,377681,$6.00,$0.22 / 10G,https://www.woolworths.com.au/shop/productdetails/377681/ambi-pur-air-effects-aerosol-air-freshener-lavender-vanilla,https://cdn0.woolworths.media/content/wowproductimages/medium/377681.jpg,2020-09-20 15:36:09,,0,,True
1c0332f3-63fd-4371-ab4c-303bb7fe7cff,Woolworths Supermarket,Household,Ambi Pur Air Effects Rocky Springs & Cool Aerosol Air Freshener 275g,377690,$6.00,$0.22 / 10G,https://www.woolworths.com.au/shop/productdetails/377690/ambi-pur-air-effects-rocky-springs-cool-aerosol-air-freshener,https://cdn0.woolworths.media/content/wowproductimages/medium/377690.jpg,2020-09-20 15:36:09,,0,,True
f695a5b7-1c78-4e82-9739-a155285e62b2,Woolworths Supermarket,Household,Vileda Mop Supersize Cotton Refill each,379038,$12.00,,https://www.woolworths.com.au/shop/productdetails/379038/vileda-mop-supersize-cotton-refill,https://cdn0.woolworths.media/content/wowproductimages/medium/379038.jpg,2020-09-20 15:36:09,,0,,True
1fd38838-c5de-41ad-9a77-db260dfc9cf4,Woolworths Supermarket,Household,Vileda Mop Supersize Cotton each,379040,$18.00,,https://www.woolworths.com.au/shop/productdetails/379040/vileda-mop-supersize-cotton,https://cdn0.woolworths.media/content/wowproductimages/medium/379040.jpg,2020-09-20 15:36:09,,0,Was $19.89 19/11/2018,True
4bf2f5e0-349d-4062-a96b-bd09a68d7c19,Woolworths Supermarket,Household,Decor Tellfresh Storer Set 6 pack,379107,$8.00,$1.33 / 1EA,https://www.woolworths.com.au/shop/productdetails/379107/decor-tellfresh-storer-set,https://cdn0.woolworths.media/content/wowproductimages/medium/379107.jpg,2020-09-20 15:36:09,,0,,True
41f03922-e8b7-4f0e-a30a-22ac00d3e940,Woolworths Supermarket,Household,Decor Tellfresh Storer Clear Oblong 2l,379155,$3.00,,https://www.woolworths.com.au/shop/productdetails/379155/decor-tellfresh-storer-clear-oblong,https://cdn0.woolworths.media/content/wowproductimages/medium/379155.jpg,2020-09-20 15:36:09,,0,,True
5c25dce9-b811-4f7d-81b7-8f734296c843,Woolworths Supermarket,Household,Decor Tellfresh Cupcake Storer Oblong each,379159,$5.00,,https://www.woolworths.com.au/shop/productdetails/379159/decor-tellfresh-cupcake-storer-oblong,https://cdn0.woolworths.media/content/wowproductimages/medium/379159.jpg,2020-09-20 15:36:09,,0,,True
025b1a13-a8d0-4a36-8243-b6c2b9f248fd,Woolworths Supermarket,Household,Paperclick Scissors Soft Grip each,380055,$4.00,,https://www.woolworths.com.au/shop/productdetails/380055/paperclick-scissors-soft-grip,https://cdn0.woolworths.media/content/wowproductimages/medium/380055.jpg,2020-09-20 15:36:09,,0,,True
d402aab3-f5b5-4938-b220-65f56da353f4,Woolworths Supermarket,Household,Woolworths Binder Clips Black 19mm 30 pack,380060,$3.00,,https://www.woolworths.com.au/shop/productdetails/380060/woolworths-binder-clips-black-19mm,https://cdn0.woolworths.media/content/wowproductimages/medium/380060.jpg,2020-09-20 15:36:09,,0,,True
22a69832-ce67-4d3b-b8ac-84237b9b75f2,Woolworths Supermarket,Household,Uhu Magic Blue Stick 40g each,383858,$3.70,,https://www.woolworths.com.au/shop/productdetails/383858/uhu-magic-blue-stick,https://cdn0.woolworths.media/content/wowproductimages/medium/383858.jpg,2020-09-20 15:36:09,,0,,True
aabed3e1-b435-442d-b7b7-63b231691cfb,Woolworths Supermarket,Household,Uhu Glu Stick Clear 40g each,383860,$3.70,,https://www.woolworths.com.au/shop/productdetails/383860/uhu-glu-stick-clear,https://cdn0.woolworths.media/content/wowproductimages/medium/383860.jpg,2020-09-20 15:36:09,,0,,True
11945a32-ceda-4993-96b4-9ef52119b196,Woolworths Supermarket,Household,Uhu Super Glue Minis 1ml 3 pack,383862,$6.50,,https://www.woolworths.com.au/shop/productdetails/383862/uhu-super-glue-minis-1ml,https://cdn0.woolworths.media/content/wowproductimages/medium/383862.jpg,2020-09-20 15:36:09,,0,,True
2cbe6f98-b8c1-403d-8fca-8d127e5e70c5,Woolworths Supermarket,Household,Sellotape Sticky Tape Roll 24mmx66m each,384265,$3.00,,https://www.woolworths.com.au/shop/productdetails/384265/sellotape-sticky-tape-roll-24mmx66m,https://cdn0.woolworths.media/content/wowproductimages/medium/384265.jpg,2020-09-20 15:36:09,,0,,True
308e0ad0-161e-4183-9967-a050545059a4,Woolworths Supermarket,Household,Bonds Kids Socks Logo Sport 1/4 Size 2-8 3 pack,384681,$12.00,$4.00 / 1EA,https://www.woolworths.com.au/shop/productdetails/384681/bonds-kids-socks-logo-sport-1-4-size-2-8,https://cdn0.woolworths.media/content/wowproductimages/medium/384681.jpg,2020-09-20 15:36:09,,0,Designs may vary,True
53a2c59f-0613-4248-817f-85fb9b8c59d6,Woolworths Supermarket,Household,Bonds Kids Socks Lowcut Sport Size 3-8 3 pack,384682,$11.50,$3.83 / 1EA,https://www.woolworths.com.au/shop/productdetails/384682/bonds-kids-socks-lowcut-sport-size-3-8,https://cdn0.woolworths.media/content/wowproductimages/medium/384682.jpg,2020-09-20 15:36:09,,0,Designs may vary,True
0f8232fb-dd2f-4d95-adeb-99dd8469884b,Woolworths Supermarket,Household,Adesso 5 Cup Rice Cooker each,409457,$17.00,,https://www.woolworths.com.au/shop/productdetails/409457/adesso-5-cup-rice-cooker,https://cdn0.woolworths.media/content/wowproductimages/medium/409457.jpg,2020-09-20 15:36:09,,0,,True
fb31d43d-4b4b-41d2-87ce-b3d2ec51d20a,Woolworths Supermarket,Household,Adesso Stainless Steel Kettle 1.7l each,409458,$27.00,,https://www.woolworths.com.au/shop/productdetails/409458/adesso-stainless-steel-kettle-1-7l,https://cdn0.woolworths.media/content/wowproductimages/medium/409458.jpg,2020-09-20 15:36:09,,0,,True
99fe45c8-2757-4e53-b099-9d59ec5c782d,Woolworths Supermarket,Household,Essentials Mesh Scourer Non Scratch 5 pack,417057,$1.99,$0.40 / 1EA,https://www.woolworths.com.au/shop/productdetails/417057/essentials-mesh-scourer-non-scratch,https://cdn0.woolworths.media/content/wowproductimages/medium/417057.jpg,2020-09-20 15:36:09,,0,,True
ab6444c8-3e28-447b-80d1-401d964f132c,Woolworths Supermarket,Household,Philips Light Globe 13w 1400 Lument Warm Es each,420502,$10.00,$10.00 / 1EA,https://www.woolworths.com.au/shop/productdetails/420502/philips-light-globe-13w-1400-lument-warm-es,https://cdn0.woolworths.media/content/wowproductimages/medium/420502.jpg,2020-09-20 15:36:09,,0,Was $15.00 26/06/2019,True
a0598297-403b-43ff-b869-c6b81dcab77d,Woolworths Supermarket,Household,Finish Powder Concentrate Classic Lemon 1kg,705056,$12.00,$1.20 / 100G,https://www.woolworths.com.au/shop/productdetails/705056/finish-powder-concentrate-classic-lemon,https://cdn0.woolworths.media/content/wowproductimages/medium/705056.jpg,2020-09-20 15:36:09,,0,,True
3ade70b0-68ad-46b7-8888-26eb905b0991,Woolworths Supermarket,Household,Essentials Facial Tissues 224 pack,759496,$1.00,$0.45 / 100SS,https://www.woolworths.com.au/shop/productdetails/759496/essentials-facial-tissues,https://cdn0.woolworths.media/content/wowproductimages/medium/759496.jpg,2020-09-20 15:36:09,Average product rating out of 5: 3.9. Product score is based on 672 ratings,672,,True
fc2cb15d-6d54-4445-b29e-f1da4608efc2,Woolworths Supermarket,Household,Armada Freezer Bags Medium 80 pack,036286,$0.60,$0.01 / 1EA,https://www.woolworths.com.au/shop/productdetails/36286/armada-freezer-bags-medium,https://cdn0.woolworths.media/content/wowproductimages/medium/036286.jpg,2020-09-20 15:36:09,Average product rating out of 5: 4.5. Product score is based on 107 ratings,107,,True
9457d54a-c239-4f08-9761-417f097c5864,Woolworths Supermarket,Household,Quilton Facial Tissues Soft White 95pk,829630,$1.25,$1.32 / 100SS,https://www.woolworths.com.au/shop/productdetails/829630/quilton-facial-tissues-soft-white,https://cdn0.woolworths.media/content/wowproductimages/medium/829630.jpg,2020-09-20 15:36:09,,0,,True
8de46d80-5d53-4516-b389-74e50982c6f8,Woolworths Supermarket,Household,Viva Paper Towel White 2 pack,176852,$1.75,$1.46 / 100SS,https://www.woolworths.com.au/shop/productdetails/176852/viva-paper-towel-white,https://cdn0.woolworths.media/content/wowproductimages/medium/176852.jpg,2020-09-20 15:36:09,,0,,True
0bfaa548-9dc0-485a-be78-27874ac9e46b,Woolworths Supermarket,Household,Kleenex Facial Tissues Aloe Vera 140 pack,032969,$3.00,$2.14 / 100SS,https://www.woolworths.com.au/shop/productdetails/32969/kleenex-facial-tissues-aloe-vera,https://cdn0.woolworths.media/content/wowproductimages/medium/032969.jpg,2020-09-20 15:36:09,,0,Was $3.85 20/01/2020,True
c27ec7f4-061f-4285-a588-9bd59b992020,Woolworths Supermarket,Household,Armada Baking Paper 15m,252787,$2.70,$0.18 / 1M,https://www.woolworths.com.au/shop/productdetails/252787/armada-baking-paper,https://cdn0.woolworths.media/content/wowproductimages/medium/252787.jpg,2020-09-20 15:36:09,,0,,True
ea5fcf02-9cf0-4765-b7b1-ef4c4904c56b,Woolworths Supermarket,Household,Strike Disinfectant Wipes Lemon 100 pack,518438,$3.50,$0.04 / 1EA,https://www.woolworths.com.au/shop/productdetails/518438/strike-disinfectant-wipes-lemon,https://cdn0.woolworths.media/content/wowproductimages/medium/518438.jpg,2020-09-20 15:36:09,Average product rating out of 5: 4.3. Product score is based on 2496 ratings,2496,,True
1bf6ea6c-a56c-4b65-8cb3-850ecd6cb10e,Woolworths Supermarket,Household,Shine Rinse Aid 500ml,686173,$2.90,$0.58 / 100ML,https://www.woolworths.com.au/shop/productdetails/686173/shine-rinse-aid,https://cdn0.woolworths.media/content/wowproductimages/medium/686173.jpg,2020-09-20 15:36:09,Average product rating out of 5: 4.8. Product score is based on 19 ratings,19,,True
0aad28cd-e593-4435-84ff-6dbb96e60897,Woolworths Supermarket,Household,Handee Ultra Paper Towel White 3 pack,252037,$4.40,$2.44 / 100SS,https://www.woolworths.com.au/shop/productdetails/252037/handee-ultra-paper-towel-white,https://cdn0.woolworths.media/content/wowproductimages/medium/252037.jpg,2020-09-20 15:36:09,,0,,True
7d983570-c37f-40a9-a4fc-2e85691f3101,Woolworths Supermarket,Household,Handee Ultra Paper Towel White 2 pack,019787,$3.50,$2.92 / 100SS,https://www.woolworths.com.au/shop/productdetails/19787/handee-ultra-paper-towel-white,https://cdn0.woolworths.media/content/wowproductimages/medium/019787.jpg,2020-09-20 15:36:09,,0,,True
2d5af09a-0e3d-46eb-be1d-df7f3a424a0b,Woolworths Supermarket,Household,Armada Large Kitchen Tidy Bag Lavender/lemon Scented 25 pack,517111,$2.00,$0.08 / 1EA,https://www.woolworths.com.au/shop/productdetails/517111/armada-large-kitchen-tidy-bag-lavender-lemon-scented,https://cdn0.woolworths.media/content/wowproductimages/medium/517111.jpg,2020-09-20 15:36:09,Average product rating out of 5: 4.5. Product score is based on 602 ratings,602,Was $2.50 17/09/2018,True
73f0989a-362a-43fa-89dc-de82565165fc,Woolworths Supermarket,Household,Kleenex Facial Tissues 200 pack,063899,$2.00,$1.00 / 100SS,https://www.woolworths.com.au/shop/productdetails/63899/kleenex-facial-tissues,https://cdn0.woolworths.media/content/wowproductimages/medium/063899.jpg,2020-09-20 15:36:09,,0,Was $2.20 26/02/2020,True
8a48ef65-cd83-4178-bb6c-9b16f86d6a51,Woolworths Supermarket,Household,Quilton Tuffy Paper Towel Triple Length 2 pack,785317,$6.00,$1.67 / 100SS,https://www.woolworths.com.au/shop/productdetails/785317/quilton-tuffy-paper-towel-triple-length,https://cdn0.woolworths.media/content/wowproductimages/medium/785317.jpg,2020-09-20 15:36:09,,0,Was $6.80 06/07/2020,True
c6b58d2a-02ca-4f7b-a3c9-c58162ba4784,Woolworths Supermarket,Household,Kleenex Facial Tissues Large & Thick Silk Touch 3ply 95 pack,172610,$2.60,$2.74 / 100SS,https://www.woolworths.com.au/shop/productdetails/172610/kleenex-facial-tissues-large-thick-silk-touch-3ply,https://cdn0.woolworths.media/content/wowproductimages/medium/172610.jpg,2020-09-20 15:36:09,,0,,True
2d9ec06e-e5bd-4547-9d71-ceb6e0ef691f,Woolworths Supermarket,Household,Glad Baking Paper 25m,299138,$6.00,$0.24 / 1M,https://www.woolworths.com.au/shop/productdetails/299138/glad-baking-paper,https://cdn0.woolworths.media/content/wowproductimages/medium/299138.jpg,2020-09-20 15:36:09,,0,,True
a2438621-f14f-4e76-b04e-50339f9c987e,Woolworths Supermarket,Household,Quilton Tuffy Paper Towel White 4ply 3 pack,574728,$4.30,$2.39 / 100SS,https://www.woolworths.com.au/shop/productdetails/574728/quilton-tuffy-paper-towel-white-4ply,https://cdn0.woolworths.media/content/wowproductimages/medium/574728.jpg,2020-09-20 15:36:09,,0,,True
8009c703-8c74-4508-a273-ee07fa218407,Woolworths Supermarket,Household,Quilton 2ply Tissue Hypo-allergenic 250 pack,644239,$2.50,$1.00 / 100SS,https://www.woolworths.com.au/shop/productdetails/644239/quilton-2ply-tissue-hypo-allergenic,https://cdn0.woolworths.media/content/wowproductimages/medium/644239.jpg,2020-09-20 15:36:09,,0,,True
75901831-4b42-4e61-923d-9b869526ed0e,Woolworths Supermarket,Household,Viva Paper Towel White 3 pack,249921,$4.00,$2.22 / 100SS,https://www.woolworths.com.au/shop/productdetails/249921/viva-paper-towel-white,https://cdn0.woolworths.media/content/wowproductimages/medium/249921.jpg,2020-09-20 15:36:09,,0,Was $4.90 26/10/2017,True
d029edba-b5f2-4530-b7f2-4943dd0d850d,Woolworths Supermarket,Household,Morning Fresh Dishwashing Liquid Raspberry & Crisp Apple 900ml,588994,$3.75,$0.42 / 100ML,https://www.woolworths.com.au/shop/productdetails/588994/morning-fresh-dishwashing-liquid-raspberry-crisp-apple,https://cdn0.woolworths.media/content/wowproductimages/medium/588994.jpg,2020-09-20 15:36:09,,0,,True
23125e53-2e7c-4cc7-a6c4-835628558025,Woolworths Supermarket,Household,Philips Light Globe 13w 1400 Lument Warm Bc each,420503,$10.00,$10.00 / 1EA,https://www.woolworths.com.au/shop/productdetails/420503/philips-light-globe-13w-1400-lument-warm-bc,https://cdn0.woolworths.media/content/wowproductimages/medium/420503.jpg,2020-09-20 15:36:09,,0,Was $15.00 26/06/2019,True
39bbad4a-51af-4a27-9e21-474774c33c67,Woolworths Supermarket,Household,3m Command Broom Gripper each,420504,$8.00,$8.00 / 1EA,https://www.woolworths.com.au/shop/productdetails/420504/3m-command-broom-gripper,https://cdn0.woolworths.media/content/wowproductimages/medium/420504.jpg,2020-09-20 15:36:09,,0,,True
0a223fcf-77b3-40d4-a44d-3c59e3795c43,Woolworths Supermarket,Household,Philips Light Globe Led 13w 1400 Lumen Cool Bc each,420506,$10.00,$10.00 / 1EA,https://www.woolworths.com.au/shop/productdetails/420506/philips-light-globe-led-13w-1400-lumen-cool-bc,https://cdn0.woolworths.media/content/wowproductimages/medium/420506.jpg,2020-09-20 15:36:09,,0,Was $15.00 26/06/2019,True
20787eab-a1a5-4d57-9163-2e55aca5f6ff,Woolworths Supermarket,Household,Philips Light Globe Led 13w 1400 Lumen Cool Es each,420513,$10.00,$10.00 / 1EA,https://www.woolworths.com.au/shop/productdetails/420513/philips-light-globe-led-13w-1400-lumen-cool-es,https://cdn0.woolworths.media/content/wowproductimages/medium/420513.jpg,2020-09-20 15:36:09,,0,Was $15.00 26/06/2019,True
cfcacc15-c2db-4645-affe-0075a3ce0735,Woolworths Supermarket,Household,Scotch Mounting Tape Indoor each,420629,$7.00,$7.00 / 1EA,https://www.woolworths.com.au/shop/productdetails/420629/scotch-mounting-tape-indoor,https://cdn0.woolworths.media/content/wowproductimages/medium/420629.jpg,2020-09-20 15:36:09,,0,,True
1636483d-5c5a-431d-a972-801f2fc05f4f,Woolworths Supermarket,Household,Master Lock Combination Lock Brass 40mm each,421115,$20.00,$20.00 / 1EA,https://www.woolworths.com.au/shop/productdetails/421115/master-lock-combination-lock-brass-40mm,https://cdn0.woolworths.media/content/wowproductimages/medium/421115.jpg,2020-09-20 15:36:09,,0,,True
6d8ec614-00cd-40ba-8c53-7f888a8fbfbf,Woolworths Supermarket,Household,Armor All Cream Cut & Polish 250g,421256,$13.00,$5.20 / 100G,https://www.woolworths.com.au/shop/productdetails/421256/armor-all-cream-cut-polish,https://cdn0.woolworths.media/content/wowproductimages/medium/421256.jpg,2020-09-20 15:36:09,,0,,True
62c16c46-ac85-4545-aa58-7b5e3c4690af,Woolworths Supermarket,Household,Olsent Led Gu5.3 Mr16 6w 500lm Ww 60' 4 pack,425217,$19.00,$4.75 / 1EA,https://www.woolworths.com.au/shop/productdetails/425217/olsent-led-gu5-3-mr16-6w-500lm-ww-60-,https://cdn0.woolworths.media/content/wowproductimages/medium/425217.jpg,2020-09-20 15:36:09,,0,Was $29.00 04/12/2017,True
0c58bf42-cbd2-42c7-b438-aaf7a3cabcfc,Woolworths Supermarket,Household,Olsent Led Gls Bc 6w 500lm Ww 2 pack,425218,$10.00,$5.00 / 1EA,https://www.woolworths.com.au/shop/productdetails/425218/olsent-led-gls-bc-6w-500lm-ww,https://cdn0.woolworths.media/content/wowproductimages/medium/425218.jpg,2020-09-20 15:36:09,,0,,True
8846b5ac-ed85-41fd-a4af-041501b23595,Woolworths Supermarket,Household,Olsent Led Gls Bc 6w 500lm Cw 2 pack,425219,$10.00,$5.00 / 1EA,https://www.woolworths.com.au/shop/productdetails/425219/olsent-led-gls-bc-6w-500lm-cw,https://cdn0.woolworths.media/content/wowproductimages/medium/425219.jpg,2020-09-20 15:36:09,,0,,True
7e810296-4f34-4075-a52f-1942f2eeecf7,Woolworths Supermarket,Household,Olsent Led Gls Es 6w 500lm Ww 2 pack,425283,$10.00,$5.00 / 1EA,https://www.woolworths.com.au/shop/productdetails/425283/olsent-led-gls-es-6w-500lm-ww,https://cdn0.woolworths.media/content/wowproductimages/medium/425283.jpg,2020-09-20 15:36:09,,0,,True
da37a7b1-1f7a-49a5-825a-fb056867b874,Woolworths Supermarket,Household,Olsent Led Gls Bc 9w 810lm Ww 2 pack,425284,$10.00,$5.00 / 1EA,https://www.woolworths.com.au/shop/productdetails/425284/olsent-led-gls-bc-9w-810lm-ww,https://cdn0.woolworths.media/content/wowproductimages/medium/425284.jpg,2020-09-20 15:36:09,,0,,True
48b5d831-4b41-460f-900c-c2197f671aa3,Woolworths Supermarket,Household,Olsent Led Gls Bc 9w 810lm Cw 2 pack,425285,$10.00,$5.00 / 1EA,https://www.woolworths.com.au/shop/productdetails/425285/olsent-led-gls-bc-9w-810lm-cw,https://cdn0.woolworths.media/content/wowproductimages/medium/425285.jpg,2020-09-20 15:36:09,,0,,True
b0aad015-3563-4a5f-817f-c47c7a82868d,Woolworths Supermarket,Household,Biozet Attack Front & Top Loader Regular Laundry Liquid 2l,425288,$9.99,$5.00 / 1L,https://www.woolworths.com.au/shop/productdetails/425288/biozet-attack-front-top-loader-regular-laundry-liquid,https://cdn0.woolworths.media/content/wowproductimages/medium/425288.jpg,2020-09-20 15:36:09,,0,,True
2edda6c0-b045-4410-b729-d4ef77b5d597,Woolworths Supermarket,Household,Olsent Led Gls Es 6w 500lm Cw 2 pack,425610,$10.00,$5.00 / 1EA,https://www.woolworths.com.au/shop/productdetails/425610/olsent-led-gls-es-6w-500lm-cw,https://cdn0.woolworths.media/content/wowproductimages/medium/425610.jpg,2020-09-20 15:36:09,,0,,True
fe5ce670-0980-42d1-b931-0e3a2e1bc933,Woolworths Supermarket,Household,Olsent Led Gls Es 9w 810lm Ww 2 pack,425611,$10.00,$5.00 / 1EA,https://www.woolworths.com.au/shop/productdetails/425611/olsent-led-gls-es-9w-810lm-ww,https://cdn0.woolworths.media/content/wowproductimages/medium/425611.jpg,2020-09-20 15:36:09,,0,,True
d4f2c4bf-6bd2-4621-8222-14782f299b98,Woolworths Supermarket,Household,Olsent Led Gls Es 9w 810lm Cw 2 pack,425612,$10.00,$5.00 / 1EA,https://www.woolworths.com.au/shop/productdetails/425612/olsent-led-gls-es-9w-810lm-cw,https://cdn0.woolworths.media/content/wowproductimages/medium/425612.jpg,2020-09-20 15:36:09,,0,,True
a5d7ee1b-4a56-4c94-959d-4d32a9570d62,Woolworths Supermarket,Household,Olsent Led Gu10 6w 500lm Ww 60' 3000k 60' 4 pack,425613,$19.00,$4.75 / 1EA,https://www.woolworths.com.au/shop/productdetails/425613/olsent-led-gu10-6w-500lm-ww-60-3000k-60-,https://cdn0.woolworths.media/content/wowproductimages/medium/425613.jpg,2020-09-20 15:36:09,,0,Was $24.00 04/12/2017,True
4156d0f6-49c3-440e-99e6-b3fd2bc31f24,Woolworths Supermarket,Household,Biozet Attack Front & Top Loader Laundry Powder 1kg,428929,$8.00,$8.00 / 1KG,https://www.woolworths.com.au/shop/productdetails/428929/biozet-attack-front-top-loader-laundry-powder,https://cdn0.woolworths.media/content/wowproductimages/medium/428929.jpg,2020-09-20 15:36:09,,0,Was $10.99 25/05/2020,True
f3eec989-88f4-498b-8a30-8049c18fee2e,Woolworths Supermarket,Household,Essentials Plastic Teaspoons 50 pack,429273,$2.00,$0.04 / 1EA,https://www.woolworths.com.au/shop/productdetails/429273/essentials-plastic-teaspoons,https://cdn0.woolworths.media/content/wowproductimages/medium/429273.jpg,2020-09-20 15:36:09,,0,,True
80c1601e-1dc1-4973-9fab-5646b49a2bfd,Woolworths Supermarket,Household,Brunnings Feed 'n Weed Hose-on 2.7l,430500,$8.80,$0.33 / 100ML,https://www.woolworths.com.au/shop/productdetails/430500/brunnings-feed-n-weed-hose-on,https://cdn0.woolworths.media/content/wowproductimages/medium/430500.jpg,2020-09-20 15:36:09,,0,,True
aa2daf6d-b40c-41b4-8e17-48471dfc80a4,Woolworths Supermarket,Household,Willow Waste Tidy Round 10l each,430510,$5.00,,https://www.woolworths.com.au/shop/productdetails/430510/willow-waste-tidy-round-10l,https://cdn0.woolworths.media/content/wowproductimages/medium/430510.jpg,2020-09-20 15:36:09,,0,,True
1f8cd456-a701-44af-8a41-9cff37a969b6,Woolworths Supermarket,Household,Omo Sensitive Laundry Detergent Liquid Front & Top Loader 4l,430625,$24.00,$6.00 / 1L,https://www.woolworths.com.au/shop/productdetails/430625/omo-sensitive-laundry-detergent-liquid-front-top-loader,https://cdn0.woolworths.media/content/wowproductimages/medium/430625.jpg,2020-09-20 15:36:09,,0,Was $29.99 05/12/16,True
0edc20b9-66dd-4691-8d68-aab5ea7d971b,Woolworths Supermarket,Household,Omo Active Clean Laundry Liquid Detergent Front & Top Loader 4l,430627,$24.00,$6.00 / 1L,https://www.woolworths.com.au/shop/productdetails/430627/omo-active-clean-laundry-liquid-detergent-front-top-loader,https://cdn0.woolworths.media/content/wowproductimages/medium/430627.jpg,2020-09-20 15:36:09,,0,Was $29.99 05/12/16,True
9e215de2-5cf8-4540-8efd-34b3055c4585,Woolworths Supermarket,Household,Omo Ultimate Laundry Detergent Powder Front & Top Loader 5kg,430629,$30.00,$6.00 / 1KG,https://www.woolworths.com.au/shop/productdetails/430629/omo-ultimate-laundry-detergent-powder-front-top-loader,https://cdn0.woolworths.media/content/wowproductimages/medium/430629.jpg,2020-09-20 15:36:09,,0,,True
1b6f6519-a3e3-4015-acb0-5d44de351713,Woolworths Supermarket,Household,Omo Active Clean Laundry Detergent Washing Powder 2kg,430650,$11.00,$5.50 / 1KG,https://www.woolworths.com.au/shop/productdetails/430650/omo-active-clean-laundry-detergent-washing-powder,https://cdn0.woolworths.media/content/wowproductimages/medium/430650.jpg,2020-09-20 15:36:09,,0,,True
3dd3ff83-0fc2-4ed2-8e35-3bed6b2f0335,Woolworths Supermarket,Household,Biozet Attack Front & Top Loader Laundry Powder 2kg,431171,$9.99,$5.00 / 1KG,https://www.woolworths.com.au/shop/productdetails/431171/biozet-attack-front-top-loader-laundry-powder,https://cdn0.woolworths.media/content/wowproductimages/medium/431171.jpg,2020-09-20 15:36:09,,0,,True
c309fec0-63a7-42f3-b24a-b913bbbd74c9,Woolworths Supermarket,Household,Bonds Instatan Sheer Stockings Slim Tight Light Brown Small each,431186,$8.00,,https://www.woolworths.com.au/shop/productdetails/431186/bonds-instatan-sheer-stockings-slim-tight-light-brown-small,https://cdn0.woolworths.media/content/wowproductimages/medium/431186.jpg,2020-09-20 15:36:09,,0,,True
da9b721d-5a53-45a0-98cb-f965dc06b900,Woolworths Supermarket,Household,Bonds Instatan Sheer Stockings Slim Tight Light Brown Medium each,431197,$8.00,,https://www.woolworths.com.au/shop/productdetails/431197/bonds-instatan-sheer-stockings-slim-tight-light-brown-medium,https://cdn0.woolworths.media/content/wowproductimages/medium/431197.jpg,2020-09-20 15:36:09,,0,,True
3d1ffa7c-89b3-4c00-b4b7-e191ca10587f,Woolworths Supermarket,Household,Comfort Fabric Softener Conditioner Pure White Sensitive 2l,431198,$10.00,$5.00 / 1L,https://www.woolworths.com.au/shop/productdetails/431198/comfort-fabric-softener-conditioner-pure-white-sensitive,https://cdn0.woolworths.media/content/wowproductimages/medium/431198.jpg,2020-09-20 15:36:09,,0,,True
e89a8e52-08b1-40bb-8f25-1a0ca98b0287,Woolworths Supermarket,Household,Bonds Instatan Sheer Stockings Slim Tight Light Brown Large each,431221,$8.00,,https://www.woolworths.com.au/shop/productdetails/431221/bonds-instatan-sheer-stockings-slim-tight-light-brown-large,https://cdn0.woolworths.media/content/wowproductimages/medium/431221.jpg,2020-09-20 15:36:09,,0,,True
04013f7e-a62a-4789-ab5c-d60565c521f3,Woolworths Supermarket,Household,Bonds Instatan Sheer Stockings Slim Tight Medium Brown Large each,431228,$8.00,,https://www.woolworths.com.au/shop/productdetails/431228/bonds-instatan-sheer-stockings-slim-tight-medium-brown-large,https://cdn0.woolworths.media/content/wowproductimages/medium/431228.jpg,2020-09-20 15:36:09,,0,,True
7d4d6cfd-c220-4ef9-9637-ee1b6073db93,Woolworths Supermarket,Household,Bonds Instatan Sheer Stockings Slim Tight Medium Brown Medium each,431232,$8.00,,https://www.woolworths.com.au/shop/productdetails/431232/bonds-instatan-sheer-stockings-slim-tight-medium-brown-medium,https://cdn0.woolworths.media/content/wowproductimages/medium/431232.jpg,2020-09-20 15:36:09,,0,,True
bcc5d1a6-37cc-4dd1-8e2c-d1eeff613470,Woolworths Supermarket,Household,Sheer Relief Firm Compress Tights 12d Natural Tall each,431259,$9.00,,https://www.woolworths.com.au/shop/productdetails/431259/sheer-relief-firm-compress-tights-12d-natural-tall,https://cdn0.woolworths.media/content/wowproductimages/medium/431259.jpg,2020-09-20 15:36:09,,0,,True
f3a62b83-6dfd-4438-9ce6-51ec63fc00bd,Woolworths Supermarket,Household,Sheer Relief Firm Compress Tights 12d Natural X-tall each,431270,$9.00,,https://www.woolworths.com.au/shop/productdetails/431270/sheer-relief-firm-compress-tights-12d-natural-x-tall,https://cdn0.woolworths.media/content/wowproductimages/medium/431270.jpg,2020-09-20 15:36:09,,0,,True
338195dc-5fb3-4b21-bbdd-a7638d1ce54e,Woolworths Supermarket,Household,Essentials Mug Plain White each,432283,$2.00,,https://www.woolworths.com.au/shop/productdetails/432283/essentials-mug-plain-white,https://cdn0.woolworths.media/content/wowproductimages/medium/432283.jpg,2020-09-20 15:36:09,,0,,True
45363639-003c-450e-a730-6bdb32b673ce,Woolworths Supermarket,Household,Green Gardener Sprinkler each,432343,$6.00,,https://www.woolworths.com.au/shop/productdetails/432343/green-gardener-sprinkler,https://cdn0.woolworths.media/content/wowproductimages/medium/432343.jpg,2020-09-20 15:36:09,,0,,True
2becdfad-2259-4a50-96c4-fd3d47c2d9d2,Woolworths Supermarket,Household,Matchbox Heritage Box each,432474,$3.00,,https://www.woolworths.com.au/shop/productdetails/432474/matchbox-heritage-box,https://cdn0.woolworths.media/content/wowproductimages/medium/432474.jpg,2020-09-20 15:36:09,,0,Designs may vary,True
784cc2af-36d3-4272-b5b4-52c314bb86eb,Woolworths Supermarket,Household,Soften Concentrated Fabric Softener Ocean Fresh 1l,433273,$3.80,$3.80 / 1L,https://www.woolworths.com.au/shop/productdetails/433273/soften-concentrated-fabric-softener-ocean-fresh,https://cdn0.woolworths.media/content/wowproductimages/medium/433273.jpg,2020-09-20 15:36:09,Average product rating out of 5: 4.3. Product score is based on 246 ratings,246,,True
96e78ff7-4759-4777-bcac-b6a863480b55,Woolworths Supermarket,Household,Soften Fabric Softener Sunny Glow 2l,433274,$2.99,$1.50 / 1L,https://www.woolworths.com.au/shop/productdetails/433274/soften-fabric-softener-sunny-glow,https://cdn0.woolworths.media/content/wowproductimages/medium/433274.jpg,2020-09-20 15:36:09,,0,,True
e92ec52e-7c4a-4882-8882-f38f3b857fdc,Woolworths Supermarket,Household,Soften Fabric Softener Lavender Hill 2l,433276,$2.99,$1.50 / 1L,https://www.woolworths.com.au/shop/productdetails/433276/soften-fabric-softener-lavender-hill,https://cdn0.woolworths.media/content/wowproductimages/medium/433276.jpg,2020-09-20 15:36:09,,0,,True
c8db2ea2-922f-47c3-adff-fa079413fcc5,Woolworths Supermarket,Household,Soften Fabric Softener Concentrate Ocean Fresh 250ml,433278,$1.19,$0.48 / 100ML,https://www.woolworths.com.au/shop/productdetails/433278/soften-fabric-softener-concentrate-ocean-fresh,https://cdn0.woolworths.media/content/wowproductimages/medium/433278.jpg,2020-09-20 15:36:09,Average product rating out of 5: 4.1. Product score is based on 211 ratings,211,,True
92fc42c5-8836-4dff-a5a2-2a8ba1ffe426,Woolworths Supermarket,Household,Underworks Ladies All Day Invisible Black Footlet 5 - 8 3 pack,433440,$8.00,,https://www.woolworths.com.au/shop/productdetails/433440/underworks-ladies-all-day-invisible-black-footlet-5-8,https://cdn0.woolworths.media/content/wowproductimages/medium/433440.jpg,2020-09-20 15:36:09,,0,,True
77cb2d25-04fb-4e24-9ee9-877afbcd93c6,Woolworths Supermarket,Household,Corelle Winter Frost White Bread & Butter Plate 17 Cm each,436120,$5.50,,https://www.woolworths.com.au/shop/productdetails/436120/corelle-winter-frost-white-bread-butter-plate-17-cm,https://cdn0.woolworths.media/content/wowproductimages/medium/436120.jpg,2020-09-20 15:36:09,,0,,True
f8f51c4f-ebe0-4ab5-84ed-3f9e3d03fa69,Woolworths Supermarket,Household,Finish Dishwasher Cleaner Liquid Lemon 250ml x2 pack,441562,$11.50,$2.30 / 100ML,https://www.woolworths.com.au/shop/productdetails/441562/finish-dishwasher-cleaner-liquid-lemon,https://cdn0.woolworths.media/content/wowproductimages/medium/441562.jpg,2020-09-20 15:36:09,,0,,True
ae80f444-5976-45ec-9fec-48dc465afd13,Woolworths Supermarket,Household,Camelbak The Eddy Bottle 600ml each,446306,$25.00,,https://www.woolworths.com.au/shop/productdetails/446306/camelbak-the-eddy-bottle,https://cdn0.woolworths.media/content/wowproductimages/medium/446306.jpg,2020-09-20 15:36:09,,0,Designs may vary,True
fdecbd90-8c70-4bff-b0b3-bbf3744e5f79,Woolworths Supermarket,Household,Camelbak The Eddy Kids Drink Bottle 400ml each,446308,$23.00,,https://www.woolworths.com.au/shop/productdetails/446308/camelbak-the-eddy-kids-drink-bottle,https://cdn0.woolworths.media/content/wowproductimages/medium/446308.jpg,2020-09-20 15:36:09,,0,Designs may vary,True
35bffa3a-bf63-40e6-bf32-39cc2c5815a3,Woolworths Supermarket,Household,Vanish Gold Oxi Action Intelligence Gel Stain Remover 950ml,454674,$12.00,$12.63 / 1L,https://www.woolworths.com.au/shop/productdetails/454674/vanish-gold-oxi-action-intelligence-gel-stain-remover,https://cdn0.woolworths.media/content/wowproductimages/medium/454674.jpg,2020-09-20 15:36:09,,0,,True
85a771ba-8ff5-471e-867c-472542894930,Woolworths Supermarket,Household,Kambrook Kettle Stainless Steel 1.7l each,455885,$49.00,,https://www.woolworths.com.au/shop/productdetails/455885/kambrook-kettle-stainless-steel,https://cdn0.woolworths.media/content/wowproductimages/medium/455885.jpg,2020-09-20 15:36:09,,0,Designs may vary,True
cdcd0d75-f653-4efa-b737-e6096d188c6d,Woolworths Supermarket,Household,Kambrook Toaster 2 Slice each,455893,$45.00,,https://www.woolworths.com.au/shop/productdetails/455893/kambrook-toaster-2-slice,https://cdn0.woolworths.media/content/wowproductimages/medium/455893.jpg,2020-09-20 15:36:09,,0,Designs may vary,True
80e3e7ed-d5d7-45cf-8b6c-25e0a42d30c8,Woolworths Supermarket,Household,Glade Sport New Car 7ml,456605,$6.00,$6.00 / 1EA,https://www.woolworths.com.au/shop/productdetails/456605/glade-sport-new-car,https://cdn0.woolworths.media/content/wowproductimages/medium/456605.jpg,2020-09-20 15:36:09,,0,,True
d68aae7f-d5e6-4bc7-a3a5-613b5406f3f7,Woolworths Supermarket,Household,Vanish Preen Gold Power Gel 200ml,458074,$5.00,$25.00 / 1L,https://www.woolworths.com.au/shop/productdetails/458074/vanish-preen-gold-power-gel,https://cdn0.woolworths.media/content/wowproductimages/medium/458074.jpg,2020-09-20 15:36:09,,0,Was $5.49 16/10/2017,True
b14e159e-ab7e-4130-8ac0-ec9dece16ebb,Woolworths Supermarket,Household,Vanish Gold Oxi Action Intelligence Gel 1.75l,458083,$10.00,$5.71 / 1L,https://www.woolworths.com.au/shop/productdetails/458083/vanish-gold-oxi-action-intelligence-gel,https://cdn0.woolworths.media/content/wowproductimages/medium/458083.jpg,2020-09-20 15:36:09,,0,,True
d1f3ce17-e524-4c8c-bcce-93066c8e114f,Woolworths Supermarket,Household,Omo Active Clean Laundry Washing Powder Front & Top Loader 1kg,460965,$10.00,$10.00 / 1KG,https://www.woolworths.com.au/shop/productdetails/460965/omo-active-clean-laundry-washing-powder-front-top-loader,https://cdn0.woolworths.media/content/wowproductimages/medium/460965.jpg,2020-09-20 15:36:09,,0,Was $11.99 19/04/2016,True
b1c22833-9aa7-4cb0-8d7f-796c536fc84d,Woolworths Supermarket,Household,Omo Sensitive Laundry Washing Powder Front & Top Loader 1kg,462700,$10.00,$10.00 / 1KG,https://www.woolworths.com.au/shop/productdetails/462700/omo-sensitive-laundry-washing-powder-front-top-loader,https://cdn0.woolworths.media/content/wowproductimages/medium/462700.jpg,2020-09-20 15:36:09,,0,Was $11.99 19/04/2016,True
9bb0dca8-69e5-4e75-a2c5-bb455f968a24,Woolworths Supermarket,Household,Bref Power Active Toilet Cleaner Lemon 4 In 1 50g,463854,$3.50,$7.00 / 100G,https://www.woolworths.com.au/shop/productdetails/463854/bref-power-active-toilet-cleaner-lemon-4-in-1,https://cdn0.woolworths.media/content/wowproductimages/medium/463854.jpg,2020-09-20 15:36:09,,0,,True
20553a2d-1511-480b-8be8-43c39b448043,Woolworths Supermarket,Household,Decor Snap & Seal Soft Touch Bottle 500ml each,463900,$9.00,,https://www.woolworths.com.au/shop/productdetails/463900/decor-snap-seal-soft-touch-bottle-500ml,https://cdn0.woolworths.media/content/wowproductimages/medium/463900.jpg,2020-09-20 15:36:09,,0,Designs may vary,True
f8a7f455-69e5-4cfd-9e50-bdc8e6f9400c,Woolworths Supermarket,Household,Bref Duo Cubes 2 In 1 Formula 2x50g,463969,$3.50,$3.50 / 100G,https://www.woolworths.com.au/shop/productdetails/463969/bref-duo-cubes-2-in-1-formula,https://cdn0.woolworths.media/content/wowproductimages/medium/463969.jpg,2020-09-20 15:36:09,,0,,True
11f674b5-69f6-475d-8953-e2bb7082b192,Woolworths Supermarket,Household,Omo Ultimate Laundry Liquid Detergent Front & Top Loader 1.8l,466068,$22.00,$12.22 / 1L,https://www.woolworths.com.au/shop/productdetails/466068/omo-ultimate-laundry-liquid-detergent-front-top-loader,https://cdn0.woolworths.media/content/wowproductimages/medium/466068.jpg,2020-09-20 15:36:09,,0,,True
09e56f50-ede2-47b4-99f9-b051c963107e,Woolworths Supermarket,Household,Omo Active Clean Laundry Liquid Detergent Front & Top Loader 2l,468551,$11.00,$5.50 / 1L,https://www.woolworths.com.au/shop/productdetails/468551/omo-active-clean-laundry-liquid-detergent-front-top-loader,https://cdn0.woolworths.media/content/wowproductimages/medium/468551.jpg,2020-09-20 15:36:09,,0,,True
f0850a00-1a3b-40ec-a749-0a862a23ffd8,Woolworths Supermarket,Household,Omo Sensitive Laundry Detergent Liquid Front & Top Loader 2l,468552,$11.00,$5.50 / 1L,https://www.woolworths.com.au/shop/productdetails/468552/omo-sensitive-laundry-detergent-liquid-front-top-loader,https://cdn0.woolworths.media/content/wowproductimages/medium/468552.jpg,2020-09-20 15:36:09,,0,,True
8e43922c-f456-478b-b483-82ac04b49886,Woolworths Supermarket,Household,Omo Sensitive Laundry Detergent Powder Front & Top Loader 2kg,471182,$11.00,$5.50 / 1KG,https://www.woolworths.com.au/shop/productdetails/471182/omo-sensitive-laundry-detergent-powder-front-top-loader,https://cdn0.woolworths.media/content/wowproductimages/medium/471182.jpg,2020-09-20 15:36:09,,0,,True
275c86a8-8ca2-406e-a65c-accb74adb4e5,Woolworths Supermarket,Household,Quilton Gold Toilet Paper 12 pack,473213,$9.00,$0.54 / 100SS,https://www.woolworths.com.au/shop/productdetails/473213/quilton-gold-toilet-paper,https://cdn0.woolworths.media/content/wowproductimages/medium/473213.jpg,2020-09-20 15:36:09,,0,,True
069bddfd-6080-4b33-88d3-5df9e65353bd,Woolworths Supermarket,Household,Surf Liquid Tropical Lily 4l,475333,$15.00,$3.75 / 1L,https://www.woolworths.com.au/shop/productdetails/475333/surf-liquid-tropical-lily,https://cdn0.woolworths.media/content/wowproductimages/medium/475333.jpg,2020-09-20 15:36:09,,0,Was $15.99 28/08/2017,True
6aa86071-6ac9-4173-8c36-b2535786036c,Woolworths Supermarket,Household,Surf Laundry Powder Tropical 2kg,475342,$7.00,$3.50 / 1KG,https://www.woolworths.com.au/shop/productdetails/475342/surf-laundry-powder-tropical,https://cdn0.woolworths.media/content/wowproductimages/medium/475342.jpg,2020-09-20 15:36:09,,0,Was $8.50 30/05/2016,True
11628a32-ed2b-4fc1-85a0-209c927efc87,Woolworths Supermarket,Household,Surf Laundry Powder Herbals 2kg,475344,$7.00,$3.50 / 1KG,https://www.woolworths.com.au/shop/productdetails/475344/surf-laundry-powder-herbals,https://cdn0.woolworths.media/content/wowproductimages/medium/475344.jpg,2020-09-20 15:36:09,,0,Was $8.50 30/05/2016,True
de56dd03-fb33-4b9a-8bb6-464953efeda4,Woolworths Supermarket,Household,Arctic Zone 12 Can Zipperless Cooler each,477719,$18.00,,https://www.woolworths.com.au/shop/productdetails/477719/arctic-zone-12-can-zipperless-cooler,https://cdn0.woolworths.media/content/wowproductimages/medium/477719.jpg,2020-09-20 15:36:09,,0,,True
8b693f85-c8ef-47b3-92bc-10a283013bbb,Woolworths Supermarket,Household,Arctic Zone Collapsible Cooler 24 Cans each,477722,$15.00,,https://www.woolworths.com.au/shop/productdetails/477722/arctic-zone-collapsible-cooler-24-cans,https://cdn0.woolworths.media/content/wowproductimages/medium/477722.jpg,2020-09-20 15:36:09,,0,,True
71fd38b7-f001-40e9-a9da-e9ce8e841587,Woolworths Supermarket,Household,Philips Light Globe Led Filament 806lm E27 each,477877,$12.00,$12.00 / 1EA,https://www.woolworths.com.au/shop/productdetails/477877/philips-light-globe-led-filament-806lm-e27,https://cdn0.woolworths.media/content/wowproductimages/medium/477877.jpg,2020-09-20 15:36:09,,0,,True
941cfa68-2e4a-4cb9-a9de-509282447ea1,Woolworths Supermarket,Household,Philips Light Globe Led Filament 806lm B22 each,477878,$12.00,$12.00 / 1EA,https://www.woolworths.com.au/shop/productdetails/477878/philips-light-globe-led-filament-806lm-b22,https://cdn0.woolworths.media/content/wowproductimages/medium/477878.jpg,2020-09-20 15:36:09,,0,,True
c4e335f4-a230-4dc1-9c2d-8ea96edab77b,Woolworths Supermarket,Household,Homebrand Pool Tablets 10 pack,480291,$21.99,$11.00 / 1KG,https://www.woolworths.com.au/shop/productdetails/480291/homebrand-pool-tablets,https://cdn0.woolworths.media/content/wowproductimages/medium/480291.jpg,2020-09-20 15:36:09,,0,,True
1a87a2c7-8221-4d43-9fbf-97f696025deb,Woolworths Supermarket,Household,Radiant Colour Care Laundry Powder Front & Top Loader 2kg,482298,$8.00,$4.00 / 1KG,https://www.woolworths.com.au/shop/productdetails/482298/radiant-colour-care-laundry-powder-front-top-loader,https://cdn0.woolworths.media/content/wowproductimages/medium/482298.jpg,2020-09-20 15:36:09,,0,,True
64100be1-582d-444d-89db-52127b2b15b9,Woolworths Supermarket,Household,Finish Powder Concentrate Classic Lemon 1kg,705056,$12.00,$1.20 / 100G,https://www.woolworths.com.au/shop/productdetails/705056/finish-powder-concentrate-classic-lemon,https://cdn0.woolworths.media/content/wowproductimages/medium/705056.jpg,2020-09-20 15:36:09,,0,,True
6d6b98f1-2180-43ac-bdcc-d282406d2429,Woolworths Supermarket,Household,Quilton Facial Tissues Soft White 95pk,829630,$1.25,$1.32 / 100SS,https://www.woolworths.com.au/shop/productdetails/829630/quilton-facial-tissues-soft-white,https://cdn0.woolworths.media/content/wowproductimages/medium/829630.jpg,2020-09-20 15:36:09,,0,,True
131f2475-1dd0-4b4d-8ded-4bceaf6ef69c,Woolworths Supermarket,Household,Kleenex Facial Tissues Large & Thick Silk Touch 3ply 95 pack,172610,$2.60,$2.74 / 100SS,https://www.woolworths.com.au/shop/productdetails/172610/kleenex-facial-tissues-large-thick-silk-touch-3ply,https://cdn0.woolworths.media/content/wowproductimages/medium/172610.jpg,2020-09-20 15:36:09,,0,,True
4adce10e-726a-4bcd-823b-251a7e6f4638,Woolworths Supermarket,Household,Essentials Facial Tissues 224 pack,759496,$1.00,$0.45 / 100SS,https://www.woolworths.com.au/shop/productdetails/759496/essentials-facial-tissues,https://cdn0.woolworths.media/content/wowproductimages/medium/759496.jpg,2020-09-20 15:36:09,Average product rating out of 5: 3.9. Product score is based on 672 ratings,672,,True
fcc67286-188d-4fd1-a857-afd42a9ca0e8,Woolworths Supermarket,Household,Kleenex Facial Tissues 200 pack,063899,$2.00,$1.00 / 100SS,https://www.woolworths.com.au/shop/productdetails/63899/kleenex-facial-tissues,https://cdn0.woolworths.media/content/wowproductimages/medium/063899.jpg,2020-09-20 15:36:09,,0,Was $2.20 26/02/2020,True
86c7621a-94fc-48d3-a834-59c584d735d7,Woolworths Supermarket,Household,Handee Ultra Paper Towel White 2 pack,019787,$3.50,$2.92 / 100SS,https://www.woolworths.com.au/shop/productdetails/19787/handee-ultra-paper-towel-white,https://cdn0.woolworths.media/content/wowproductimages/medium/019787.jpg,2020-09-20 15:36:09,,0,,True
af131b68-6cb9-4d3c-893c-b8e81e77128b,Woolworths Supermarket,Household,Quilton 2ply Tissue Hypo-allergenic 250 pack,644239,$2.50,$1.00 / 100SS,https://www.woolworths.com.au/shop/productdetails/644239/quilton-2ply-tissue-hypo-allergenic,https://cdn0.woolworths.media/content/wowproductimages/medium/644239.jpg,2020-09-20 15:36:09,,0,,True
71580e75-8e87-4fa8-9ad3-bf98251e28e7,Woolworths Supermarket,Household,Armada Baking Paper 15m,252787,$2.70,$0.18 / 1M,https://www.woolworths.com.au/shop/productdetails/252787/armada-baking-paper,https://cdn0.woolworths.media/content/wowproductimages/medium/252787.jpg,2020-09-20 15:36:09,,0,,True
04401559-b860-43d4-b649-0763e45a209c,Woolworths Supermarket,Household,Armada Freezer Bags Medium 80 pack,036286,$0.60,$0.01 / 1EA,https://www.woolworths.com.au/shop/productdetails/36286/armada-freezer-bags-medium,https://cdn0.woolworths.media/content/wowproductimages/medium/036286.jpg,2020-09-20 15:36:09,Average product rating out of 5: 4.5. Product score is based on 107 ratings,107,,True
4a43c8ec-579d-48cf-a9cd-4aeb8eb9dc93,Woolworths Supermarket,Household,Quilton Tuffy Paper Towel White 4ply 3 pack,574728,$4.30,$2.39 / 100SS,https://www.woolworths.com.au/shop/productdetails/574728/quilton-tuffy-paper-towel-white-4ply,https://cdn0.woolworths.media/content/wowproductimages/medium/574728.jpg,2020-09-20 15:36:09,,0,,True
451cae14-60a7-4662-9cc7-42907d255395,Woolworths Supermarket,Household,Strike Disinfectant Wipes Lemon 100 pack,518438,$3.50,$0.04 / 1EA,https://www.woolworths.com.au/shop/productdetails/518438/strike-disinfectant-wipes-lemon,https://cdn0.woolworths.media/content/wowproductimages/medium/518438.jpg,2020-09-20 15:36:09,Average product rating out of 5: 4.3. Product score is based on 2496 ratings,2496,,True
cc98cc0c-e677-4e2e-87ac-c4cb1d902fa3,Woolworths Supermarket,Household,Quilton Tuffy Paper Towel Triple Length 2 pack,785317,$6.00,$1.67 / 100SS,https://www.woolworths.com.au/shop/productdetails/785317/quilton-tuffy-paper-towel-triple-length,https://cdn0.woolworths.media/content/wowproductimages/medium/785317.jpg,2020-09-20 15:36:09,,0,Was $6.80 06/07/2020,True
22ca69fd-dc32-4eaf-a554-31575cae6c3d,Woolworths Supermarket,Household,Handee Ultra Paper Towel White 3 pack,252037,$4.40,$2.44 / 100SS,https://www.woolworths.com.au/shop/productdetails/252037/handee-ultra-paper-towel-white,https://cdn0.woolworths.media/content/wowproductimages/medium/252037.jpg,2020-09-20 15:36:09,,0,,True
ab4f5343-6ec1-4cec-9c40-ca58ceaa5bf7,Woolworths Supermarket,Household,Kleenex Facial Tissues Aloe Vera 140 pack,032969,$3.00,$2.14 / 100SS,https://www.woolworths.com.au/shop/productdetails/32969/kleenex-facial-tissues-aloe-vera,https://cdn0.woolworths.media/content/wowproductimages/medium/032969.jpg,2020-09-20 15:36:09,,0,Was $3.85 20/01/2020,True
a97a26ea-fb78-4711-9558-7a4e7a2038b2,Woolworths Supermarket,Household,Viva Paper Towel White 3 pack,249921,$4.00,$2.22 / 100SS,https://www.woolworths.com.au/shop/productdetails/249921/viva-paper-towel-white,https://cdn0.woolworths.media/content/wowproductimages/medium/249921.jpg,2020-09-20 15:36:09,,0,Was $4.90 26/10/2017,True
983d8b48-d057-4e5c-b02f-dd202fffe2a8,Woolworths Supermarket,Household,Glad Baking Paper 25m,299138,$6.00,$0.24 / 1M,https://www.woolworths.com.au/shop/productdetails/299138/glad-baking-paper,https://cdn0.woolworths.media/content/wowproductimages/medium/299138.jpg,2020-09-20 15:36:09,,0,,True
d8ce67e7-6e22-4a44-9807-8a992e1afee3,Woolworths Supermarket,Household,Viva Paper Towel White 2 pack,176852,$1.75,$1.46 / 100SS,https://www.woolworths.com.au/shop/productdetails/176852/viva-paper-towel-white,https://cdn0.woolworths.media/content/wowproductimages/medium/176852.jpg,2020-09-20 15:36:09,,0,,True
4ad3ca30-01cf-4a22-8781-b4cfb5398ca3,Woolworths Supermarket,Household,Armada Large Kitchen Tidy Bag Lavender/lemon Scented 25 pack,517111,$2.00,$0.08 / 1EA,https://www.woolworths.com.au/shop/productdetails/517111/armada-large-kitchen-tidy-bag-lavender-lemon-scented,https://cdn0.woolworths.media/content/wowproductimages/medium/517111.jpg,2020-09-20 15:36:09,Average product rating out of 5: 4.5. Product score is based on 602 ratings,602,Was $2.50 17/09/2018,True
7f8fc0a7-16e5-48a1-a68c-fb3558c9212b,Woolworths Supermarket,Household,Shine Rinse Aid 500ml,686173,$2.90,$0.58 / 100ML,https://www.woolworths.com.au/shop/productdetails/686173/shine-rinse-aid,https://cdn0.woolworths.media/content/wowproductimages/medium/686173.jpg,2020-09-20 15:36:09,Average product rating out of 5: 4.8. Product score is based on 19 ratings,19,,True
b0191e10-5950-49d9-8a06-2e1d49461b5d,Woolworths Supermarket,Household,Morning Fresh Dishwashing Liquid Raspberry & Crisp Apple 900ml,588994,$3.75,$0.42 / 100ML,https://www.woolworths.com.au/shop/productdetails/588994/morning-fresh-dishwashing-liquid-raspberry-crisp-apple,https://cdn0.woolworths.media/content/wowproductimages/medium/588994.jpg,2020-09-20 15:36:09,,0,,True
9e566c89-b5e2-4c64-8513-f1ef3e6002e7,Woolworths Supermarket,Household,Radiant No Sort Laundry Powder Front & Top Loader 2kg,482299,$8.00,$4.00 / 1KG,https://www.woolworths.com.au/shop/productdetails/482299/radiant-no-sort-laundry-powder-front-top-loader,https://cdn0.woolworths.media/content/wowproductimages/medium/482299.jpg,2020-09-20 15:36:09,,0,,True
671c9d52-a65e-44b3-a5ca-efddbd1ae1d0,Woolworths Supermarket,Household,Radiant Colour Care Laundry Powder Front & Top Loader 1kg,482321,$6.00,$6.00 / 1KG,https://www.woolworths.com.au/shop/productdetails/482321/radiant-colour-care-laundry-powder-front-top-loader,https://cdn0.woolworths.media/content/wowproductimages/medium/482321.jpg,2020-09-20 15:36:09,,0,Was $9.00 27/06/2016,True
1e3d068a-f151-4b20-98bf-0f4cfe251656,Woolworths Supermarket,Household,Radiant Colour Care Laundry Liquid Front & Top Loader 2l,482326,$8.00,$4.00 / 1L,https://www.woolworths.com.au/shop/productdetails/482326/radiant-colour-care-laundry-liquid-front-top-loader,https://cdn0.woolworths.media/content/wowproductimages/medium/482326.jpg,2020-09-20 15:36:09,,0,,True
29a61312-a30f-4a67-b354-c47c16dc0124,Woolworths Supermarket,Household,Hercules Resealable Twin Zip Jumbo Sandwich Bags 8 pack,485590,$4.00,$0.50 / 1EA,https://www.woolworths.com.au/shop/productdetails/485590/hercules-resealable-twin-zip-jumbo-sandwich-bags,https://cdn0.woolworths.media/content/wowproductimages/medium/485590.jpg,2020-09-20 15:36:09,,0,,True
7ea51481-7760-4a15-836c-314e214153f0,Woolworths Supermarket,Household,Hercules Resealable Twin Zip Medium Storage Bag 15 pack,485613,$2.50,$0.17 / 1EA,https://www.woolworths.com.au/shop/productdetails/485613/hercules-resealable-twin-zip-medium-storage-bag,https://cdn0.woolworths.media/content/wowproductimages/medium/485613.jpg,2020-09-20 15:36:09,,0,,True
56868b3d-38f9-48c4-92cb-4ade890fc3ff,Woolworths Supermarket,Household,Multix Aluminium Foil Extra Wide 10m,485698,$3.95,$0.40 / 1M,https://www.woolworths.com.au/shop/productdetails/485698/multix-aluminium-foil-extra-wide,https://cdn0.woolworths.media/content/wowproductimages/medium/485698.jpg,2020-09-20 15:36:09,,0,,True
55eece9b-b437-47dc-ae36-1957c9357a05,Woolworths Supermarket,Household,Multix Garbage Bag Drawtight 10ea,485720,$4.40,$0.44 / 1EA,https://www.woolworths.com.au/shop/productdetails/485720/multix-garbage-bag-drawtight,https://cdn0.woolworths.media/content/wowproductimages/medium/485720.jpg,2020-09-20 15:36:09,,0,,True
7eaccf78-0eb5-49f5-8299-7cc714e4f820,Woolworths Supermarket,Household,Decor Microsafe Easy Steam Egg Poacher each,491645,$15.00,$15.00 / 1EA,https://www.woolworths.com.au/shop/productdetails/491645/decor-microsafe-easy-steam-egg-poacher,https://cdn0.woolworths.media/content/wowproductimages/medium/491645.jpg,2020-09-20 15:36:09,,0,,True
bc91a862-e219-4ed4-8259-dd5fbfb8c853,Woolworths Supermarket,Household,Yates Insect Spray Nature's Way All Purpose 750ml,492044,$13.50,$1.80 / 100ML,https://www.woolworths.com.au/shop/productdetails/492044/yates-insect-spray-nature-s-way-all-purpose,https://cdn0.woolworths.media/content/wowproductimages/medium/492044.jpg,2020-09-20 15:36:09,,0,,True
21bb215f-dd2b-463c-a8ae-92dde4403462,Woolworths Supermarket,Household,Yates Lawn Fertiliser Hose On 2l,492055,$14.00,$0.70 / 100ML,https://www.woolworths.com.au/shop/productdetails/492055/yates-lawn-fertiliser-hose-on,https://cdn0.woolworths.media/content/wowproductimages/medium/492055.jpg,2020-09-20 15:36:09,,0,,True
c7263384-2618-45e8-a0c6-731f9b008a37,Woolworths Supermarket,Household,Brunnings Rose Sprau Rtu 1l,492620,$9.00,$0.90 / 100ML,https://www.woolworths.com.au/shop/productdetails/492620/brunnings-rose-sprau-rtu,https://cdn0.woolworths.media/content/wowproductimages/medium/492620.jpg,2020-09-20 15:36:09,,0,,True
58ed1939-c4bb-4601-916b-f327afc77010,Woolworths Supermarket,Household,Decor Tellfresh Super Storer Clear Super Storer 5.5l 5.5l,492628,$6.00,,https://www.woolworths.com.au/shop/productdetails/492628/decor-tellfresh-super-storer-clear-super-storer-5-5l,https://cdn0.woolworths.media/content/wowproductimages/medium/492628.jpg,2020-09-20 15:36:09,,0,,True
df75fe8a-b4e6-4d85-a6a6-e7fdbcd58361,Woolworths Supermarket,Household,Smash Large Freeze Bricks each,494000,$4.00,$4.00 / 1EA,https://www.woolworths.com.au/shop/productdetails/494000/smash-large-freeze-bricks,https://cdn0.woolworths.media/content/wowproductimages/medium/494000.jpg,2020-09-20 15:36:09,,0,,True
9baf25da-dc6c-4a28-8f13-176a82cc645e,Woolworths Supermarket,Household,Waxworks Citronella Candle Tea Light 30 pack,494024,$5.40,,https://www.woolworths.com.au/shop/productdetails/494024/waxworks-citronella-candle-tea-light,https://cdn0.woolworths.media/content/wowproductimages/medium/494024.jpg,2020-09-20 15:36:09,,0,,True
e34d56bd-39a2-4916-a7f4-e6ab8264f04a,Woolworths Supermarket,Household,Waxworks Mozzie Sticks Sandalwood & Citronella 12 pack,494108,$8.00,,https://www.woolworths.com.au/shop/productdetails/494108/waxworks-mozzie-sticks-sandalwood-citronella,https://cdn0.woolworths.media/content/wowproductimages/medium/494108.jpg,2020-09-20 15:36:09,,0,,True
346a76c4-bf6b-40e9-9f6f-42d31eafc05b,Woolworths Supermarket,Household,Waxworks Citronella Candle Glass Patio Jar 10cm,494110,$7.00,,https://www.woolworths.com.au/shop/productdetails/494110/waxworks-citronella-candle-glass-patio-jar,https://cdn0.woolworths.media/content/wowproductimages/medium/494110.jpg,2020-09-20 15:36:09,,0,,True
36c649fc-3c75-411f-8f14-41b89806fa9b,Woolworths Supermarket,Household,Waxworks Citronella Candle In Metal Bucket 13cm each,494115,$10.00,,https://www.woolworths.com.au/shop/productdetails/494115/waxworks-citronella-candle-in-metal-bucket,https://cdn0.woolworths.media/content/wowproductimages/medium/494115.jpg,2020-09-20 15:36:09,,0,,True
5e7637a9-8594-4f7f-b48f-e683bfe6bfa6,Woolworths Supermarket,Household,Bic Multi Purpose Flex Wand Lighter each,494238,$10.00,,https://www.woolworths.com.au/shop/productdetails/494238/bic-multi-purpose-flex-wand-lighter,https://cdn0.woolworths.media/content/wowproductimages/medium/494238.jpg,2020-09-20 15:36:09,,0,,True
1eb61f85-0ccb-458f-a0d3-9a9e2bc38fba,Woolworths Supermarket,Household,Decor Double Wall Insulated Bullet Bottle 500ml each,495442,$20.00,,https://www.woolworths.com.au/shop/productdetails/495442/decor-double-wall-insulated-bullet-bottle,https://cdn0.woolworths.media/content/wowproductimages/medium/495442.jpg,2020-09-20 15:36:09,,0,,True
17cf79d9-7722-480a-9bb4-1291d0f076c1,Woolworths Supermarket,Household,Decor Lunch Box Ice Pack Small Assorted 2pk,495443,$7.00,,https://www.woolworths.com.au/shop/productdetails/495443/decor-lunch-box-ice-pack-small-assorted,https://cdn0.woolworths.media/content/wowproductimages/medium/495443.jpg,2020-09-20 15:36:09,,0,Designs may vary,True
46a764c8-2891-4d0f-bb74-faf5ac95b757,Woolworths Supermarket,Household,Decor Pumped Tritan Bottle 750ml Assorted each,495523,$10.00,,https://www.woolworths.com.au/shop/productdetails/495523/decor-pumped-tritan-bottle-750ml-assorted,https://cdn0.woolworths.media/content/wowproductimages/medium/495523.jpg,2020-09-20 15:36:09,,0,Designs may vary,True
54f98acd-151d-4b78-9366-c71233ea3e5b,Woolworths Supermarket,Household,Oakwood Leather Clean Soap 250ml,497143,,,https://www.woolworths.com.au/shop/productdetails/497143/oakwood-leather-clean-soap,https://cdn0.woolworths.media/content/wowproductimages/medium/497143.jpg,2020-09-20 15:36:09,,0,,False
df8c857c-1d8a-4709-b63a-8ba8359d163b,Woolworths Supermarket,Household,Sistema Klip It Tritan Canister Square 460ml each,500870,$6.00,,https://www.woolworths.com.au/shop/productdetails/500870/sistema-klip-it-tritan-canister-square,https://cdn0.woolworths.media/content/wowproductimages/medium/500870.jpg,2020-09-20 15:36:09,,0,,True
49d58db4-1c9d-4516-8405-e42bff83eb9f,Woolworths Supermarket,Household,Sistema Klip It Tritan Canister Square 700ml each,500871,$8.00,,https://www.woolworths.com.au/shop/productdetails/500871/sistema-klip-it-tritan-canister-square,https://cdn0.woolworths.media/content/wowproductimages/medium/500871.jpg,2020-09-20 15:36:09,,0,,True
3bf8f1bd-be94-4e11-b13e-35f5ed9278ca,Woolworths Supermarket,Household,Sistema Klip It Tritan Canister Square 920ml each,500872,$10.00,,https://www.woolworths.com.au/shop/productdetails/500872/sistema-klip-it-tritan-canister-square,https://cdn0.woolworths.media/content/wowproductimages/medium/500872.jpg,2020-09-20 15:36:09,,0,,True
a35f22e3-fb60-4f54-9e42-6c335277866d,Woolworths Supermarket,Household,Sistema Klip It Tritan Canister Square 1.3l each,500873,$12.00,,https://www.woolworths.com.au/shop/productdetails/500873/sistema-klip-it-tritan-canister-square,https://cdn0.woolworths.media/content/wowproductimages/medium/500873.jpg,2020-09-20 15:36:09,,0,,True
6cab1872-f843-464b-8ef5-04ed4a123a01,Woolworths Supermarket,Household,3m Command Wet & Dry Designer Hook 2 pack,500970,$7.00,$3.50 / 1EA,https://www.woolworths.com.au/shop/productdetails/500970/3m-command-wet-dry-designer-hook,https://cdn0.woolworths.media/content/wowproductimages/medium/500970.jpg,2020-09-20 15:36:09,,0,,True
f470f492-ce63-497c-a5e0-a1cdde19e883,Woolworths Supermarket,Household,Little Trees Vent Clip Vanilla Fragrance each,501335,$4.20,,https://www.woolworths.com.au/shop/productdetails/501335/little-trees-vent-clip-vanilla-fragrance,https://cdn0.woolworths.media/content/wowproductimages/medium/501335.jpg,2020-09-20 15:36:09,,0,,True
12e755ec-f317-470c-a224-e4958c881d7a,Woolworths Supermarket,Household,Little Trees Vent Clip New Car Fragrance each,501338,$4.20,,https://www.woolworths.com.au/shop/productdetails/501338/little-trees-vent-clip-new-car-fragrance,https://cdn0.woolworths.media/content/wowproductimages/medium/501338.jpg,2020-09-20 15:36:09,,0,,True
0d069f92-397e-4819-b1a2-ed32760c0ef5,Woolworths Supermarket,Household,Kenco Bag Of Rags 400g,501945,$8.00,,https://www.woolworths.com.au/shop/productdetails/501945/kenco-bag-of-rags,https://cdn0.woolworths.media/content/wowproductimages/medium/501945.jpg,2020-09-20 15:36:09,,0,,True
ca433ebc-fe46-466d-8439-69771bbaf666,Woolworths Supermarket,Household,Ambi Pur Car Air Freshener Premium Clip Aqua 7.5ml,503678,$6.60,$6.60 / 1EA,https://www.woolworths.com.au/shop/productdetails/503678/ambi-pur-car-air-freshener-premium-clip-aqua,https://cdn0.woolworths.media/content/wowproductimages/medium/503678.jpg,2020-09-20 15:36:09,,0,,True
b37bc5cc-af76-4d30-a5df-30cb33bc5440,Woolworths Supermarket,Household,Essentials Plastic Food Cover each,505669,$2.00,,https://www.woolworths.com.au/shop/productdetails/505669/essentials-plastic-food-cover,https://cdn0.woolworths.media/content/wowproductimages/medium/505669.jpg,2020-09-20 15:36:09,,0,,True
542ef3a0-6c7d-4f25-863d-ee33fcf8b69f,Woolworths Supermarket,Household,Ambi Pur Car Refill Aqua 7.5ml,507554,$7.50,$10.00 / 10ML,https://www.woolworths.com.au/shop/productdetails/507554/ambi-pur-car-refill-aqua,https://cdn0.woolworths.media/content/wowproductimages/medium/507554.jpg,2020-09-20 15:36:09,,0,,True
64df8e96-9549-400a-aa8c-d55eea48ba5e,Woolworths Supermarket,Household,Raid One Shot Insect Spray Cik Target Kill 300g,508100,$9.70,$3.23 / 100G,https://www.woolworths.com.au/shop/productdetails/508100/raid-one-shot-insect-spray-cik-target-kill,https://cdn0.woolworths.media/content/wowproductimages/medium/508100.jpg,2020-09-20 15:36:09,,0,,True
cf92ad0f-4236-4c5a-bbed-3d27b7e3ea85,Woolworths Supermarket,Household,Scholl Gelactive Insoles Women's Flat Shoes 1 pair,508154,$19.99,$10.00 / 1EA,https://www.woolworths.com.au/shop/productdetails/508154/scholl-gelactive-insoles-women-s-flat-shoes,https://cdn0.woolworths.media/content/wowproductimages/medium/508154.jpg,2020-09-20 15:36:09,,0,,True
8ae47ec0-68c5-4bea-8df2-f85099236020,Woolworths Supermarket,Household,Scholl Gel Active Insoles High Heel each,508157,$20.00,$10.00 / 1EA,https://www.woolworths.com.au/shop/productdetails/508157/scholl-gel-active-insoles-high-heel,https://cdn0.woolworths.media/content/wowproductimages/medium/508157.jpg,2020-09-20 15:36:09,,0,,True
7f12e3b9-bf33-473e-a3c7-3a6c8814b29b,Woolworths Supermarket,Household,Scholl Gelactive Insoles Women's Everyday Heels 1 pair,508162,$20.00,$10.00 / 1EA,https://www.woolworths.com.au/shop/productdetails/508162/scholl-gelactive-insoles-women-s-everyday-heels,https://cdn0.woolworths.media/content/wowproductimages/medium/508162.jpg,2020-09-20 15:36:09,,0,,True
60211512-33f0-496a-8c57-ede1ab017516,Woolworths Supermarket,Household,Bonds Action Brief Extra Large 4 pack,510002,$22.00,,https://www.woolworths.com.au/shop/productdetails/510002/bonds-action-brief-extra-large,https://cdn0.woolworths.media/content/wowproductimages/medium/510002.jpg,2020-09-20 15:36:09,,0,Designs may vary,True
93030822-5c73-459f-8cba-cfe2bf131ca7,Woolworths Supermarket,Household,Bonds Underwear Mens Action Briefs Large each,510031,$22.00,,https://www.woolworths.com.au/shop/productdetails/510031/bonds-underwear-mens-action-briefs-large,https://cdn0.woolworths.media/content/wowproductimages/medium/510031.jpg,2020-09-20 15:36:09,,0,,True
27f531eb-04f5-4e62-9a2e-14a0897a9fc3,Woolworths Supermarket,Household,Wiltshire Digital Timer Digital Timer each,510475,$12.00,,https://www.woolworths.com.au/shop/productdetails/510475/wiltshire-digital-timer-digital-timer,https://cdn0.woolworths.media/content/wowproductimages/medium/510475.jpg,2020-09-20 15:36:09,,0,,True
8ab2c8d8-fb7d-4a42-b995-44a3c1b97c99,Woolworths Supermarket,Household,Glade Candle Angel Whispers 96g,510837,$6.00,$6.00 / 1EA,https://www.woolworths.com.au/shop/productdetails/510837/glade-candle-angel-whispers,https://cdn0.woolworths.media/content/wowproductimages/medium/510837.jpg,2020-09-20 15:36:09,,0,Was $6.99 12/01/2017,True
dfa511bf-0e08-43ee-b0fb-a2cd9809cb30,Woolworths Supermarket,Household,Glade 2 In 1 Candle Passionfruit Hawaiian Breeze 96g,510884,$6.00,,https://www.woolworths.com.au/shop/productdetails/510884/glade-2-in-1-candle-passionfruit-hawaiian-breeze,https://cdn0.woolworths.media/content/wowproductimages/medium/510884.jpg,2020-09-20 15:36:09,,0,Was $6.99 12/01/2017,True
37ca6cd5-02f4-4df0-aa3f-f748c9726792,Woolworths Supermarket,Household,Korbond Playing Cards 92g,510924,$4.00,$4.00 / 1EA,https://www.woolworths.com.au/shop/productdetails/510924/korbond-playing-cards,https://cdn0.woolworths.media/content/wowproductimages/medium/510924.jpg,2020-09-20 15:36:09,,0,,True
2c2a11bd-bf0a-4611-8150-a6c4c69e8b2f,Woolworths Supermarket,Household,Bonds Womens Logo Socks Light No Show Sz 8 Plus 4 pack,511499,$14.00,,https://www.woolworths.com.au/shop/productdetails/511499/bonds-womens-logo-socks-light-no-show-sz-8-plus,https://cdn0.woolworths.media/content/wowproductimages/medium/511499.jpg,2020-09-20 15:36:09,,0,Designs may vary,True
45600185-b716-4bec-825f-b4cc9e93a563,Woolworths Supermarket,Household,Adesso Sandwich Maker Stainless Steel each,511505,$20.00,,https://www.woolworths.com.au/shop/productdetails/511505/adesso-sandwich-maker-stainless-steel,https://cdn0.woolworths.media/content/wowproductimages/medium/511505.jpg,2020-09-20 15:36:09,,0,,True
4244ce33-601f-4574-9982-fe40db54b08e,Woolworths Supermarket,Household,Bonds Womens Logo Socks Light No Show Sz 3 Plus 4 pack,511530,$14.00,,https://www.woolworths.com.au/shop/productdetails/511530/bonds-womens-logo-socks-light-no-show-sz-3-plus,https://cdn0.woolworths.media/content/wowproductimages/medium/511530.jpg,2020-09-20 15:36:09,,0,Designs may vary,True
3b6ff77e-11c1-4b6f-b4c4-586c01ef1a33,Woolworths Supermarket,Household,Decor Glass Measuring Jug With Lid 650ml,512329,$15.00,,https://www.woolworths.com.au/shop/productdetails/512329/decor-glass-measuring-jug-with-lid,https://cdn0.woolworths.media/content/wowproductimages/medium/512329.jpg,2020-09-20 15:36:09,,0,,True
bd7541b7-d9f1-429a-8a1f-775e43e664a4,Woolworths Supermarket,Household,Kambrook Pancake Maker each,512582,$39.00,$39.00 / 1EA,https://www.woolworths.com.au/shop/productdetails/512582/kambrook-pancake-maker,https://cdn0.woolworths.media/content/wowproductimages/medium/512582.jpg,2020-09-20 15:36:09,,0,,True
1652ef66-4259-466d-95a8-ee40d1a3a22e,Woolworths Supermarket,Household,Finish Powder Concentrate Classic Lemon 1kg,705056,$12.00,$1.20 / 100G,https://www.woolworths.com.au/shop/productdetails/705056/finish-powder-concentrate-classic-lemon,https://cdn0.woolworths.media/content/wowproductimages/medium/705056.jpg,2020-09-20 15:36:09,,0,,True
f6041b0f-2f5c-4c1e-b597-904541490496,Woolworths Supermarket,Household,Morning Fresh Dishwashing Liquid Raspberry & Crisp Apple 900ml,588994,$3.75,$0.42 / 100ML,https://www.woolworths.com.au/shop/productdetails/588994/morning-fresh-dishwashing-liquid-raspberry-crisp-apple,https://cdn0.woolworths.media/content/wowproductimages/medium/588994.jpg,2020-09-20 15:36:09,,0,,True
d4247159-3e0a-4ea5-9660-e40f285c55cc,Woolworths Supermarket,Household,Quilton Facial Tissues Soft White 95pk,829630,$1.25,$1.32 / 100SS,https://www.woolworths.com.au/shop/productdetails/829630/quilton-facial-tissues-soft-white,https://cdn0.woolworths.media/content/wowproductimages/medium/829630.jpg,2020-09-20 15:36:09,,0,,True
b611ffa8-7a44-4d16-a360-c568ca315548,Woolworths Supermarket,Household,Viva Paper Towel White 2 pack,176852,$1.75,$1.46 / 100SS,https://www.woolworths.com.au/shop/productdetails/176852/viva-paper-towel-white,https://cdn0.woolworths.media/content/wowproductimages/medium/176852.jpg,2020-09-20 15:36:09,,0,,True
cb68764d-824b-401d-9481-23a44efb376e,Woolworths Supermarket,Household,Quilton 2ply Tissue Hypo-allergenic 250 pack,644239,$2.50,$1.00 / 100SS,https://www.woolworths.com.au/shop/productdetails/644239/quilton-2ply-tissue-hypo-allergenic,https://cdn0.woolworths.media/content/wowproductimages/medium/644239.jpg,2020-09-20 15:36:09,,0,,True
9ebdbd06-89bc-4535-87c1-41d0bd0c6c66,Woolworths Supermarket,Household,Kleenex Facial Tissues Aloe Vera 140 pack,032969,$3.00,$2.14 / 100SS,https://www.woolworths.com.au/shop/productdetails/32969/kleenex-facial-tissues-aloe-vera,https://cdn0.woolworths.media/content/wowproductimages/medium/032969.jpg,2020-09-20 15:36:09,,0,Was $3.85 20/01/2020,True
ca48972f-7a26-412a-8b62-1e26bc331d2d,Woolworths Supermarket,Household,Armada Freezer Bags Medium 80 pack,036286,$0.60,$0.01 / 1EA,https://www.woolworths.com.au/shop/productdetails/36286/armada-freezer-bags-medium,https://cdn0.woolworths.media/content/wowproductimages/medium/036286.jpg,2020-09-20 15:36:09,Average product rating out of 5: 4.5. Product score is based on 107 ratings,107,,True
d74ff21b-7416-49f9-8537-74930a9a4952,Woolworths Supermarket,Household,Kleenex Facial Tissues 200 pack,063899,$2.00,$1.00 / 100SS,https://www.woolworths.com.au/shop/productdetails/63899/kleenex-facial-tissues,https://cdn0.woolworths.media/content/wowproductimages/medium/063899.jpg,2020-09-20 15:36:09,,0,Was $2.20 26/02/2020,True
6c15d77c-b3f1-461d-ac9c-2226947e16e0,Woolworths Supermarket,Household,Armada Baking Paper 15m,252787,$2.70,$0.18 / 1M,https://www.woolworths.com.au/shop/productdetails/252787/armada-baking-paper,https://cdn0.woolworths.media/content/wowproductimages/medium/252787.jpg,2020-09-20 15:36:09,,0,,True
78fb9b5b-8179-4956-acbc-c3380a784662,Woolworths Supermarket,Household,Shine Rinse Aid 500ml,686173,$2.90,$0.58 / 100ML,https://www.woolworths.com.au/shop/productdetails/686173/shine-rinse-aid,https://cdn0.woolworths.media/content/wowproductimages/medium/686173.jpg,2020-09-20 15:36:09,Average product rating out of 5: 4.8. Product score is based on 19 ratings,19,,True
f2ab1295-57e2-42db-b9bb-984e8609d8f4,Woolworths Supermarket,Household,Viva Paper Towel White 3 pack,249921,$4.00,$2.22 / 100SS,https://www.woolworths.com.au/shop/productdetails/249921/viva-paper-towel-white,https://cdn0.woolworths.media/content/wowproductimages/medium/249921.jpg,2020-09-20 15:36:09,,0,Was $4.90 26/10/2017,True
bdbd2127-e535-4cf8-9c81-bd888f22e907,Woolworths Supermarket,Household,Handee Ultra Paper Towel White 2 pack,019787,$3.50,$2.92 / 100SS,https://www.woolworths.com.au/shop/productdetails/19787/handee-ultra-paper-towel-white,https://cdn0.woolworths.media/content/wowproductimages/medium/019787.jpg,2020-09-20 15:36:09,,0,,True
c757ac63-530a-40d3-9b75-3090d44631cc,Woolworths Supermarket,Household,Quilton Tuffy Paper Towel Triple Length 2 pack,785317,$6.00,$1.67 / 100SS,https://www.woolworths.com.au/shop/productdetails/785317/quilton-tuffy-paper-towel-triple-length,https://cdn0.woolworths.media/content/wowproductimages/medium/785317.jpg,2020-09-20 15:36:09,,0,Was $6.80 06/07/2020,True
94d3461b-fb8f-4785-98c0-567a469667e8,Woolworths Supermarket,Household,Armada Large Kitchen Tidy Bag Lavender/lemon Scented 25 pack,517111,$2.00,$0.08 / 1EA,https://www.woolworths.com.au/shop/productdetails/517111/armada-large-kitchen-tidy-bag-lavender-lemon-scented,https://cdn0.woolworths.media/content/wowproductimages/medium/517111.jpg,2020-09-20 15:36:09,Average product rating out of 5: 4.5. Product score is based on 602 ratings,602,Was $2.50 17/09/2018,True
d0b58739-7622-4b0f-9129-2fae6fd87932,Woolworths Supermarket,Household,Essentials Facial Tissues 224 pack,759496,$1.00,$0.45 / 100SS,https://www.woolworths.com.au/shop/productdetails/759496/essentials-facial-tissues,https://cdn0.woolworths.media/content/wowproductimages/medium/759496.jpg,2020-09-20 15:36:09,Average product rating out of 5: 3.9. Product score is based on 672 ratings,672,,True
8dd5dabc-cecd-44a8-80a5-4254687f3751,Woolworths Supermarket,Household,Quilton Tuffy Paper Towel White 4ply 3 pack,574728,$4.30,$2.39 / 100SS,https://www.woolworths.com.au/shop/productdetails/574728/quilton-tuffy-paper-towel-white-4ply,https://cdn0.woolworths.media/content/wowproductimages/medium/574728.jpg,2020-09-20 15:36:09,,0,,True
517b4709-87ff-461a-9483-b83baec1c605,Woolworths Supermarket,Household,Handee Ultra Paper Towel White 3 pack,252037,$4.40,$2.44 / 100SS,https://www.woolworths.com.au/shop/productdetails/252037/handee-ultra-paper-towel-white,https://cdn0.woolworths.media/content/wowproductimages/medium/252037.jpg,2020-09-20 15:36:09,,0,,True
5742bd94-a9b3-424e-b764-df8aee3ac275,Woolworths Supermarket,Household,Strike Disinfectant Wipes Lemon 100 pack,518438,$3.50,$0.04 / 1EA,https://www.woolworths.com.au/shop/productdetails/518438/strike-disinfectant-wipes-lemon,https://cdn0.woolworths.media/content/wowproductimages/medium/518438.jpg,2020-09-20 15:36:09,Average product rating out of 5: 4.3. Product score is based on 2496 ratings,2496,,True
12c7137a-de4d-418a-a5e3-2172d36c1c05,Woolworths Supermarket,Household,Glad Baking Paper 25m,299138,$6.00,$0.24 / 1M,https://www.woolworths.com.au/shop/productdetails/299138/glad-baking-paper,https://cdn0.woolworths.media/content/wowproductimages/medium/299138.jpg,2020-09-20 15:36:09,,0,,True
6c11bf38-5ac0-4d99-a32e-56a890dc13ab,Woolworths Supermarket,Household,Kleenex Facial Tissues Large & Thick Silk Touch 3ply 95 pack,172610,$2.60,$2.74 / 100SS,https://www.woolworths.com.au/shop/productdetails/172610/kleenex-facial-tissues-large-thick-silk-touch-3ply,https://cdn0.woolworths.media/content/wowproductimages/medium/172610.jpg,2020-09-20 15:36:09,,0,,True
9529427e-4d79-4469-8533-63117958a78c,Woolworths Supermarket,Household,Eveready Dolphin Led Torch Mk7 each,514407,$20.00,$20.00 / 1EA,https://www.woolworths.com.au/shop/productdetails/514407/eveready-dolphin-led-torch-mk7,https://cdn0.woolworths.media/content/wowproductimages/medium/514407.jpg,2020-09-20 15:36:09,,0,,True
40c59915-e5ea-4ad7-8ec3-c1b54c9211fd,Woolworths Supermarket,Household,Bic Kids Pencils Tropicolors 24 pack,516752,$4.90,$4.90 / 1EA,https://www.woolworths.com.au/shop/productdetails/516752/bic-kids-pencils-tropicolors,https://cdn0.woolworths.media/content/wowproductimages/medium/516752.jpg,2020-09-20 15:36:09,,0,,True
cdf67f2d-0e76-43c0-9696-a63dfc4b79f9,Woolworths Supermarket,Household,Bic Kids Felt Pens 18 pack,516753,$5.25,$5.25 / 1EA,https://www.woolworths.com.au/shop/productdetails/516753/bic-kids-felt-pens,https://cdn0.woolworths.media/content/wowproductimages/medium/516753.jpg,2020-09-20 15:36:09,,0,,True
b57de1e3-acfa-4a7d-8ee0-39b32cec1204,Woolworths Supermarket,Household,Armada Garden Garbage Bag 3 pack,517048,$2.55,$0.85 / 1EA,https://www.woolworths.com.au/shop/productdetails/517048/armada-garden-garbage-bag,https://cdn0.woolworths.media/content/wowproductimages/medium/517048.jpg,2020-09-20 15:36:09,Average product rating out of 5: 4.5. Product score is based on 256 ratings,256,,True
0c014aa9-a50d-4b34-a81a-892402385d86,Woolworths Supermarket,Household,Armada Small Kitchen Tidy Bags Lavender/lemon Scented 40 pack,517049,$2.00,$0.05 / 1EA,https://www.woolworths.com.au/shop/productdetails/517049/armada-small-kitchen-tidy-bags-lavender-lemon-scented,https://cdn0.woolworths.media/content/wowproductimages/medium/517049.jpg,2020-09-20 15:36:09,Average product rating out of 5: 4.5. Product score is based on 397 ratings,397,Was $2.50 17/09/2018,True
b65cef7f-4ac3-4dcf-9f42-2ad635c14d92,Woolworths Supermarket,Household,Korbond Party Poppers 25 pack,517091,$3.00,$0.12 / 1EA,https://www.woolworths.com.au/shop/productdetails/517091/korbond-party-poppers,https://cdn0.woolworths.media/content/wowproductimages/medium/517091.jpg,2020-09-20 15:36:09,,0,,True
f3202a96-f163-48f9-a5e7-5a733ebe5954,Woolworths Supermarket,Household,Korbond Whiz Pop Bang Straight Sparkler 24cm 24 pack,517092,$2.00,$0.08 / 1EA,https://www.woolworths.com.au/shop/productdetails/517092/korbond-whiz-pop-bang-straight-sparkler-24cm,https://cdn0.woolworths.media/content/wowproductimages/medium/517092.jpg,2020-09-20 15:36:09,,0,,True
9448f4de-3fba-4ac3-b573-6f0418d919e9,Woolworths Supermarket,Household,Korbond Whiz Pop Bang Straight Coloured Sparkler 16 pack,517095,$3.00,$0.19 / 1EA,https://www.woolworths.com.au/shop/productdetails/517095/korbond-whiz-pop-bang-straight-coloured-sparkler,https://cdn0.woolworths.media/content/wowproductimages/medium/517095.jpg,2020-09-20 15:36:09,,0,,True
a559196a-37cc-4fce-a791-b04914c2a54d,Woolworths Supermarket,Household,Armada Medium Kitchen Tidy Bag Lavender/lemon Scented 30 pack,517110,$2.00,$0.07 / 1EA,https://www.woolworths.com.au/shop/productdetails/517110/armada-medium-kitchen-tidy-bag-lavender-lemon-scented,https://cdn0.woolworths.media/content/wowproductimages/medium/517110.jpg,2020-09-20 15:36:09,Average product rating out of 5: 4.5. Product score is based on 484 ratings,484,Was $2.50 17/09/2018,True
cef32c3e-a2b6-4dd7-9341-47d2a13b9bee,Woolworths Supermarket,Household,Armada Large Kitchen Tidy Bag Lavender/lemon Scented 25 pack,517111,$2.00,$0.08 / 1EA,https://www.woolworths.com.au/shop/productdetails/517111/armada-large-kitchen-tidy-bag-lavender-lemon-scented,https://cdn0.woolworths.media/content/wowproductimages/medium/517111.jpg,2020-09-20 15:36:09,Average product rating out of 5: 4.5. Product score is based on 602 ratings,602,Was $2.50 17/09/2018,True
324f836a-3dac-491d-aa84-d59562403484,Woolworths Supermarket,Household,Korbond Whiz Pop Bang Straight Sparkler 40cm 8 pack,517115,$3.00,$0.38 / 1EA,https://www.woolworths.com.au/shop/productdetails/517115/korbond-whiz-pop-bang-straight-sparkler-40cm,https://cdn0.woolworths.media/content/wowproductimages/medium/517115.jpg,2020-09-20 15:36:09,,0,,True
87e3e967-f653-44d7-80fd-b461422be31a,Woolworths Supermarket,Household,Korbond Whiz Pop Bang Straight Silver Sparkler 20cm 16 pack,517117,$3.00,$0.19 / 1EA,https://www.woolworths.com.au/shop/productdetails/517117/korbond-whiz-pop-bang-straight-silver-sparkler-20cm,https://cdn0.woolworths.media/content/wowproductimages/medium/517117.jpg,2020-09-20 15:36:09,,0,,True
babb8116-311a-4535-9bf8-0e64775d41e4,Woolworths Supermarket,Household,Korbond Whiz Pop Bang Straight Gold Sparkler 20cm 16 pack,517118,$3.00,$0.19 / 1EA,https://www.woolworths.com.au/shop/productdetails/517118/korbond-whiz-pop-bang-straight-gold-sparkler-20cm,https://cdn0.woolworths.media/content/wowproductimages/medium/517118.jpg,2020-09-20 15:36:09,,0,,True
6d4a855c-1ccf-43e4-9f93-d1a44cfa47be,Woolworths Supermarket,Household,Jackson Surge Protected Powerboard With 4x Usb Charging Outlets each,517755,$37.00,$37.00 / 1EA,https://www.woolworths.com.au/shop/productdetails/517755/jackson-surge-protected-powerboard-with-4x-usb-charging-outlets,https://cdn0.woolworths.media/content/wowproductimages/medium/517755.jpg,2020-09-20 15:36:09,,0,,True
e57c7eac-19b8-4c8e-afb5-cbf37dd80a6f,Woolworths Supermarket,Household,Jackson Switched Surge Protected Powerboard With 1 Metre Lead each,517795,$31.00,$31.00 / 1EA,https://www.woolworths.com.au/shop/productdetails/517795/jackson-switched-surge-protected-powerboard-with-1-metre-lead,https://cdn0.woolworths.media/content/wowproductimages/medium/517795.jpg,2020-09-20 15:36:09,,0,,True
19881775-4425-4fb2-b758-1e883c8a8d3e,Woolworths Supermarket,Household,Jackson 1.5 Metre F-to-f Tv Antenna / Foxtel Cable With Pal Adaptors each,518035,$12.00,$12.00 / 1EA,https://www.woolworths.com.au/shop/productdetails/518035/jackson-1-5-metre-f-to-f-tv-antenna-foxtel-cable-with-pal-adaptors,https://cdn0.woolworths.media/content/wowproductimages/medium/518035.jpg,2020-09-20 15:36:09,,0,,True
98fbde77-29d9-4a8f-a02b-19ef4ab8b67b,Woolworths Supermarket,Household,Jackson 4 Outlet Individually Switched Powerboard With 1 Metre Lead each,518054,$20.00,$20.00 / 1EA,https://www.woolworths.com.au/shop/productdetails/518054/jackson-4-outlet-individually-switched-powerboard-with-1-metre-lead,https://cdn0.woolworths.media/content/wowproductimages/medium/518054.jpg,2020-09-20 15:36:09,,0,,True
5c8b24c2-8d25-426c-b102-53313f8827f4,Woolworths Supermarket,Household,Jackson 1.5 Metre Hdmi Cable each,518055,$15.00,$15.00 / 1EA,https://www.woolworths.com.au/shop/productdetails/518055/jackson-1-5-metre-hdmi-cable,https://cdn0.woolworths.media/content/wowproductimages/medium/518055.jpg,2020-09-20 15:36:09,,0,,True
bf8502ff-a04e-4371-9768-55482fe2f70f,Woolworths Supermarket,Household,Quell Ionisation Smoke Alarm Living Area each,518399,$10.50,$10.50 / 1EA,https://www.woolworths.com.au/shop/productdetails/518399/quell-ionisation-smoke-alarm-living-area,https://cdn0.woolworths.media/content/wowproductimages/medium/518399.jpg,2020-09-20 15:36:09,,0,,True
02dd698e-d30e-4ad6-b923-ea7dd684c856,Woolworths Supermarket,Household,Strike Disinfectant Wipes Apple 100 pack,518437,$3.50,$0.04 / 1EA,https://www.woolworths.com.au/shop/productdetails/518437/strike-disinfectant-wipes-apple,https://cdn0.woolworths.media/content/wowproductimages/medium/518437.jpg,2020-09-20 15:36:09,Average product rating out of 5: 4.4. Product score is based on 757 ratings,757,,True
e2ac74ad-9c12-4328-9566-f92a4dd93eb4,Woolworths Supermarket,Household,Strike Disinfectant Wipes Lemon 100 pack,518438,$3.50,$0.04 / 1EA,https://www.woolworths.com.au/shop/productdetails/518438/strike-disinfectant-wipes-lemon,https://cdn0.woolworths.media/content/wowproductimages/medium/518438.jpg,2020-09-20 15:36:09,Average product rating out of 5: 4.3. Product score is based on 2496 ratings,2496,,True
1c9c792b-d6ed-4a2d-b180-a7c5dd0a7635,Woolworths Supermarket,Household,Quell Photoelectric Smoke Alarm Bedroom / Hallway each,518722,$20.00,$20.00 / 1EA,https://www.woolworths.com.au/shop/productdetails/518722/quell-photoelectric-smoke-alarm-bedroom-hallway,https://cdn0.woolworths.media/content/wowproductimages/medium/518722.jpg,2020-09-20 15:36:09,,0,,True
90929182-bf33-491d-b37b-5909196e6e68,Woolworths Supermarket,Household,Energizer Vision Hd Led 300 Lumens each,519456,$30.00,$30.00 / 1EA,https://www.woolworths.com.au/shop/productdetails/519456/energizer-vision-hd-led-300-lumens,https://cdn0.woolworths.media/content/wowproductimages/medium/519456.jpg,2020-09-20 15:36:09,,0,,True
782c10ac-cb25-4189-bc54-362a4d47e6f3,Woolworths Supermarket,Household,Energizer Battery Advanced C 2 pack,519510,$7.00,$3.50 / 1EA,https://www.woolworths.com.au/shop/productdetails/519510/energizer-battery-advanced-c,https://cdn0.woolworths.media/content/wowproductimages/medium/519510.jpg,2020-09-20 15:36:09,,0,,True
8ee27452-ff05-4aab-98c0-0c5c6661b7d8,Woolworths Supermarket,Household,Energizer Battery Advanced D 2 pack,519511,$7.00,$3.50 / 1EA,https://www.woolworths.com.au/shop/productdetails/519511/energizer-battery-advanced-d,https://cdn0.woolworths.media/content/wowproductimages/medium/519511.jpg,2020-09-20 15:36:09,,0,,True
9c178454-889c-4cdb-a0e3-b0e00e73d888,Woolworths Supermarket,Household,Tefal Cook Right Frypan Black 28cm each,520505,$25.60,,https://www.woolworths.com.au/shop/productdetails/520505/tefal-cook-right-frypan-black,https://cdn0.woolworths.media/content/wowproductimages/medium/520505.jpg,2020-09-20 15:36:09,,0,,True
e8c51b8f-1713-42c8-a548-d5044ac0a635,Woolworths Supermarket,Household,Tradie Men Work Socks Size 7-10 3 pack,520540,$10.00,$10.00 / 1EA,https://www.woolworths.com.au/shop/productdetails/520540/tradie-men-work-socks-size-7-10,https://cdn0.woolworths.media/content/wowproductimages/medium/520540.jpg,2020-09-20 15:36:09,,0,,True
a37de1d7-8884-495d-9ddd-ca4d0f379944,Woolworths Supermarket,Household,Tradie Men Work Socks Size 11-13 3 pack,520541,$10.00,$10.00 / 1EA,https://www.woolworths.com.au/shop/productdetails/520541/tradie-men-work-socks-size-11-13,https://cdn0.woolworths.media/content/wowproductimages/medium/520541.jpg,2020-09-20 15:36:09,,0,,True
0c791cbc-e36d-4271-90f6-0b19efeab8d3,Woolworths Supermarket,Household,All Day Womens Invisible Footlet Socks Black 9-11 3 pack,520557,$8.00,,https://www.woolworths.com.au/shop/productdetails/520557/all-day-womens-invisible-footlet-socks-black-9-11,https://cdn0.woolworths.media/content/wowproductimages/medium/520557.jpg,2020-09-20 15:36:09,,0,,True
dd9a43cf-0206-4c2b-bb62-2c174cea3cd7,Woolworths Supermarket,Household,All Day Ladies Invisible Footlet 9/11 3 pack,520559,$8.00,,https://www.woolworths.com.au/shop/productdetails/520559/all-day-ladies-invisible-footlet-9-11,https://cdn0.woolworths.media/content/wowproductimages/medium/520559.jpg,2020-09-20 15:36:09,,0,,True
ae08acc8-de1d-4d96-9acc-fec66e709c5c,Woolworths Supermarket,Household,All Day Ladies Invisible Footlet 5/8 3 pack,520611,$8.00,,https://www.woolworths.com.au/shop/productdetails/520611/all-day-ladies-invisible-footlet-5-8,https://cdn0.woolworths.media/content/wowproductimages/medium/520611.jpg,2020-09-20 15:36:09,,0,,True
1739885a-58e0-485b-95e1-42474856933a,Woolworths Supermarket,Household,Expo Chisel Whiteboard Markers Starter Kit 4 pack,521443,$10.50,$2.63 / 1EA,https://www.woolworths.com.au/shop/productdetails/521443/expo-chisel-whiteboard-markers-starter-kit,https://cdn0.woolworths.media/content/wowproductimages/medium/521443.jpg,2020-09-20 15:36:09,,0,,True
ef800b1f-9121-4e06-80d5-4ec6deba4f43,Woolworths Supermarket,Household,Expo Fine Whiteboard Markers Assorted 8 pack,521510,$16.00,$2.00 / 1EA,https://www.woolworths.com.au/shop/productdetails/521510/expo-fine-whiteboard-markers-assorted,https://cdn0.woolworths.media/content/wowproductimages/medium/521510.jpg,2020-09-20 15:36:09,,0,,True
180498e7-3225-4197-8452-05e176e960cf,Woolworths Supermarket,Household,Essentials Pastry Brush each,521878,$2.00,,https://www.woolworths.com.au/shop/productdetails/521878/essentials-pastry-brush,https://cdn0.woolworths.media/content/wowproductimages/medium/521878.jpg,2020-09-20 15:36:09,,0,,True
f4813cdf-f604-452d-87c2-1cfd78e076d5,Woolworths Supermarket,Household,Essentials Ice Cube Tray 14 Cubes In Red each,521895,$2.00,,https://www.woolworths.com.au/shop/productdetails/521895/essentials-ice-cube-tray-14-cubes-in-red,https://cdn0.woolworths.media/content/wowproductimages/medium/521895.jpg,2020-09-20 15:36:09,,0,,True
c4268a8c-e50a-47ce-a5a6-f1e7d9d6290a,Woolworths Supermarket,Household,Essentials Bag Seal 8 pack,521897,$2.00,,https://www.woolworths.com.au/shop/productdetails/521897/essentials-bag-seal,https://cdn0.woolworths.media/content/wowproductimages/medium/521897.jpg,2020-09-20 15:36:09,,0,,True
1c7d36f5-d9a0-4dd3-a77b-eb54c5531847,Woolworths Supermarket,Household,Essentials Silicone Spatula each,521911,$2.00,,https://www.woolworths.com.au/shop/productdetails/521911/essentials-silicone-spatula,https://cdn0.woolworths.media/content/wowproductimages/medium/521911.jpg,2020-09-20 15:36:09,,0,,True
f488fca1-7f49-49ba-a37f-54f50f01229b,Woolworths Supermarket,Household,Essentials Mini Nylon Tongs each,521961,$2.00,,https://www.woolworths.com.au/shop/productdetails/521961/essentials-mini-nylon-tongs,https://cdn0.woolworths.media/content/wowproductimages/medium/521961.jpg,2020-09-20 15:36:09,,0,,True
ba6495b8-7a1f-4b3e-b13e-e2711f96e989,Woolworths Supermarket,Household,Turbie Twist Super Absorbent Hair Towel each,522760,$12.00,,https://www.woolworths.com.au/shop/productdetails/522760/turbie-twist-super-absorbent-hair-towel,https://cdn0.woolworths.media/content/wowproductimages/medium/522760.jpg,2020-09-20 15:36:09,,0,,True
388738cc-8f46-4d5b-a01f-38552df7249c,Woolworths Supermarket,Household,Tefal Cook Right Frypan Black 32cm each,522824,$32.00,,https://www.woolworths.com.au/shop/productdetails/522824/tefal-cook-right-frypan-black,https://cdn0.woolworths.media/content/wowproductimages/medium/522824.jpg,2020-09-20 15:36:09,,0,,True
b58721fc-c3c6-4de8-98a5-4c8cb55fa8c2,Woolworths Supermarket,Household,Tefal Cook Right Wokpan Black 28cm each,522881,$30.40,,https://www.woolworths.com.au/shop/productdetails/522881/tefal-cook-right-wokpan-black,https://cdn0.woolworths.media/content/wowproductimages/medium/522881.jpg,2020-09-20 15:36:09,,0,,True
820f117f-d6a5-4942-a2ae-a4ef00c5cc14,Woolworths Supermarket,Household,Energizer Iphone Braided Cable 1.2 Metre each,524389,$21.00,,https://www.woolworths.com.au/shop/productdetails/524389/energizer-iphone-braided-cable-1-2-metre,https://cdn0.woolworths.media/content/wowproductimages/medium/524389.jpg,2020-09-20 15:36:09,,0,,True
26acf1e9-f0c1-47d7-842e-8e2dc91ace85,Woolworths Supermarket,Household,Energizer Micro-usb Braided Cable 1.2 Metre each,524417,$10.50,,https://www.woolworths.com.au/shop/productdetails/524417/energizer-micro-usb-braided-cable-1-2-metre,https://cdn0.woolworths.media/content/wowproductimages/medium/524417.jpg,2020-09-20 15:36:09,,0,,True
3f496e9b-9c29-4ac7-8daa-8e5438c47baf,Woolworths Supermarket,Household,Energizer Iphone Wall Charger With 1.2 Metre Cable each,524420,$30.00,,https://www.woolworths.com.au/shop/productdetails/524420/energizer-iphone-wall-charger-with-1-2-metre-cable,https://cdn0.woolworths.media/content/wowproductimages/medium/524420.jpg,2020-09-20 15:36:09,,0,,True
c586b281-843a-4538-80ad-d5ae0d02cc2e,Woolworths Supermarket,Household,Energizer Audio Cable 3.5mm Jack each,524422,$12.00,,https://www.woolworths.com.au/shop/productdetails/524422/energizer-audio-cable-3-5mm-jack,https://cdn0.woolworths.media/content/wowproductimages/medium/524422.jpg,2020-09-20 15:36:09,,0,,True
36aa092b-3e2e-4c70-b35e-2b998df27905,Woolworths Supermarket,Household,Energizer Iphone Car Charger With 1.2 Metre Cable each,524424,$25.00,,https://www.woolworths.com.au/shop/productdetails/524424/energizer-iphone-car-charger-with-1-2-metre-cable,https://cdn0.woolworths.media/content/wowproductimages/medium/524424.jpg,2020-09-20 15:36:09,,0,,True
59545d09-4f1c-4743-94d3-d74e78783c0c,Woolworths Supermarket,Household,Energizer Universal Car Charger each,524427,,,https://www.woolworths.com.au/shop/productdetails/524427/energizer-universal-car-charger,https://cdn0.woolworths.media/content/wowproductimages/medium/524427.jpg,2020-09-20 15:36:09,,0,,False
e9bdcadf-295d-4e69-9369-94996b2a6b6e,Woolworths Supermarket,Household,Energizer Iphone Retractable Cable 80cm each,524440,$20.00,,https://www.woolworths.com.au/shop/productdetails/524440/energizer-iphone-retractable-cable-80cm,https://cdn0.woolworths.media/content/wowproductimages/medium/524440.jpg,2020-09-20 15:36:09,,0,,True
b0c1dd9f-5a09-4de9-943b-0621122d8f28,Woolworths Supermarket,Household,Energizer Universal Wall Charger 2 Usb Ports each,524441,$20.00,,https://www.woolworths.com.au/shop/productdetails/524441/energizer-universal-wall-charger-2-usb-ports,https://cdn0.woolworths.media/content/wowproductimages/medium/524441.jpg,2020-09-20 15:36:09,,0,,True
464c7080-6a76-44a8-8ba8-a27511807281,Woolworths Supermarket,Household,Energizer Usb-c Cable Black 1.2 Metre each,524443,$14.00,,https://www.woolworths.com.au/shop/productdetails/524443/energizer-usb-c-cable-black-1-2-metre,https://cdn0.woolworths.media/content/wowproductimages/medium/524443.jpg,2020-09-20 15:36:09,,0,,True
71ee0d8e-f2fa-4ece-bcf1-0d4db356529b,Woolworths Supermarket,Household,Energizer Iphone Cable White 1.2 Metre each,524578,$20.00,,https://www.woolworths.com.au/shop/productdetails/524578/energizer-iphone-cable-white-1-2-metre,https://cdn0.woolworths.media/content/wowproductimages/medium/524578.jpg,2020-09-20 15:36:09,,0,,True
a8ed900b-05f6-40d2-a404-e998b46a6d4b,Woolworths Supermarket,Household,Energizer Iphone Cable White 2 Metre each,524580,$21.00,,https://www.woolworths.com.au/shop/productdetails/524580/energizer-iphone-cable-white-2-metre,https://cdn0.woolworths.media/content/wowproductimages/medium/524580.jpg,2020-09-20 15:36:09,,0,,True
051e7f21-1486-4383-b23a-c63bb45cc475,Woolworths Supermarket,Household,Energizer Micro-usb Cable Black 2 Metre each,524581,$14.00,,https://www.woolworths.com.au/shop/productdetails/524581/energizer-micro-usb-cable-black-2-metre,https://cdn0.woolworths.media/content/wowproductimages/medium/524581.jpg,2020-09-20 15:36:09,,0,,True
df5a34d3-b5c4-4d38-8c7e-9659ffa3d473,Woolworths Supermarket,Household,Energizer Micro-usb Cable Black 1.2 Metre each,524582,$7.00,,https://www.woolworths.com.au/shop/productdetails/524582/energizer-micro-usb-cable-black-1-2-metre,https://cdn0.woolworths.media/content/wowproductimages/medium/524582.jpg,2020-09-20 15:36:09,,0,,True
1f0ce91b-c302-4fbe-b3ca-7faa68f1c0ba,Woolworths Supermarket,Household,Strike Floor Cleaner Mountain Splash 750ml,528235,$2.10,$0.28 / 100ML,https://www.woolworths.com.au/shop/productdetails/528235/strike-floor-cleaner-mountain-splash,https://cdn0.woolworths.media/content/wowproductimages/medium/528235.jpg,2020-09-20 15:36:09,Average product rating out of 5: 4.3. Product score is based on 494 ratings,494,,True
3f2f72e5-00d4-46c1-bf88-9f30679f8152,Woolworths Supermarket,Household,Bzyoo Travel Flask 350ml,539690,$14.00,,https://www.woolworths.com.au/shop/productdetails/539690/bzyoo-travel-flask,https://cdn0.woolworths.media/content/wowproductimages/medium/539690.jpg,2020-09-20 15:36:09,,0,,True
e0c5ae34-4c82-464b-90dc-c1b4025b8ce2,Woolworths Supermarket,Household,Sard Wonder Super Power Stain Remover 1.8kg,540343,$9.50,$5.28 / 1KG,https://www.woolworths.com.au/shop/productdetails/540343/sard-wonder-super-power-stain-remover,https://cdn0.woolworths.media/content/wowproductimages/medium/540343.jpg,2020-09-20 15:36:09,,0,Was $12.00 18/04/2017,True
13a32f0b-58a2-49e8-a71c-fc278f2a85c6,Woolworths Supermarket,Household,Bic 4 Colour Shine 3 pack,541263,$6.30,,https://www.woolworths.com.au/shop/productdetails/541263/bic-4-colour-shine,https://cdn0.woolworths.media/content/wowproductimages/medium/541263.jpg,2020-09-20 15:36:09,,0,,True
f336784d-09af-4df4-aa4a-c99383ca243c,Woolworths Supermarket,Household,Cold Power Regular Front & Top Liquid Capsules 30 pack,545756,$14.00,$0.47 / 1EA,https://www.woolworths.com.au/shop/productdetails/545756/cold-power-regular-front-top-liquid-capsules,https://cdn0.woolworths.media/content/wowproductimages/medium/545756.jpg,2020-09-20 15:36:09,,0,Was $18.00 16/04/2018,True
b4d2293f-8126-4af9-bc61-ab06de147eee,Woolworths Supermarket,Household,Cold Power Sensitive Front & Top Liquid Capsules 30 pack,545758,$14.00,$0.47 / 1EA,https://www.woolworths.com.au/shop/productdetails/545758/cold-power-sensitive-front-top-liquid-capsules,https://cdn0.woolworths.media/content/wowproductimages/medium/545758.jpg,2020-09-20 15:36:09,,0,Was $18.00 16/04/2018,True
1a49f48e-0773-4994-8976-1d02c07316bb,Woolworths Supermarket,Household,Cold Power Regular Front & Top Liquid Capsules 18 pack,546292,$9.00,$0.50 / 1EA,https://www.woolworths.com.au/shop/productdetails/546292/cold-power-regular-front-top-liquid-capsules,https://cdn0.woolworths.media/content/wowproductimages/medium/546292.jpg,2020-09-20 15:36:09,,0,,True
704194e3-192a-4e4b-b29e-b23c09823cc5,Woolworths Supermarket,Household,Stabilo Boss Pastel 4 pack,546810,$8.00,,https://www.woolworths.com.au/shop/productdetails/546810/stabilo-boss-pastel,https://cdn0.woolworths.media/content/wowproductimages/medium/546810.jpg,2020-09-20 15:36:09,,0,,True
85d57974-2302-4686-9e6f-1b156c456504,Woolworths Supermarket,Household,Surf Laundry Powder Top & Front Loader Tropical 4kg,546864,$13.00,$3.25 / 1KG,https://www.woolworths.com.au/shop/productdetails/546864/surf-laundry-powder-top-front-loader-tropical,https://cdn0.woolworths.media/content/wowproductimages/medium/546864.jpg,2020-09-20 15:36:09,,0,,True
5249d2dd-567b-4253-82b0-5bdf51c6ba7c,Woolworths Supermarket,Household,Olsent Cfl Spiral Bc 23w 1600lm Cw 23 Watt 2 pack,551296,$10.00,$5.00 / 1EA,https://www.woolworths.com.au/shop/productdetails/551296/olsent-cfl-spiral-bc-23w-1600lm-cw-23-watt,https://cdn0.woolworths.media/content/wowproductimages/medium/551296.jpg,2020-09-20 15:36:09,,0,,True
ca49a4a7-85d9-4754-81aa-1bc97718d5c5,Woolworths Supermarket,Household,Olsent Cfl Spiral Bc 23w 1600lm Ww 23 Watt 2 pack,551297,$10.00,$5.00 / 1EA,https://www.woolworths.com.au/shop/productdetails/551297/olsent-cfl-spiral-bc-23w-1600lm-ww-23-watt,https://cdn0.woolworths.media/content/wowproductimages/medium/551297.jpg,2020-09-20 15:36:09,,0,,True
323b7320-c92a-4c2b-9195-d1aa2b1ac6ca,Woolworths Supermarket,Household,Olsent Led Candle Ses 5.5w 480lm Ww 2 pack,551490,$9.50,$4.75 / 1EA,https://www.woolworths.com.au/shop/productdetails/551490/olsent-led-candle-ses-5-5w-480lm-ww,https://cdn0.woolworths.media/content/wowproductimages/medium/551490.jpg,2020-09-20 15:36:09,,0,,True
ad62157f-86cf-4641-91f7-87f7cc60a6bd,Woolworths Supermarket,Household,Air Wick V.i.poo Toilet Spray Lemon Idol 55ml,552524,$5.00,$9.09 / 100ML,https://www.woolworths.com.au/shop/productdetails/552524/air-wick-v-i-poo-toilet-spray-lemon-idol,https://cdn0.woolworths.media/content/wowproductimages/medium/552524.jpg,2020-09-20 15:36:09,,0,,True
40c09de8-bb90-4a82-bb67-e5ccef85cc9c,Woolworths Supermarket,Household,Air Wick V.i.poo Toilet Spray Fruity Pin Up 55ml,552526,$5.00,$9.09 / 100ML,https://www.woolworths.com.au/shop/productdetails/552526/air-wick-v-i-poo-toilet-spray-fruity-pin-up,https://cdn0.woolworths.media/content/wowproductimages/medium/552526.jpg,2020-09-20 15:36:09,,0,,True
b934a2e5-3c70-4ffa-9848-12949675944c,Woolworths Supermarket,Household,Ajax Divine Blends Floor Cleaner Tropical Breeze Slate 750ml,557986,$3.49,$0.47 / 100ML,https://www.woolworths.com.au/shop/productdetails/557986/ajax-divine-blends-floor-cleaner-tropical-breeze-slate,https://cdn0.woolworths.media/content/wowproductimages/medium/557986.jpg,2020-09-20 15:36:09,,0,,True
e31cb382-e2f2-46b1-80fc-4e187cebdb15,Woolworths Supermarket,Household,Bref Power Active Toilet Cleaner Fresh Flowers 50g,558261,$3.50,$7.00 / 100G,https://www.woolworths.com.au/shop/productdetails/558261/bref-power-active-toilet-cleaner-fresh-flowers,https://cdn0.woolworths.media/content/wowproductimages/medium/558261.jpg,2020-09-20 15:36:09,,0,,True
28fcae3d-78fe-4a52-9f04-1a40455b37c0,Woolworths Supermarket,Household,Strike Spray Mop Refill 2 pack,562000,$10.00,$5.00 / 1EA,https://www.woolworths.com.au/shop/productdetails/562000/strike-spray-mop-refill,https://cdn0.woolworths.media/content/wowproductimages/medium/562000.jpg,2020-09-20 15:36:09,,0,,True
a38e498c-fedf-4dc2-b866-60540f0f19b6,Woolworths Supermarket,Household,Select Spray Mop each,562003,$18.50,$18.50 / 1EA,https://www.woolworths.com.au/shop/productdetails/562003/select-spray-mop,https://cdn0.woolworths.media/content/wowproductimages/medium/562003.jpg,2020-09-20 15:36:09,,0,Was $20.00 19/11/2018,True
dc6f0357-d15c-44de-bed6-119701436d59,Woolworths Supermarket,Household,Soften Concentrated Fabric Softener Oriental Kiss 1l,563025,$3.80,$3.80 / 1L,https://www.woolworths.com.au/shop/productdetails/563025/soften-concentrated-fabric-softener-oriental-kiss,https://cdn0.woolworths.media/content/wowproductimages/medium/563025.jpg,2020-09-20 15:36:09,Average product rating out of 5: 4.2. Product score is based on 504 ratings,504,,True
7d409b2d-b507-45b0-8cb5-5b5ca043a829,Woolworths Supermarket,Household,Strike Sponge Mop each,564108,$10.00,$10.00 / 1EA,https://www.woolworths.com.au/shop/productdetails/564108/strike-sponge-mop,https://cdn0.woolworths.media/content/wowproductimages/medium/564108.jpg,2020-09-20 15:36:09,,0,,True
a324c9b6-812d-44fa-b760-66c00b568039,Woolworths Supermarket,Household,Aroma Essentials Candle Lemongrass & Ginger 300g,565835,$13.00,$4.33 / 100G,https://www.woolworths.com.au/shop/productdetails/565835/aroma-essentials-candle-lemongrass-ginger,https://cdn0.woolworths.media/content/wowproductimages/medium/565835.jpg,2020-09-20 15:36:09,,0,,True
503d8672-40fa-46b5-95ae-da3af7e29302,Woolworths Supermarket,Household,Aroma Essentials Diffuser Lemongrass & Ginger 150ml,565839,$13.00,$0.87 / 10ML,https://www.woolworths.com.au/shop/productdetails/565839/aroma-essentials-diffuser-lemongrass-ginger,https://cdn0.woolworths.media/content/wowproductimages/medium/565839.jpg,2020-09-20 15:36:09,,0,,True
4929718b-acf5-495e-8528-bfa4bbeb5986,Woolworths Supermarket,Household,Chevron Double Adaptor 2 pack,568609,$5.00,,https://www.woolworths.com.au/shop/productdetails/568609/chevron-double-adaptor,https://cdn0.woolworths.media/content/wowproductimages/medium/568609.jpg,2020-09-20 15:36:09,,0,,True
5506d8b8-d496-41c7-a50f-90443f0dbd43,Woolworths Supermarket,Household,Valvoline Valvoline Engine Armour 15w-40 4l,571479,$30.00,$0.75 / 100ML,https://www.woolworths.com.au/shop/productdetails/571479/valvoline-valvoline-engine-armour-15w-40,https://cdn0.woolworths.media/content/wowproductimages/medium/571479.jpg,2020-09-20 15:36:09,,0,,True
7ae683f9-1320-4cc6-8013-2c1db9ef0bcf,Woolworths Supermarket,Household,Comfort Fabric Conditioner Amber & Rose 750ml,571544,$6.99,$9.32 / 1L,https://www.woolworths.com.au/shop/productdetails/571544/comfort-fabric-conditioner-amber-rose,https://cdn0.woolworths.media/content/wowproductimages/medium/571544.jpg,2020-09-20 15:36:09,,0,,True
748b0d27-2043-4eaa-918a-1532205f2013,Woolworths Supermarket,Household,Earth Choice Wild Orchid & Magnolia Fabric Softener 1l,571546,$4.99,$4.99 / 1L,https://www.woolworths.com.au/shop/productdetails/571546/earth-choice-wild-orchid-magnolia-fabric-softener,https://cdn0.woolworths.media/content/wowproductimages/medium/571546.jpg,2020-09-20 15:36:09,,0,,True
fc1e43e3-6f3b-4d4a-8daf-266fab5ebd64,Woolworths Supermarket,Household,Philips Led Mr16 Warm 1pk,572054,$10.00,,https://www.woolworths.com.au/shop/productdetails/572054/philips-led-mr16-warm,https://cdn0.woolworths.media/content/wowproductimages/medium/572054.jpg,2020-09-20 15:36:09,,0,,True
c7a884d9-a3cd-4720-a86b-0e3a3a547ad8,Woolworths Supermarket,Household,Philips Led Gu10 Cool 1pk,572063,$10.00,,https://www.woolworths.com.au/shop/productdetails/572063/philips-led-gu10-cool,https://cdn0.woolworths.media/content/wowproductimages/medium/572063.jpg,2020-09-20 15:36:09,,0,,True
2ac8bde2-3474-4239-b6f9-99641ad581a6,Woolworths Supermarket,Household,Philips Led Gu10 Warm 4 pack,572065,$32.00,$8.00 / 1EA,https://www.woolworths.com.au/shop/productdetails/572065/philips-led-gu10-warm,https://cdn0.woolworths.media/content/wowproductimages/medium/572065.jpg,2020-09-20 15:36:09,,0,,True
ad47abcd-df89-4116-a8d9-3dacb24ce519,Woolworths Supermarket,Household,Philips Led Mr16 Cool 4 pack,572066,$32.00,$8.00 / 1EA,https://www.woolworths.com.au/shop/productdetails/572066/philips-led-mr16-cool,https://cdn0.woolworths.media/content/wowproductimages/medium/572066.jpg,2020-09-20 15:36:09,,0,,True
d1548d99-b091-4f5f-9f58-4b12a2071282,Woolworths Supermarket,Household,Woolworths Flat Mini Manual Umbrella Black each,572344,$12.95,,https://www.woolworths.com.au/shop/productdetails/572344/woolworths-flat-mini-manual-umbrella-black,https://cdn0.woolworths.media/content/wowproductimages/medium/572344.jpg,2020-09-20 15:36:09,,0,,True
1e89f273-e847-44b3-8c27-188ebd2437e6,Woolworths Supermarket,Household,Woolworths Flat Mini Manual Umbrella Printed each,572346,$12.95,,https://www.woolworths.com.au/shop/productdetails/572346/woolworths-flat-mini-manual-umbrella-printed,https://cdn0.woolworths.media/content/wowproductimages/medium/572346.jpg,2020-09-20 15:36:09,,0,,True
8a754e8b-4573-41a8-bee9-4ab3992d9285,Woolworths Supermarket,Household,Woolworths Flat Mini Manual Umbrella each,572347,$12.95,,https://www.woolworths.com.au/shop/productdetails/572347/woolworths-flat-mini-manual-umbrella,https://cdn0.woolworths.media/content/wowproductimages/medium/572347.jpg,2020-09-20 15:36:09,,0,,True
89129238-648d-49bd-bc33-9770a3c76ed6,Woolworths Supermarket,Household,Woolworths Auto Open Solid Umbrella Black each,572348,$12.95,,https://www.woolworths.com.au/shop/productdetails/572348/woolworths-auto-open-solid-umbrella-black,https://cdn0.woolworths.media/content/wowproductimages/medium/572348.jpg,2020-09-20 15:36:09,,0,,True
3312b163-aad0-4b4a-ad04-93f9f62dd83b,Woolworths Supermarket,Household,Woolworths Umbrella Manual Red each,572386,$9.95,,https://www.woolworths.com.au/shop/productdetails/572386/woolworths-umbrella-manual-red,https://cdn0.woolworths.media/content/wowproductimages/medium/572386.jpg,2020-09-20 15:36:09,,0,,True
93c5a3cc-0719-4204-bb54-cbd45af90e39,Woolworths Supermarket,Household,Woolworths Flat Mini Manual Umbrella Purple each,572389,$12.95,,https://www.woolworths.com.au/shop/productdetails/572389/woolworths-flat-mini-manual-umbrella-purple,https://cdn0.woolworths.media/content/wowproductimages/medium/572389.jpg,2020-09-20 15:36:09,,0,,True
0a343180-ea70-4c03-b96e-e3d24a09e5ce,Woolworths Supermarket,Household,Woolworths Auto Open Umbrella Polka Dots Red each,572396,$12.95,,https://www.woolworths.com.au/shop/productdetails/572396/woolworths-auto-open-umbrella-polka-dots-red,https://cdn0.woolworths.media/content/wowproductimages/medium/572396.jpg,2020-09-20 15:36:09,,0,,True
60492de7-7ade-4c03-ac90-1d39ee6d27e0,Woolworths Supermarket,Household,Woolworths Auto Open Umbrella Polka Dots Black each,572398,$12.95,,https://www.woolworths.com.au/shop/productdetails/572398/woolworths-auto-open-umbrella-polka-dots-black,https://cdn0.woolworths.media/content/wowproductimages/medium/572398.jpg,2020-09-20 15:36:09,,0,,True
f1c60758-a11f-4524-8f77-9b20856944ff,Woolworths Supermarket,Household,Woolworths Bubble Umbrella each,572421,$14.95,,https://www.woolworths.com.au/shop/productdetails/572421/woolworths-bubble-umbrella,https://cdn0.woolworths.media/content/wowproductimages/medium/572421.jpg,2020-09-20 15:36:09,,0,,True
53fd06be-641c-4503-9832-70244a862bb6,Woolworths Supermarket,Household,Woolworths Auto Open Umbrella Polka Dots Blue each,572422,$12.95,,https://www.woolworths.com.au/shop/productdetails/572422/woolworths-auto-open-umbrella-polka-dots-blue,https://cdn0.woolworths.media/content/wowproductimages/medium/572422.jpg,2020-09-20 15:36:09,,0,,True
cdd49ad1-5935-43f0-a4f1-5aa01a2489aa,Woolworths Supermarket,Household,First Force High Performance Crawling Insect Killer 350g,573121,$2.90,$0.83 / 100G,https://www.woolworths.com.au/shop/productdetails/573121/first-force-high-performance-crawling-insect-killer,https://cdn0.woolworths.media/content/wowproductimages/medium/573121.jpg,2020-09-20 15:36:09,Average product rating out of 5: 4.3. Product score is based on 330 ratings,330,,True
c06b0e27-938c-4891-8a5b-f9d0e2c51d1b,Woolworths Supermarket,Household,First Force Fast Knockdown Flying Insect Killer 300g,573122,$2.50,$0.83 / 100G,https://www.woolworths.com.au/shop/productdetails/573122/first-force-fast-knockdown-flying-insect-killer,https://cdn0.woolworths.media/content/wowproductimages/medium/573122.jpg,2020-09-20 15:36:09,Average product rating out of 5: 4.3. Product score is based on 527 ratings,527,,True
31a81975-7c5c-4bb7-8ae7-060a9ad41830,Woolworths Supermarket,Household,First Force Multi Purpose Insect Killer 300g,573123,$2.50,$0.83 / 100G,https://www.woolworths.com.au/shop/productdetails/573123/first-force-multi-purpose-insect-killer,https://cdn0.woolworths.media/content/wowproductimages/medium/573123.jpg,2020-09-20 15:36:09,Average product rating out of 5: 4.3. Product score is based on 610 ratings,610,,True
bbcb7fa6-29e7-4ff2-a479-56cc1148e9bd,Woolworths Supermarket,Household,First Force Super Strength Insect Control Bomb 3 pack,573124,$7.00,$2.33 / 1EA,https://www.woolworths.com.au/shop/productdetails/573124/first-force-super-strength-insect-control-bomb,https://cdn0.woolworths.media/content/wowproductimages/medium/573124.jpg,2020-09-20 15:36:09,,0,,True
d71be82e-6a33-4911-9fd5-78bc7a576741,Woolworths Supermarket,Household,First Force Insect Control System Kit each,573125,$15.00,$15.00 / 1EA,https://www.woolworths.com.au/shop/productdetails/573125/first-force-insect-control-system-kit,https://cdn0.woolworths.media/content/wowproductimages/medium/573125.jpg,2020-09-20 15:36:09,,0,,True
c46f63da-2906-4578-8f75-7bbd91d48fcc,Woolworths Supermarket,Household,First Force Insect Control System Refill Indoor & Outdoor 165g,573126,$4.40,$2.67 / 100G,https://www.woolworths.com.au/shop/productdetails/573126/first-force-insect-control-system-refill-indoor-outdoor,https://cdn0.woolworths.media/content/wowproductimages/medium/573126.jpg,2020-09-20 15:36:09,,0,,True
fc05d8f7-5db8-43bf-9ed9-06e103e56d7f,Woolworths Supermarket,Household,First Force Home Protection Insect Spray 2l,573127,$15.00,$0.75 / 100ML,https://www.woolworths.com.au/shop/productdetails/573127/first-force-home-protection-insect-spray,https://cdn0.woolworths.media/content/wowproductimages/medium/573127.jpg,2020-09-20 15:36:09,,0,,True
403129c7-db59-4698-aead-01b404958332,Woolworths Supermarket,Household,Radius Insect Repellent Tropical Strength 150g,573140,$4.00,$2.67 / 100G,https://www.woolworths.com.au/shop/productdetails/573140/radius-insect-repellent-tropical-strength,https://cdn0.woolworths.media/content/wowproductimages/medium/573140.jpg,2020-09-20 15:36:09,,0,,True
209189b4-1416-44a1-b50b-c4772cb82c49,Woolworths Supermarket,Household,Kleenex Viva Paper Towel White 6 pack,573468,$8.00,$2.22 / 100SS,https://www.woolworths.com.au/shop/productdetails/573468/kleenex-viva-paper-towel-white,https://cdn0.woolworths.media/content/wowproductimages/medium/573468.jpg,2020-09-20 15:36:09,,0,,True
495a25f0-ab20-4416-9004-0687ceb13a82,Woolworths Supermarket,Household,Razzamatazz Ladder Resist Natural Size Tall each,574520,$6.00,,https://www.woolworths.com.au/shop/productdetails/574520/razzamatazz-ladder-resist-natural-size-tall,https://cdn0.woolworths.media/content/wowproductimages/medium/574520.jpg,2020-09-20 15:36:09,,0,,True
5e2d317d-fde9-421e-83c3-d9e1ae7de234,Woolworths Supermarket,Household,Razzamatazz Ladder Resist Natural Size Xtall each,574521,$6.00,,https://www.woolworths.com.au/shop/productdetails/574521/razzamatazz-ladder-resist-natural-size-xtall,https://cdn0.woolworths.media/content/wowproductimages/medium/574521.jpg,2020-09-20 15:36:09,,0,,True
aeb36e29-8900-4098-8e3c-2b1f561514dc,Woolworths Supermarket,Household,3m Command Large Canvas Hanger each,574633,$6.60,$6.60 / 1EA,https://www.woolworths.com.au/shop/productdetails/574633/3m-command-large-canvas-hanger,https://cdn0.woolworths.media/content/wowproductimages/medium/574633.jpg,2020-09-20 15:36:09,,0,,True
d7c30fc8-7ffd-40b0-8ab9-abfb63d75647,Woolworths Supermarket,Household,Quilton Tuffy Paper Towel White 4ply 3 pack,574728,$4.30,$2.39 / 100SS,https://www.woolworths.com.au/shop/productdetails/574728/quilton-tuffy-paper-towel-white-4ply,https://cdn0.woolworths.media/content/wowproductimages/medium/574728.jpg,2020-09-20 15:36:09,,0,,True
502ce5ef-3319-4557-a0a0-b5f6e6c7c650,Woolworths Supermarket,Household,Fairy Dishwasher Tablets All In One Lemon 44 capsules,575029,$19.00,$0.43 / 1EA,https://www.woolworths.com.au/shop/productdetails/575029/fairy-dishwasher-tablets-all-in-one-lemon,https://cdn0.woolworths.media/content/wowproductimages/medium/575029.jpg,2020-09-20 15:36:09,,0,Was $25.50 01/08/2017,True
6a423844-71d5-48a1-9095-c2fffbdb2dbf,Woolworths Supermarket,Household,Fairy Dishwasher Tablets All In One Lemon 22 capsules,575096,$11.00,$0.50 / 1EA,https://www.woolworths.com.au/shop/productdetails/575096/fairy-dishwasher-tablets-all-in-one-lemon,https://cdn0.woolworths.media/content/wowproductimages/medium/575096.jpg,2020-09-20 15:36:09,,0,Was $14.00 01/08/2017,True
1a3b5d13-4947-44d3-8096-e4078f46dddd,Woolworths Supermarket,Household,Top Trumps Card Game each,575948,$9.00,,https://www.woolworths.com.au/shop/productdetails/575948/top-trumps-card-game,https://cdn0.woolworths.media/content/wowproductimages/medium/575948.jpg,2020-09-20 15:36:09,,0,,True
2b39afaf-b9b7-4c78-9d8d-258d05bb1fa0,Woolworths Supermarket,Household,Sabco Duex Bathroom Sponge Scrubber 2 pack,576010,$3.00,$3.00 / 1EA,https://www.woolworths.com.au/shop/productdetails/576010/sabco-duex-bathroom-sponge-scrubber,https://cdn0.woolworths.media/content/wowproductimages/medium/576010.jpg,2020-09-20 15:36:09,,0,,True
b87a8158-2066-4485-8564-269f7ca2a245,Woolworths Supermarket,Household,Ambi Pur Car Air Freshener Mini Clip Thai Dragon Fruit 2ml,576168,$6.00,$6.00 / 1EA,https://www.woolworths.com.au/shop/productdetails/576168/ambi-pur-car-air-freshener-mini-clip-thai-dragon-fruit,https://cdn0.woolworths.media/content/wowproductimages/medium/576168.jpg,2020-09-20 15:36:09,,0,,True
4414711d-9d2f-471c-b7e9-efc655bd3032,Woolworths Supermarket,Household,Sistema Storage 7.9 Litre 2 pack,578905,$15.00,,https://www.woolworths.com.au/shop/productdetails/578905/sistema-storage-7-9-litre,https://cdn0.woolworths.media/content/wowproductimages/medium/578905.jpg,2020-09-20 15:36:09,,0,,True
55cd62ac-6a3b-4f0a-9c66-824f85125242,Woolworths Supermarket,Household,Bosisto's Floor Cleaner 750ml,579482,,,https://www.woolworths.com.au/shop/productdetails/579482/bosisto-s-floor-cleaner,https://cdn0.woolworths.media/content/wowproductimages/medium/579482.jpg,2020-09-20 15:36:09,,0,,False
00cbcb6a-9e63-4c34-ae15-89818f003d64,Woolworths Supermarket,Household,Kleenex Toilet Tissue 24 pack,580263,$11.00,$0.25 / 100SS,https://www.woolworths.com.au/shop/productdetails/580263/kleenex-toilet-tissue,https://cdn0.woolworths.media/content/wowproductimages/medium/580263.jpg,2020-09-20 15:36:09,,0,Was $16.00 03/05/2016,True
8810f062-f606-4626-bee7-2cb026f8e6b6,Woolworths Supermarket,Household,Kleenex Facial Tissue Soft Pack 60 pack,580718,$1.50,$2.50 / 100SS,https://www.woolworths.com.au/shop/productdetails/580718/kleenex-facial-tissue-soft-pack,https://cdn0.woolworths.media/content/wowproductimages/medium/580718.jpg,2020-09-20 15:36:09,,0,,True
8bee598e-b6d5-4e15-9b4d-43bc75ea7f53,Woolworths Supermarket,Household,Pine O Cleen Surface Wipes 45 pack,581169,$4.00,$0.09 / 1EA,https://www.woolworths.com.au/shop/productdetails/581169/pine-o-cleen-surface-wipes,https://cdn0.woolworths.media/content/wowproductimages/medium/581169.jpg,2020-09-20 15:36:09,,0,,True
e55e2562-f124-4eb9-8e3c-38be6b75c80b,Woolworths Supermarket,Household,Dettol Antibacterial Disinfectant Cleaning Wipes Crisp Apple 120 pack,581330,$10.00,$0.08 / 1EA,https://www.woolworths.com.au/shop/productdetails/581330/dettol-antibacterial-disinfectant-cleaning-wipes-crisp-apple,https://cdn0.woolworths.media/content/wowproductimages/medium/581330.jpg,2020-09-20 15:36:09,,0,,True
a16a6c8f-45eb-4834-9ac3-e36323ae9a1a,Woolworths Supermarket,Household,Dettol Antibacterial Disinfectant Surface Cleaning Wipes 120 pack,581331,$10.00,$0.08 / 1EA,https://www.woolworths.com.au/shop/productdetails/581331/dettol-antibacterial-disinfectant-surface-cleaning-wipes,https://cdn0.woolworths.media/content/wowproductimages/medium/581331.jpg,2020-09-20 15:36:09,,0,,True
fc27a38b-31e9-4c73-9eca-3e9db5fc00d0,Woolworths Supermarket,Household,Pine O Cleen Surface Wipes 120 pack,581333,$10.00,$0.08 / 1EA,https://www.woolworths.com.au/shop/productdetails/581333/pine-o-cleen-surface-wipes,https://cdn0.woolworths.media/content/wowproductimages/medium/581333.jpg,2020-09-20 15:36:09,,0,2 for $16.00 $0.07/1EA,True
cdf9a16c-e859-4b8d-914a-a4f26f83a9d7,Woolworths Supermarket,Household,Pine O Cleen Surface Wipes 180 pack,581342,$10.00,$0.06 / 1EA,https://www.woolworths.com.au/shop/productdetails/581342/pine-o-cleen-surface-wipes,https://cdn0.woolworths.media/content/wowproductimages/medium/581342.jpg,2020-09-20 15:36:09,,0,,True
9984c8ef-449c-498a-97dc-81573f2d8bcf,Woolworths Supermarket,Household,Air Wick Pure Aerosol Spring Delight 159g,583758,$3.50,$2.20 / 100G,https://www.woolworths.com.au/shop/productdetails/583758/air-wick-pure-aerosol-spring-delight,https://cdn0.woolworths.media/content/wowproductimages/medium/583758.jpg,2020-09-20 15:36:09,,0,,True
964347af-f7af-4dab-9b69-50861863352e,Woolworths Supermarket,Household,Air Wick Pure Aerosol Cherry Blossom 159g,583777,$3.50,$2.20 / 100G,https://www.woolworths.com.au/shop/productdetails/583777/air-wick-pure-aerosol-cherry-blossom,https://cdn0.woolworths.media/content/wowproductimages/medium/583777.jpg,2020-09-20 15:36:09,,0,,True
4681dd75-6321-4f55-8a17-e534b991530e,Woolworths Supermarket,Household,Octonauts Colouring & Puzzle Book each,584893,$4.00,,https://www.woolworths.com.au/shop/productdetails/584893/octonauts-colouring-puzzle-book,https://cdn0.woolworths.media/content/wowproductimages/medium/584893.jpg,2020-09-20 15:36:09,,0,,True
8131692e-61e2-4cf9-a68e-680e706a2d6a,Woolworths Supermarket,Household,Octonauts Sticker Scene Fun Book each,584895,$4.99,,https://www.woolworths.com.au/shop/productdetails/584895/octonauts-sticker-scene-fun-book,https://cdn0.woolworths.media/content/wowproductimages/medium/584895.jpg,2020-09-20 15:36:09,,0,,True
efaafd0f-f652-4c7e-9c59-241e0c59a7d9,Woolworths Supermarket,Household,John Sands Wrap Twilight each,585354,$4.99,,https://www.woolworths.com.au/shop/productdetails/585354/john-sands-wrap-twilight,https://cdn0.woolworths.media/content/wowproductimages/medium/585354.jpg,2020-09-20 15:36:09,,0,,True
df41d955-c7ef-42d0-a562-9c05e0f7c0da,Woolworths Supermarket,Household,Palmolive Divine Blends Ultra Dish Washing Liquid Lotus Flower 375ml,587420,$1.75,$0.47 / 100ML,https://www.woolworths.com.au/shop/productdetails/587420/palmolive-divine-blends-ultra-dish-washing-liquid-lotus-flower,https://cdn0.woolworths.media/content/wowproductimages/medium/587420.jpg,2020-09-20 15:36:09,,0,,True
6db86773-b007-4bb6-b1e5-8903aec8d562,Woolworths Supermarket,Household,Decor Microsafe 5 Piece Pack each,588754,$17.00,,https://www.woolworths.com.au/shop/productdetails/588754/decor-microsafe-5-piece-pack,https://cdn0.woolworths.media/content/wowproductimages/medium/588754.jpg,2020-09-20 15:36:09,,0,,True
30cf4c02-2653-4fa2-ac4b-13f2217be72a,Woolworths Supermarket,Household,Morning Fresh Dishwashing Liquid Raspberry & Crisp Apple 900ml,588994,$3.75,$0.42 / 100ML,https://www.woolworths.com.au/shop/productdetails/588994/morning-fresh-dishwashing-liquid-raspberry-crisp-apple,https://cdn0.woolworths.media/content/wowproductimages/medium/588994.jpg,2020-09-20 15:36:09,,0,,True
776acbdd-045f-41b3-ae3f-d1c608aab79a,Woolworths Supermarket,Household,Sistema Bento Box To Go each,592529,$7.50,,https://www.woolworths.com.au/shop/productdetails/592529/sistema-bento-box-to-go,https://cdn0.woolworths.media/content/wowproductimages/medium/592529.jpg,2020-09-20 15:36:09,,0,Designs may vary,True
9a9ec1f6-a544-4d26-8bda-afc501668141,Woolworths Supermarket,Household,Biozet Attack Laundry Powder With Softener 2kg,595410,$22.00,$11.00 / 1KG,https://www.woolworths.com.au/shop/productdetails/595410/biozet-attack-laundry-powder-with-softener,https://cdn0.woolworths.media/content/wowproductimages/medium/595410.jpg,2020-09-20 15:36:09,,0,,True
8adc7362-9555-4707-af3e-d8cb24137d10,Woolworths Supermarket,Household,Radiant Brilliant White Violet & Peony 2l,597077,$8.00,$4.00 / 1L,https://www.woolworths.com.au/shop/productdetails/597077/radiant-brilliant-white-violet-peony,https://cdn0.woolworths.media/content/wowproductimages/medium/597077.jpg,2020-09-20 15:36:09,,0,,True
e7cb7202-99aa-4e65-bc24-b05e1a64fbf9,Woolworths Supermarket,Household,Redds Pong Cups 15 pack,597228,$5.00,,https://www.woolworths.com.au/shop/productdetails/597228/redds-pong-cups,https://cdn0.woolworths.media/content/wowproductimages/medium/597228.jpg,2020-09-20 15:36:09,,0,,True
b93e2ded-3c62-4674-91bd-117b234753a2,Woolworths Supermarket,Household,Energizer Lithium 1632 Battery each,598647,$6.00,$6.00 / 1EA,https://www.woolworths.com.au/shop/productdetails/598647/energizer-lithium-1632-battery,https://cdn0.woolworths.media/content/wowproductimages/medium/598647.jpg,2020-09-20 15:36:09,,0,,True
9b3b11bd-3271-4fb2-8135-64b8980c3652,Woolworths Supermarket,Household,Energizer Handheld Light Touch Tech 2aa Torch each,598650,$15.00,,https://www.woolworths.com.au/shop/productdetails/598650/energizer-handheld-light-touch-tech-2aa-torch,https://cdn0.woolworths.media/content/wowproductimages/medium/598650.jpg,2020-09-20 15:36:09,,0,,True
416915c4-3df9-42a3-acbc-521a57d6343a,Woolworths Supermarket,Household,Energizer 2 In 1 Lantern Flashlight & Area Light 1pk,598710,$16.00,,https://www.woolworths.com.au/shop/productdetails/598710/energizer-2-in-1-lantern-flashlight-area-light,https://cdn0.woolworths.media/content/wowproductimages/medium/598710.jpg,2020-09-20 15:36:09,,0,,True
95d61173-9e17-42fd-a824-f91c4a9acd57,Woolworths Supermarket,Household,Energizer Iphone Cable 1.2 Metre each,600495,$21.00,,https://www.woolworths.com.au/shop/productdetails/600495/energizer-iphone-cable-1-2-metre,https://cdn0.woolworths.media/content/wowproductimages/medium/600495.jpg,2020-09-20 15:36:09,,0,,True
397d778d-ccb2-42ff-aed2-3987840ed9fa,Woolworths Supermarket,Household,Energizer Iphone Flat Cable Blue 1.2 Metre each,600551,$14.00,,https://www.woolworths.com.au/shop/productdetails/600551/energizer-iphone-flat-cable-blue-1-2-metre,https://cdn0.woolworths.media/content/wowproductimages/medium/600551.jpg,2020-09-20 15:36:09,,0,,True
1919c62a-9833-4597-b60f-d4fd5295f6be,Woolworths Supermarket,Household,Energizer Iphone Premium Steel Cable 1.2 Metre each,600567,$21.00,,https://www.woolworths.com.au/shop/productdetails/600567/energizer-iphone-premium-steel-cable-1-2-metre,https://cdn0.woolworths.media/content/wowproductimages/medium/600567.jpg,2020-09-20 15:36:09,,0,,True
8d1d96d6-cdc5-4b3a-abdf-66023c75be94,Woolworths Supermarket,Household,Energizer Iphone Flat Cable Pink 1.2 Metre each,600568,$14.00,,https://www.woolworths.com.au/shop/productdetails/600568/energizer-iphone-flat-cable-pink-1-2-metre,https://cdn0.woolworths.media/content/wowproductimages/medium/600568.jpg,2020-09-20 15:36:09,,0,,True
91c01fed-a35f-471f-aaa5-06f371e3621b,Woolworths Supermarket,Household,Paperclick Copy Paper A4 500 sheets,603327,$5.00,,https://www.woolworths.com.au/shop/productdetails/603327/paperclick-copy-paper-a4,https://cdn0.woolworths.media/content/wowproductimages/medium/603327.jpg,2020-09-20 15:36:09,,0,,True
80163d9d-ce25-4add-8104-2f84c3238a3d,Woolworths Supermarket,Household,Crayola Color & Sticker Paw Patrol each,604733,$5.00,,https://www.woolworths.com.au/shop/productdetails/604733/crayola-color-sticker-paw-patrol,https://cdn0.woolworths.media/content/wowproductimages/medium/604733.jpg,2020-09-20 15:36:09,,0,,True
198c321c-9a2b-4c82-86cd-2c187c48b87e,Woolworths Supermarket,Household,Inspire Bamboo Tray Large each,605142,$10.00,,https://www.woolworths.com.au/shop/productdetails/605142/inspire-bamboo-tray-large,https://cdn0.woolworths.media/content/wowproductimages/medium/605142.jpg,2020-09-20 15:36:09,,0,,True
30ce671c-ea53-43a9-9314-bfd1a819b3fc,Woolworths Supermarket,Household,Inspire Beaker 7cm Dial Black each,605153,$5.00,,https://www.woolworths.com.au/shop/productdetails/605153/inspire-beaker-7cm-dial-black,https://cdn0.woolworths.media/content/wowproductimages/medium/605153.jpg,2020-09-20 15:36:09,,0,Designs may vary,True
12586589-a3ad-4d61-a8c1-0630c848c466,Woolworths Supermarket,Household,Inspire Soap Dispenser Black each,605156,$6.00,,https://www.woolworths.com.au/shop/productdetails/605156/inspire-soap-dispenser-black,https://cdn0.woolworths.media/content/wowproductimages/medium/605156.jpg,2020-09-20 15:36:09,,0,Designs may vary,True
3b703df5-30a2-486f-9b82-de8608feca54,Woolworths Supermarket,Household,Artline 200 Pen Fine 0.4 Assorted 4 pack,606054,$10.00,,https://www.woolworths.com.au/shop/productdetails/606054/artline-200-pen-fine-0-4-assorted,https://cdn0.woolworths.media/content/wowproductimages/medium/606054.jpg,2020-09-20 15:36:09,,0,,True
6ef4ca48-7992-43ee-8e6f-954d6475cce5,Woolworths Supermarket,Household,Inspire Mirror 17cm each,607608,$7.00,,https://www.woolworths.com.au/shop/productdetails/607608/inspire-mirror-17cm,https://cdn0.woolworths.media/content/wowproductimages/medium/607608.jpg,2020-09-20 15:36:09,,0,,True
b90ef445-c2f2-4fb7-bc37-c69636f035bb,Woolworths Supermarket,Household,Energizer Lithium 2016 Battery 4 pack,608597,$12.00,$3.00 / 1EA,https://www.woolworths.com.au/shop/productdetails/608597/energizer-lithium-2016-battery,https://cdn0.woolworths.media/content/wowproductimages/medium/608597.jpg,2020-09-20 15:36:09,,0,,True
8389dd30-7ff2-4ffc-888a-6a6e85b21f9d,Woolworths Supermarket,Household,Energizer Lithium 2025 Battery 4 pack,608609,$12.00,$3.00 / 1EA,https://www.woolworths.com.au/shop/productdetails/608609/energizer-lithium-2025-battery,https://cdn0.woolworths.media/content/wowproductimages/medium/608609.jpg,2020-09-20 15:36:09,,0,,True
cc70d6a7-ea19-4752-bc77-b081a66518ab,Woolworths Supermarket,Household,Hercules Ezy Slide Resealable Storage Bags 30 pack,611799,$3.30,$0.11 / 1EA,https://www.woolworths.com.au/shop/productdetails/611799/hercules-ezy-slide-resealable-storage-bags,https://cdn0.woolworths.media/content/wowproductimages/medium/611799.jpg,2020-09-20 15:36:09,,0,,True
4fa078bd-0c27-4946-85c3-58b0c1ee97cf,Woolworths Supermarket,Household,Paperclick A3 Visual Art Diary 120 Pages each,612627,$10.00,,https://www.woolworths.com.au/shop/productdetails/612627/paperclick-a3-visual-art-diary-120-pages,https://cdn0.woolworths.media/content/wowproductimages/medium/612627.jpg,2020-09-20 15:36:09,,0,,True
fb46f219-cef2-4b74-a1db-7572a05c7f6c,Woolworths Supermarket,Household,Vevelle Aloe Vera Tissues 3ply 120 pack,613353,$1.80,$1.50 / 100SS,https://www.woolworths.com.au/shop/productdetails/613353/vevelle-aloe-vera-tissues-3ply,https://cdn0.woolworths.media/content/wowproductimages/medium/613353.jpg,2020-09-20 15:36:09,,0,,True
e4e2f6f6-eafa-4735-9ff8-1c4684d3af33,Woolworths Supermarket,Household,Paperclick Expanding File each,614392,$6.00,,https://www.woolworths.com.au/shop/productdetails/614392/paperclick-expanding-file,https://cdn0.woolworths.media/content/wowproductimages/medium/614392.jpg,2020-09-20 15:36:09,,0,,True
4a56fbd9-24d3-48f6-b085-208a7eff89e6,Woolworths Supermarket,Household,Paperclick Whiteboard Markers Black 2 pack,615011,$3.00,,https://www.woolworths.com.au/shop/productdetails/615011/paperclick-whiteboard-markers-black,https://cdn0.woolworths.media/content/wowproductimages/medium/615011.jpg,2020-09-20 15:36:09,,0,,True
52eea0fc-f6af-4d53-a690-51a136caf66c,Woolworths Supermarket,Household,Paperclick Ring Binder each,615014,$3.00,,https://www.woolworths.com.au/shop/productdetails/615014/paperclick-ring-binder,https://cdn0.woolworths.media/content/wowproductimages/medium/615014.jpg,2020-09-20 15:36:09,,0,,True
54309ad9-6479-4a6e-824f-b29cddc965fd,Woolworths Supermarket,Household,Paperclick Plastic Carry Case each,615015,$5.00,,https://www.woolworths.com.au/shop/productdetails/615015/paperclick-plastic-carry-case,https://cdn0.woolworths.media/content/wowproductimages/medium/615015.jpg,2020-09-20 15:36:09,,0,,True
21bc7150-e75d-498d-86c5-f7dbdf5d59ad,Woolworths Supermarket,Household,Paperclick Permanent Markers Black 2 pack,615016,$3.00,,https://www.woolworths.com.au/shop/productdetails/615016/paperclick-permanent-markers-black,https://cdn0.woolworths.media/content/wowproductimages/medium/615016.jpg,2020-09-20 15:36:09,,0,,True
8a0af3b9-9008-46eb-9b3d-dcd27c54e5fd,Woolworths Supermarket,Household,Paperclick Pencil Sharpener each,615017,$1.00,,https://www.woolworths.com.au/shop/productdetails/615017/paperclick-pencil-sharpener,https://cdn0.woolworths.media/content/wowproductimages/medium/615017.jpg,2020-09-20 15:36:09,,0,,True
044ee374-b814-4eb0-8ba2-8527446f75b0,Woolworths Supermarket,Household,Inspire Bath Mat Bobble each,616735,$16.00,,https://www.woolworths.com.au/shop/productdetails/616735/inspire-bath-mat-bobble,https://cdn0.woolworths.media/content/wowproductimages/medium/616735.jpg,2020-09-20 15:36:09,,0,,True
a425ce3e-893e-4a62-959a-e80924ac3d94,Woolworths Supermarket,Household,Speedsteam Iron each,619374,$29.00,,https://www.woolworths.com.au/shop/productdetails/619374/speedsteam-iron,https://cdn0.woolworths.media/content/wowproductimages/medium/619374.jpg,2020-09-20 15:36:09,,0,,True
bc75634c-cf01-4500-98d9-e031e483ce15,Woolworths Supermarket,Household,Jackson 6 Way Home & Office Powerboard each,621016,$22.00,,https://www.woolworths.com.au/shop/productdetails/621016/jackson-6-way-home-office-powerboard,https://cdn0.woolworths.media/content/wowproductimages/medium/621016.jpg,2020-09-20 15:36:09,,0,,True
c1b69c48-a38d-4950-ad13-756265dc69e0,Woolworths Supermarket,Household,Waxworks Citronella Tea Lights Bush Blend 8 pack,621265,$7.00,$0.88 / 1EA,https://www.woolworths.com.au/shop/productdetails/621265/waxworks-citronella-tea-lights-bush-blend,https://cdn0.woolworths.media/content/wowproductimages/medium/621265.jpg,2020-09-20 15:36:09,,0,,True
4a9715e4-121a-48f8-9bb8-2b67aaece348,Woolworths Supermarket,Household,Harpic Fresh Power Toilet Cleaner Marine Splash 700ml,622215,$5.00,$0.71 / 100ML,https://www.woolworths.com.au/shop/productdetails/622215/harpic-fresh-power-toilet-cleaner-marine-splash,https://cdn0.woolworths.media/content/wowproductimages/medium/622215.jpg,2020-09-20 15:36:09,,0,2 for $8.00 $0.57/100ML,True
364ff51f-f6d5-4060-a089-ac251b818f06,Woolworths Supermarket,Household,Harpic Fresh Power Toilet Cleaner Tropical Blossom 700ml,622217,$5.00,$0.71 / 100ML,https://www.woolworths.com.au/shop/productdetails/622217/harpic-fresh-power-toilet-cleaner-tropical-blossom,https://cdn0.woolworths.media/content/wowproductimages/medium/622217.jpg,2020-09-20 15:36:09,,0,2 for $8.00 $0.57/100ML,True
d2922b06-faab-47c8-bcc1-eb6dbecf787e,Woolworths Supermarket,Household,Harpic Fresh Power Toilet Cleaner Itb Tropical Blossom each,622350,$2.50,$2.50 / 1EA,https://www.woolworths.com.au/shop/productdetails/622350/harpic-fresh-power-toilet-cleaner-itb-tropical-blossom,https://cdn0.woolworths.media/content/wowproductimages/medium/622350.jpg,2020-09-20 15:36:09,,0,,True
3dc2c43b-310b-45b7-be81-fc347f2b5849,Woolworths Supermarket,Household,Harpic Fresh Power Toilet Cleaner Itb Marine Splash each,622351,$2.50,$2.50 / 1EA,https://www.woolworths.com.au/shop/productdetails/622351/harpic-fresh-power-toilet-cleaner-itb-marine-splash,https://cdn0.woolworths.media/content/wowproductimages/medium/622351.jpg,2020-09-20 15:36:09,,0,,True
aff59dcd-4e1d-4ebf-97e3-616517396416,Woolworths Supermarket,Household,Duck Toilet Fresh Disc Marine 36ml,622937,$3.50,$9.72 / 100ML,https://www.woolworths.com.au/shop/productdetails/622937/duck-toilet-fresh-disc-marine,https://cdn0.woolworths.media/content/wowproductimages/medium/622937.jpg,2020-09-20 15:36:09,,0,,True
31c91ac9-8b31-4b80-94e6-ef5344405459,Woolworths Supermarket,Household,Duck Toilet Fresh Disc Citrus 36ml,622961,$3.50,$9.72 / 100ML,https://www.woolworths.com.au/shop/productdetails/622961/duck-toilet-fresh-disc-citrus,https://cdn0.woolworths.media/content/wowproductimages/medium/622961.jpg,2020-09-20 15:36:09,,0,,True
5ebcae50-a3df-4695-8709-05d0033f87fd,Woolworths Supermarket,Household,Duck Toilet Fresh Disc Lavender 36ml,622975,$3.50,$9.72 / 100ML,https://www.woolworths.com.au/shop/productdetails/622975/duck-toilet-fresh-disc-lavender,https://cdn0.woolworths.media/content/wowproductimages/medium/622975.jpg,2020-09-20 15:36:09,,0,,True
ab7667c1-eb5f-4e24-9523-006512939864,Woolworths Supermarket,Household,Bref Blue Active Toilet Cleaner Chlorine 50g,624128,$4.00,$8.00 / 100G,https://www.woolworths.com.au/shop/productdetails/624128/bref-blue-active-toilet-cleaner-chlorine,https://cdn0.woolworths.media/content/wowproductimages/medium/624128.jpg,2020-09-20 15:36:09,,0,,True
70f36ce7-dad9-4563-a516-58c4c5f3747a,Woolworths Supermarket,Household,Bref Blue Active Toilet Cleaner Eucalyptus 50g,624144,$4.00,$8.00 / 100G,https://www.woolworths.com.au/shop/productdetails/624144/bref-blue-active-toilet-cleaner-eucalyptus,https://cdn0.woolworths.media/content/wowproductimages/medium/624144.jpg,2020-09-20 15:36:09,,0,,True
f4faf4f1-d95b-490f-9d63-69928ba6fdc9,Woolworths Supermarket,Household,Bref Power Active Toilet Cleaner Lemon 2 pack,624270,$7.00,$3.50 / 1EA,https://www.woolworths.com.au/shop/productdetails/624270/bref-power-active-toilet-cleaner-lemon,https://cdn0.woolworths.media/content/wowproductimages/medium/624270.jpg,2020-09-20 15:36:09,,0,,True
3e4e67d5-453c-4684-8163-000a3d0d8f2c,Woolworths Supermarket,Household,Brunnings Premium Garden Hose 15m,626669,$21.00,,https://www.woolworths.com.au/shop/productdetails/626669/brunnings-premium-garden-hose,https://cdn0.woolworths.media/content/wowproductimages/medium/626669.jpg,2020-09-20 15:36:09,,0,,True
597564a3-99e1-4e5c-bc1d-a60f69f3bc14,Woolworths Supermarket,Household,Korbond Whiz Pop Bang Confetti Shooter each,627086,$6.00,$6.00 / 1EA,https://www.woolworths.com.au/shop/productdetails/627086/korbond-whiz-pop-bang-confetti-shooter,https://cdn0.woolworths.media/content/wowproductimages/medium/627086.jpg,2020-09-20 15:36:09,,0,,True
f4219928-82d0-48f4-ac31-87c8c8d3a4c6,Woolworths Supermarket,Household,Bushman Plus 20% Deet Insect Repellent Pump Spray 100ml,629378,$11.00,$11.00 / 100ML,https://www.woolworths.com.au/shop/productdetails/629378/bushman-plus-20-deet-insect-repellent-pump-spray,https://cdn0.woolworths.media/content/wowproductimages/medium/629378.jpg,2020-09-20 15:36:09,,0,,True
fd7245d8-74f1-4f34-bada-2d61891902ef,Woolworths Supermarket,Household,Bushman Plus 20% Deet Insect Repellent Roll On 65g,629491,$7.50,$11.54 / 100G,https://www.woolworths.com.au/shop/productdetails/629491/bushman-plus-20-deet-insect-repellent-roll-on,https://cdn0.woolworths.media/content/wowproductimages/medium/629491.jpg,2020-09-20 15:36:09,,0,,True
e913ef9d-0f7a-44b5-8cf0-1e8bf97d45b9,Woolworths Supermarket,Household,Inspire Premium Bath Towel 600gms each,629892,$12.60,,https://www.woolworths.com.au/shop/productdetails/629892/inspire-premium-bath-towel-600gms,https://cdn0.woolworths.media/content/wowproductimages/medium/629892.jpg,2020-09-20 15:36:09,,0,,True
3bc0df3d-0901-4411-aca2-83de4a31eed9,Woolworths Supermarket,Household,Harpic Fresh Power Toilet Cleaner Itb Summer Breeze each,630968,$2.50,$2.50 / 1EA,https://www.woolworths.com.au/shop/productdetails/630968/harpic-fresh-power-toilet-cleaner-itb-summer-breeze,https://cdn0.woolworths.media/content/wowproductimages/medium/630968.jpg,2020-09-20 15:36:09,,0,,True
ab8dd426-5a9c-4a52-a3a7-00cb0cb218e0,Woolworths Supermarket,Household,Maseur Footcare Memory Foam Insole each,634280,$18.50,$18.50 / 1EA,https://www.woolworths.com.au/shop/productdetails/634280/maseur-footcare-memory-foam-insole,https://cdn0.woolworths.media/content/wowproductimages/medium/634280.jpg,2020-09-20 15:36:09,,0,,True
ca04df0a-d64e-416e-b4c0-b403cfdeffba,Woolworths Supermarket,Household,Brunnings Coir-peat Brick 600g,634289,$3.00,$0.50 / 100G,https://www.woolworths.com.au/shop/productdetails/634289/brunnings-coir-peat-brick,https://cdn0.woolworths.media/content/wowproductimages/medium/634289.jpg,2020-09-20 15:36:09,,0,,True
72ea7c62-5a09-4e10-81a3-46996d336555,Woolworths Supermarket,Household,Rain Or Shine Rain Poncho Kids Blue each,634558,$4.95,,https://www.woolworths.com.au/shop/productdetails/634558/rain-or-shine-rain-poncho-kids-blue,https://cdn0.woolworths.media/content/wowproductimages/medium/634558.jpg,2020-09-20 15:36:09,,0,,True
d295c324-10b5-4ec0-bbdb-ac54abb8bd11,Woolworths Supermarket,Household,Inspire Tea Towel Terry Back 2 pack,634696,$8.00,,https://www.woolworths.com.au/shop/productdetails/634696/inspire-tea-towel-terry-back,https://cdn0.woolworths.media/content/wowproductimages/medium/634696.jpg,2020-09-20 15:36:09,,0,,True
3a067a77-ae58-4258-9d38-cf22bb1186fb,Woolworths Supermarket,Household,Decor Match-ups Oblong Container 2l each,634744,$4.00,,https://www.woolworths.com.au/shop/productdetails/634744/decor-match-ups-oblong-container-2l,https://cdn0.woolworths.media/content/wowproductimages/medium/634744.jpg,2020-09-20 15:36:09,,0,,True
9850557f-a64b-43a9-9321-904e915d2fd8,Woolworths Supermarket,Household,Decor Match-ups Oblong Container 4l each,634745,$6.00,,https://www.woolworths.com.au/shop/productdetails/634745/decor-match-ups-oblong-container-4l,https://cdn0.woolworths.media/content/wowproductimages/medium/634745.jpg,2020-09-20 15:36:09,,0,,True
2b325425-3e1d-4ebc-97fa-9c1f557a6824,Woolworths Supermarket,Household,Decor Match-ups Oblong Container 7l each,634747,$7.00,,https://www.woolworths.com.au/shop/productdetails/634747/decor-match-ups-oblong-container-7l,https://cdn0.woolworths.media/content/wowproductimages/medium/634747.jpg,2020-09-20 15:36:09,,0,,True
3ab3081b-968a-491c-ac32-6db68fe72fa9,Woolworths Supermarket,Household,Decor Match-ups Oblong Container 1l each,634831,$3.00,,https://www.woolworths.com.au/shop/productdetails/634831/decor-match-ups-oblong-container-1l,https://cdn0.woolworths.media/content/wowproductimages/medium/634831.jpg,2020-09-20 15:36:09,,0,,True
58ff04dc-ee8f-4453-ab98-2946a5661cfa,Woolworths Supermarket,Household,Decor Match-ups Oblong Container 3l each,634832,$4.50,,https://www.woolworths.com.au/shop/productdetails/634832/decor-match-ups-oblong-container-3l,https://cdn0.woolworths.media/content/wowproductimages/medium/634832.jpg,2020-09-20 15:36:09,,0,,True
932bd7e0-fe60-437c-ab7d-69e701d46cb8,Woolworths Supermarket,Household,Decor Match-ups Oblong Container 350ml each,635753,$2.00,,https://www.woolworths.com.au/shop/productdetails/635753/decor-match-ups-oblong-container-350ml,https://cdn0.woolworths.media/content/wowproductimages/medium/635753.jpg,2020-09-20 15:36:09,,0,,True
955787ee-48bc-4429-b765-fe95b080f432,Woolworths Supermarket,Household,Redheads Classic Wrapped Firelighters 20 pack,636991,$4.00,$0.20 / 1EA,https://www.woolworths.com.au/shop/productdetails/636991/redheads-classic-wrapped-firelighters,https://cdn0.woolworths.media/content/wowproductimages/medium/636991.jpg,2020-09-20 15:36:09,,0,,True
7e732a3b-62bc-40c8-a630-464e8b025166,Woolworths Supermarket,Household,Maseur Footcare Odour Insoles Regular 2 pack,639275,$6.50,,https://www.woolworths.com.au/shop/productdetails/639275/maseur-footcare-odour-insoles-regular,https://cdn0.woolworths.media/content/wowproductimages/medium/639275.jpg,2020-09-20 15:36:09,,0,,True
031c33a2-e2c4-444e-b701-0ffa4ea68750,Woolworths Supermarket,Household,Baracuda 6 In 1 Smart Test Strips 50 pack,640865,$22.00,,https://www.woolworths.com.au/shop/productdetails/640865/baracuda-6-in-1-smart-test-strips,https://cdn0.woolworths.media/content/wowproductimages/medium/640865.jpg,2020-09-20 15:36:09,,0,,True
9df45f1a-ee06-475a-a643-a8c3c0429b57,Woolworths Supermarket,Household,Raid Max Insect Spray 300g,642423,$8.00,$2.67 / 100G,https://www.woolworths.com.au/shop/productdetails/642423/raid-max-insect-spray,https://cdn0.woolworths.media/content/wowproductimages/medium/642423.jpg,2020-09-20 15:36:09,,0,Was $10.00 25/09/2017,True
94178aaa-6733-4165-aa33-572b8d574e26,Woolworths Supermarket,Household,Energizer Glass Screen Protector Iphone 6/7/8 each,642969,$15.00,,https://www.woolworths.com.au/shop/productdetails/642969/energizer-glass-screen-protector-iphone-6-7-8,https://cdn0.woolworths.media/content/wowproductimages/medium/642969.jpg,2020-09-20 15:36:09,,0,,True
fc75a70d-bdff-43f2-aefd-7a5f3b6a5756,Woolworths Supermarket,Household,Energizer Glass Screen Protector Iphone 6/7/8 Plus each,642972,$15.00,,https://www.woolworths.com.au/shop/productdetails/642972/energizer-glass-screen-protector-iphone-6-7-8-plus,https://cdn0.woolworths.media/content/wowproductimages/medium/642972.jpg,2020-09-20 15:36:09,,0,,True
8617ddd3-4324-4718-bb5d-18ad2d7fe48e,Woolworths Supermarket,Household,Energizer Glass Screen Protector Iphone X each,642974,$25.00,,https://www.woolworths.com.au/shop/productdetails/642974/energizer-glass-screen-protector-iphone-x,https://cdn0.woolworths.media/content/wowproductimages/medium/642974.jpg,2020-09-20 15:36:09,,0,,True
c7e44812-bd0b-407d-a315-c7fc836c5f40,Woolworths Supermarket,Household,Time's Up Sonic Pest Repeller each,643078,$18.00,,https://www.woolworths.com.au/shop/productdetails/643078/time-s-up-sonic-pest-repeller,https://cdn0.woolworths.media/content/wowproductimages/medium/643078.jpg,2020-09-20 15:36:09,,0,,True
888b718d-90f6-4dd9-8cb9-ce5ee8e40de1,Woolworths Supermarket,Household,Energizer Usb-c Nylon Braided Cable 1.2 Metre each,643099,$14.00,,https://www.woolworths.com.au/shop/productdetails/643099/energizer-usb-c-nylon-braided-cable-1-2-metre,https://cdn0.woolworths.media/content/wowproductimages/medium/643099.jpg,2020-09-20 15:36:09,,0,,True
5bf4d3be-f844-4550-9371-e67aa625a370,Woolworths Supermarket,Household,Baracuda Algae Killer 1l,643195,$18.00,$1.80 / 100ML,https://www.woolworths.com.au/shop/productdetails/643195/baracuda-algae-killer,https://cdn0.woolworths.media/content/wowproductimages/medium/643195.jpg,2020-09-20 15:36:09,,0,,True
61adffed-260b-433d-a9da-77c817356e7c,Woolworths Supermarket,Household,Quilton 2ply Tissue Hypo-allergenic 250 pack,644239,$2.50,$1.00 / 100SS,https://www.woolworths.com.au/shop/productdetails/644239/quilton-2ply-tissue-hypo-allergenic,https://cdn0.woolworths.media/content/wowproductimages/medium/644239.jpg,2020-09-20 15:36:09,,0,,True
1e072fa6-2783-4149-a705-69ca610c8096,Woolworths Supermarket,Household,Quilton Gold 4 Ply Tissues Aloe Vera 100 pack,644240,$2.20,$2.20 / 100SS,https://www.woolworths.com.au/shop/productdetails/644240/quilton-gold-4-ply-tissues-aloe-vera,https://cdn0.woolworths.media/content/wowproductimages/medium/644240.jpg,2020-09-20 15:36:09,,0,,True
bed9c544-138f-4eac-9df5-81f6a7ef13ce,Woolworths Supermarket,Household,Mortein Powergard Flying Insect Killer Spray 300g,644444,$8.80,$2.93 / 100G,https://www.woolworths.com.au/shop/productdetails/644444/mortein-powergard-flying-insect-killer-spray,https://cdn0.woolworths.media/content/wowproductimages/medium/644444.jpg,2020-09-20 15:36:09,,0,,True
6005b047-51db-4a8b-9dd8-c33776853b5a,Woolworths Supermarket,Household,Mortein Powergard Cockroach Baits 12 pack,645169,$15.00,$1.25 / 1EA,https://www.woolworths.com.au/shop/productdetails/645169/mortein-powergard-cockroach-baits,https://cdn0.woolworths.media/content/wowproductimages/medium/645169.jpg,2020-09-20 15:36:09,,0,,True
25319614-e84f-4e67-96e6-29a45802cc94,Woolworths Supermarket,Household,Goliath Phlat Ball Junior each,646070,$12.00,,https://www.woolworths.com.au/shop/productdetails/646070/goliath-phlat-ball-junior,https://cdn0.woolworths.media/content/wowproductimages/medium/646070.jpg,2020-09-20 15:36:09,,0,,True
d1ac5afd-fa0c-498a-83f9-9eb430ec3767,Woolworths Supermarket,Household,Camelbak Podium Chill Bottle 600ml each,646143,$25.00,,https://www.woolworths.com.au/shop/productdetails/646143/camelbak-podium-chill-bottle-600ml,https://cdn0.woolworths.media/content/wowproductimages/medium/646143.jpg,2020-09-20 15:36:09,,0,,True
3f47b23d-7a34-4f19-bb9d-9a789e0396c6,Woolworths Supermarket,Household,Camelbak 1 Litre Eddy Drink Bottle each,646260,$30.00,,https://www.woolworths.com.au/shop/productdetails/646260/camelbak-1-litre-eddy-drink-bottle,https://cdn0.woolworths.media/content/wowproductimages/medium/646260.jpg,2020-09-20 15:36:09,,0,Designs may vary,True
db308c2a-dd96-48be-b67a-526eaf0f1f5e,Woolworths Supermarket,Household,Sistema Laundry Stack & Nest Basket 1.2l,646653,$5.00,,https://www.woolworths.com.au/shop/productdetails/646653/sistema-laundry-stack-nest-basket,https://cdn0.woolworths.media/content/wowproductimages/medium/646653.jpg,2020-09-20 15:36:09,,0,,True
6c01f27d-21af-48b9-bb77-16eee33964d8,Woolworths Supermarket,Household,Sistema Laundry Stack & Nest Basket 5.25l,646654,$10.00,,https://www.woolworths.com.au/shop/productdetails/646654/sistema-laundry-stack-nest-basket,https://cdn0.woolworths.media/content/wowproductimages/medium/646654.jpg,2020-09-20 15:36:09,,0,,True
acf04571-7047-4493-95b6-32ed6aa629a4,Woolworths Supermarket,Household,Ratsak Pre-baited Mouse Trap 2 pack,647261,$8.00,$4.00 / 1EA,https://www.woolworths.com.au/shop/productdetails/647261/ratsak-pre-baited-mouse-trap,https://cdn0.woolworths.media/content/wowproductimages/medium/647261.jpg,2020-09-20 15:36:09,,0,,True
e64e7c5d-4d03-42f7-b235-a34823976545,Woolworths Supermarket,Household,Mortein Powergard Control Bomb 2ea,648076,$12.50,$6.25 / 1EA,https://www.woolworths.com.au/shop/productdetails/648076/mortein-powergard-control-bomb,https://cdn0.woolworths.media/content/wowproductimages/medium/648076.jpg,2020-09-20 15:36:09,,0,,True
3a75a8c3-7c77-4c3d-8f9c-20bab697d189,Woolworths Supermarket,Household,Crayola Jumbo Crayons 8pk 8 pack,648078,$6.00,,https://www.woolworths.com.au/shop/productdetails/648078/crayola-jumbo-crayons-8pk,https://cdn0.woolworths.media/content/wowproductimages/medium/648078.jpg,2020-09-20 15:36:09,,0,,True
2ac64f59-740a-4563-bcb5-7816e35e2c1e,Woolworths Supermarket,Household,Crayola Washable Kids Paint 5 pack,648162,$5.60,,https://www.woolworths.com.au/shop/productdetails/648162/crayola-washable-kids-paint,https://cdn0.woolworths.media/content/wowproductimages/medium/648162.jpg,2020-09-20 15:36:09,,0,,True
02d1fc6f-a3a1-413c-820d-0c0b65288990,Woolworths Supermarket,Household,Crayola Funny Faces Colour & Sticker each,648163,$2.80,,https://www.woolworths.com.au/shop/productdetails/648163/crayola-funny-faces-colour-sticker,https://cdn0.woolworths.media/content/wowproductimages/medium/648163.jpg,2020-09-20 15:36:09,,0,,True
a4bb82ff-2c94-41b1-afe4-074f6dd7b985,Woolworths Supermarket,Household,Crayola Doodle Scents Scented Markers 12 pack,648164,$7.00,,https://www.woolworths.com.au/shop/productdetails/648164/crayola-doodle-scents-scented-markers,https://cdn0.woolworths.media/content/wowproductimages/medium/648164.jpg,2020-09-20 15:36:09,,0,,True
f6dcfced-1d0b-4679-ad61-2e32824f505c,Woolworths Supermarket,Household,Sistema Tritan Swift Bottle 600ml,648995,$10.00,,https://www.woolworths.com.au/shop/productdetails/648995/sistema-tritan-swift-bottle,https://cdn0.woolworths.media/content/wowproductimages/medium/648995.jpg,2020-09-20 15:36:09,,0,,True
ab9caaeb-b262-456a-bb5e-c6b73cd703ab,Woolworths Supermarket,Household,Decor Match-ups Containter Tall Blue 2.3l,649151,$4.50,,https://www.woolworths.com.au/shop/productdetails/649151/decor-match-ups-containter-tall-blue,https://cdn0.woolworths.media/content/wowproductimages/medium/649151.jpg,2020-09-20 15:36:09,,0,,True
98c53fba-37a6-4a9d-b45d-36c74fc631f7,Woolworths Supermarket,Household,Armor All Wash & Wax Wipes 12 pack,650295,$12.00,$1.00 / 1EA,https://www.woolworths.com.au/shop/productdetails/650295/armor-all-wash-wax-wipes,https://cdn0.woolworths.media/content/wowproductimages/medium/650295.jpg,2020-09-20 15:36:09,,0,,True
2da84cc8-13e9-4459-8848-44f9f127e97b,Woolworths Supermarket,Household,Oakwood Shoe Glue 50ml,651267,$6.75,$13.50 / 100ML,https://www.woolworths.com.au/shop/productdetails/651267/oakwood-shoe-glue,https://cdn0.woolworths.media/content/wowproductimages/medium/651267.jpg,2020-09-20 15:36:09,,0,,True
b30d790a-d9ac-495e-bdbb-0d7b48ce4072,Woolworths Supermarket,Household,Columbia Basic Eraser 2 pack,651539,$2.50,,https://www.woolworths.com.au/shop/productdetails/651539/columbia-basic-eraser,https://cdn0.woolworths.media/content/wowproductimages/medium/651539.jpg,2020-09-20 15:36:09,,0,,True
a114e10a-9a14-4c7e-a00e-6a0875cb4e1b,Woolworths Supermarket,Household,Elmer's Glitter Glue 177ml,651874,$4.90,,https://www.woolworths.com.au/shop/productdetails/651874/elmer-s-glitter-glue,https://cdn0.woolworths.media/content/wowproductimages/medium/651874.jpg,2020-09-20 15:36:09,,0,,True
55fbf4e4-e457-431d-adf4-926d638476b8,Woolworths Supermarket,Household,Expo Dry Erase Markers Vibrant Color Mix 4 pack,651996,$11.50,,https://www.woolworths.com.au/shop/productdetails/651996/expo-dry-erase-markers-vibrant-color-mix,https://cdn0.woolworths.media/content/wowproductimages/medium/651996.jpg,2020-09-20 15:36:09,,0,,True
4d84b96e-1c03-4207-9960-9360d220dafa,Woolworths Supermarket,Household,Elmer's School Glue 225ml,651999,$3.60,,https://www.woolworths.com.au/shop/productdetails/651999/elmer-s-school-glue,https://cdn0.woolworths.media/content/wowproductimages/medium/651999.jpg,2020-09-20 15:36:09,,0,,True
d40074a8-bd4b-4491-8256-6eb55e3ffa3b,Woolworths Supermarket,Household,Elmer's Clear Glue 147ml,652127,$7.00,,https://www.woolworths.com.au/shop/productdetails/652127/elmer-s-clear-glue,https://cdn0.woolworths.media/content/wowproductimages/medium/652127.jpg,2020-09-20 15:36:09,,0,,True
e9804489-5ad6-4887-8ca8-a8b095c1be2e,Woolworths Supermarket,Household,Scotts Osmocote + Organics Fruit & Citrus 800g,652270,$8.00,$1.00 / 100G,https://www.woolworths.com.au/shop/productdetails/652270/scotts-osmocote-organics-fruit-citrus,https://cdn0.woolworths.media/content/wowproductimages/medium/652270.jpg,2020-09-20 15:36:09,,0,,True
9ad31934-46e5-4424-a53f-eec1b6513b10,Woolworths Supermarket,Household,Pilot Frixion Ballpoint Pen Black 3ea,652518,$9.00,,https://www.woolworths.com.au/shop/productdetails/652518/pilot-frixion-ballpoint-pen-black,https://cdn0.woolworths.media/content/wowproductimages/medium/652518.jpg,2020-09-20 15:36:09,,0,,True
404b804d-752f-42bf-819a-4122789d7739,Woolworths Supermarket,Household,Pilot Frixion Ballpoint Pen Blue 3ea,652572,$9.00,,https://www.woolworths.com.au/shop/productdetails/652572/pilot-frixion-ballpoint-pen-blue,https://cdn0.woolworths.media/content/wowproductimages/medium/652572.jpg,2020-09-20 15:36:09,,0,,True
bea73ff9-0b15-4254-a814-ef37e95f248a,Woolworths Supermarket,Household,Ajax Spray N Wipe Divine Blends Cleaner Trigger 475ml,654495,$3.00,$0.63 / 100ML,https://www.woolworths.com.au/shop/productdetails/654495/ajax-spray-n-wipe-divine-blends-cleaner-trigger,https://cdn0.woolworths.media/content/wowproductimages/medium/654495.jpg,2020-09-20 15:36:09,,0,,True
ae5a593c-e5a7-420a-8982-f2b1dcb8925a,Woolworths Supermarket,Household,Dr Beckmann Glowhite Ultra 2x40g,655411,$5.55,$6.94 / 100G,https://www.woolworths.com.au/shop/productdetails/655411/dr-beckmann-glowhite-ultra,https://cdn0.woolworths.media/content/wowproductimages/medium/655411.jpg,2020-09-20 15:36:09,,0,,True
94baee75-eff7-46d8-8b28-9e59e4771f97,Woolworths Supermarket,Household,Ozkleen Pre Wash Power 500ml,656130,$5.50,$11.00 / 1L,https://www.woolworths.com.au/shop/productdetails/656130/ozkleen-pre-wash-power,https://cdn0.woolworths.media/content/wowproductimages/medium/656130.jpg,2020-09-20 15:36:09,,0,,True
ba80952a-6a04-46e6-8169-50927ff9a212,Woolworths Supermarket,Household,Scotch Gripping Pads Brown 8 pack,656288,$8.50,$1.06 / 1EA,https://www.woolworths.com.au/shop/productdetails/656288/scotch-gripping-pads-brown,https://cdn0.woolworths.media/content/wowproductimages/medium/656288.jpg,2020-09-20 15:36:09,,0,,True
2df60d5e-ff72-499f-8759-25e1ce320674,Woolworths Supermarket,Household,Scotch Felt Pads Value Pack 28 pack,656671,$12.00,$0.43 / 1EA,https://www.woolworths.com.au/shop/productdetails/656671/scotch-felt-pads-value-pack,https://cdn0.woolworths.media/content/wowproductimages/medium/656671.jpg,2020-09-20 15:36:09,,0,,True
4ce5f11b-7d1d-420d-ac9a-f54674580224,Woolworths Supermarket,Household,Scotch Bumpers 18 pack,656672,$6.50,$0.36 / 1EA,https://www.woolworths.com.au/shop/productdetails/656672/scotch-bumpers,https://cdn0.woolworths.media/content/wowproductimages/medium/656672.jpg,2020-09-20 15:36:09,,0,,True
78c33147-37e6-4909-8a55-b1bb478d1d01,Woolworths Supermarket,Household,Sard Wonder Super Power Stain Remover 450ml,657069,$4.00,$0.89 / 100ML,https://www.woolworths.com.au/shop/productdetails/657069/sard-wonder-super-power-stain-remover,https://cdn0.woolworths.media/content/wowproductimages/medium/657069.jpg,2020-09-20 15:36:09,,0,Was $4.85 18/04/2017,True
446a0639-3275-4c35-a9c8-8ab8440a8b0a,Woolworths Supermarket,Household,Sard Wonder Super Power Soaker 900g,657182,$5.00,$5.56 / 1KG,https://www.woolworths.com.au/shop/productdetails/657182/sard-wonder-super-power-soaker,https://cdn0.woolworths.media/content/wowproductimages/medium/657182.jpg,2020-09-20 15:36:09,,0,,True
d41e90e9-7a9f-4ba1-b8e1-66d85ba47bc0,Woolworths Supermarket,Household,Fab Laundry Powder Sunshine Fresh 2kg,657424,$7.00,$3.50 / 1KG,https://www.woolworths.com.au/shop/productdetails/657424/fab-laundry-powder-sunshine-fresh,https://cdn0.woolworths.media/content/wowproductimages/medium/657424.jpg,2020-09-20 15:36:09,,0,Was $8.50 06/11/2017,True
480b1858-ee3f-491b-96ff-c9124343d586,Woolworths Supermarket,Household,Fab Laundry Powder Sublime Velvet 1.8kg,657981,$7.00,$3.89 / 1KG,https://www.woolworths.com.au/shop/productdetails/657981/fab-laundry-powder-sublime-velvet,https://cdn0.woolworths.media/content/wowproductimages/medium/657981.jpg,2020-09-20 15:36:09,,0,Was $8.50 06/11/2017,True
529c71ce-04ca-4e42-b7bf-23614c5efee7,Woolworths Supermarket,Household,Elmer's Slime Starter Kit each,659704,$14.00,,https://www.woolworths.com.au/shop/productdetails/659704/elmer-s-slime-starter-kit,https://cdn0.woolworths.media/content/wowproductimages/medium/659704.jpg,2020-09-20 15:36:09,,0,,True
5ffbb7f0-d2e6-41f9-8583-df43ba55cfb6,Woolworths Supermarket,Household,Bonds Mens Fashion Guy Front Trunk Size Medium each,659888,$24.00,,https://www.woolworths.com.au/shop/productdetails/659888/bonds-mens-fashion-guy-front-trunk-size-medium,https://cdn0.woolworths.media/content/wowproductimages/medium/659888.jpg,2020-09-20 15:36:09,,0,Designs may vary,True
fe10412b-90e8-4d73-bd33-eabfc3d68abd,Woolworths Supermarket,Household,Bonds Mens Fashion Guy Front Trunk Size Large each,659889,$24.00,,https://www.woolworths.com.au/shop/productdetails/659889/bonds-mens-fashion-guy-front-trunk-size-large,https://cdn0.woolworths.media/content/wowproductimages/medium/659889.jpg,2020-09-20 15:36:09,,0,Designs may vary,True
6fc016f0-bdb8-458b-911a-0d232846ff90,Woolworths Supermarket,Household,Omo Touch Of Comfort Laundry Liquid 2l,659939,$11.00,$5.50 / 1L,https://www.woolworths.com.au/shop/productdetails/659939/omo-touch-of-comfort-laundry-liquid,https://cdn0.woolworths.media/content/wowproductimages/medium/659939.jpg,2020-09-20 15:36:09,,0,,True
0d55d873-a8ce-444f-a275-c7f56716bbf4,Woolworths Supermarket,Household,Comfort Floral Blush Limited Edition Fabric Conditioner 750ml,659984,$6.99,$9.32 / 1L,https://www.woolworths.com.au/shop/productdetails/659984/comfort-floral-blush-limited-edition-fabric-conditioner,https://cdn0.woolworths.media/content/wowproductimages/medium/659984.jpg,2020-09-20 15:36:09,,0,,True
ba130fc8-9ff7-415c-b950-a2c57de40ad0,Woolworths Supermarket,Household,Bonds Full Brief Comfytails Side Seam Free Size 14 2 pack,660182,$22.00,,https://www.woolworths.com.au/shop/productdetails/660182/bonds-full-brief-comfytails-side-seam-free-size-14,https://cdn0.woolworths.media/content/wowproductimages/medium/660182.jpg,2020-09-20 15:36:09,,0,Designs may vary,True
55e8de79-8f8d-43da-8011-6cce2a64a4a3,Woolworths Supermarket,Household,Bonds Full Brief Comfytails Side Seam Free Size 10 2 pack,660225,$22.00,,https://www.woolworths.com.au/shop/productdetails/660225/bonds-full-brief-comfytails-side-seam-free-size-10,https://cdn0.woolworths.media/content/wowproductimages/medium/660225.jpg,2020-09-20 15:36:09,,0,Designs may vary,True
fc1a343c-e5f4-4d2a-a4dd-cb85fbf3394d,Woolworths Supermarket,Household,Radiant Liquid Black Wash 1l,660226,$10.00,$10.00 / 1L,https://www.woolworths.com.au/shop/productdetails/660226/radiant-liquid-black-wash,https://cdn0.woolworths.media/content/wowproductimages/medium/660226.jpg,2020-09-20 15:36:09,,0,,True
7f06d626-dc0e-42af-9dbe-3f4f4c6e9a01,Woolworths Supermarket,Household,Bonds Womens Logo Light Weight Size 3-8 4 pack,660316,$14.00,,https://www.woolworths.com.au/shop/productdetails/660316/bonds-womens-logo-light-weight-size-3-8,https://cdn0.woolworths.media/content/wowproductimages/medium/660316.jpg,2020-09-20 15:36:09,,0,Designs may vary,True
db0362e5-afeb-4eec-8e17-f089037f8c2b,Woolworths Supermarket,Household,Bonds Womens Sneaker Socks Size 8 -11 4 pack,660320,$14.00,,https://www.woolworths.com.au/shop/productdetails/660320/bonds-womens-sneaker-socks-size-8-11,https://cdn0.woolworths.media/content/wowproductimages/medium/660320.jpg,2020-09-20 15:36:09,,0,Designs may vary,True
3b56f030-1616-4e5a-873a-adb4e1f81fd8,Woolworths Supermarket,Household,Glade Sense & Spray Primary Vanilla 12g,660344,$9.00,$7.50 / 10G,https://www.woolworths.com.au/shop/productdetails/660344/glade-sense-spray-primary-vanilla,https://cdn0.woolworths.media/content/wowproductimages/medium/660344.jpg,2020-09-20 15:36:09,,0,Was $11.35 15/04/2019,True
f96a42ac-a3c8-4ad3-9c1e-62f5636f26ab,Woolworths Supermarket,Household,Post-it Notes Canary Yellow 4 pack,660431,$4.00,,https://www.woolworths.com.au/shop/productdetails/660431/post-it-notes-canary-yellow,https://cdn0.woolworths.media/content/wowproductimages/medium/660431.jpg,2020-09-20 15:36:09,,0,,True
5f88a78d-ef96-454d-a468-b6dc716417e2,Woolworths Supermarket,Household,Glade Sense & Spray Vanilla Refill 12g,661184,$5.90,$4.92 / 10G,https://www.woolworths.com.au/shop/productdetails/661184/glade-sense-spray-vanilla-refill,https://cdn0.woolworths.media/content/wowproductimages/medium/661184.jpg,2020-09-20 15:36:09,,0,Was $6.25 27/03/2019,True
987bf4f2-634f-48e9-9d41-6e59f54bcff1,Woolworths Supermarket,Household,Glade Candle Vanilla 96g,661262,$6.00,$6.00 / 1EA,https://www.woolworths.com.au/shop/productdetails/661262/glade-candle-vanilla,https://cdn0.woolworths.media/content/wowproductimages/medium/661262.jpg,2020-09-20 15:36:09,,0,Was $6.99 12/01/2017,True
6254eb62-a84d-4466-b60c-393c48a43ac5,Woolworths Supermarket,Household,Clean Laundry Liquid Sunny Glow 2l,661970,$5.50,$2.75 / 1L,https://www.woolworths.com.au/shop/productdetails/661970/clean-laundry-liquid-sunny-glow,https://cdn0.woolworths.media/content/wowproductimages/medium/661970.jpg,2020-09-20 15:36:09,Average product rating out of 5: 4.2. Product score is based on 491 ratings,491,Was $5.80 19/03/2018,True
d0488bf8-32db-4e43-8fe1-dd41703a5ab9,Woolworths Supermarket,Household,Clean Laundry Liquid Oriental Kiss 2l,661971,$5.50,$2.75 / 1L,https://www.woolworths.com.au/shop/productdetails/661971/clean-laundry-liquid-oriental-kiss,https://cdn0.woolworths.media/content/wowproductimages/medium/661971.jpg,2020-09-20 15:36:09,Average product rating out of 5: 4.2. Product score is based on 1347 ratings,1347,Was $5.80 19/03/2018,True
64b49505-790a-4e88-8b16-ac4cf96ead42,Woolworths Supermarket,Household,Clean Laundry Liquid Sensitive 2l,661972,$6.50,$3.25 / 1L,https://www.woolworths.com.au/shop/productdetails/661972/clean-laundry-liquid-sensitive,https://cdn0.woolworths.media/content/wowproductimages/medium/661972.jpg,2020-09-20 15:36:09,Average product rating out of 5: 4.4. Product score is based on 584 ratings,584,Was $7.00 19/03/2018,True
abcedb72-9029-4771-8bfc-27f68280d67f,Woolworths Supermarket,Household,Clean Laundry Powder Sunny Glow 2kg,661973,$5.50,$2.75 / 1KG,https://www.woolworths.com.au/shop/productdetails/661973/clean-laundry-powder-sunny-glow,https://cdn0.woolworths.media/content/wowproductimages/medium/661973.jpg,2020-09-20 15:36:09,Average product rating out of 5: 3.9. Product score is based on 411 ratings,411,Was $5.80 19/03/2018,True
bc327a8b-f0c6-4863-8cd7-700814d61d6e,Woolworths Supermarket,Household,Clean Laundry Powder Oriental Kiss 2kg,661974,$5.50,$2.75 / 1KG,https://www.woolworths.com.au/shop/productdetails/661974/clean-laundry-powder-oriental-kiss,https://cdn0.woolworths.media/content/wowproductimages/medium/661974.jpg,2020-09-20 15:36:09,Average product rating out of 5: 4.1. Product score is based on 393 ratings,393,Was $5.80 19/03/2018,True
d6a8d8e1-7845-484e-b42a-94627ac2e6bb,Woolworths Supermarket,Household,Staedtler Triplus Fineliner 10 pack,662482,$19.00,,https://www.woolworths.com.au/shop/productdetails/662482/staedtler-triplus-fineliner,https://cdn0.woolworths.media/content/wowproductimages/medium/662482.jpg,2020-09-20 15:36:09,,0,,True
25f45acd-fab7-427b-8c93-bae8c1054d0d,Woolworths Supermarket,Household,Staedtler Noris Club Math Set each,662484,$7.00,,https://www.woolworths.com.au/shop/productdetails/662484/staedtler-noris-club-math-set,https://cdn0.woolworths.media/content/wowproductimages/medium/662484.jpg,2020-09-20 15:36:09,,0,,True
131cc1ee-6c70-48db-8a09-e25026f6e1f9,Woolworths Supermarket,Household,Toshiba Usb 2.0 Sm02 16gb each,663730,$14.00,,https://www.woolworths.com.au/shop/productdetails/663730/toshiba-usb-2-0-sm02-16gb,https://cdn0.woolworths.media/content/wowproductimages/medium/663730.jpg,2020-09-20 15:36:09,,0,,True
af619b2f-669b-4408-8ce8-5b46442a58dc,Woolworths Supermarket,Household,Top Trumps Card Game each,664112,$9.00,,https://www.woolworths.com.au/shop/productdetails/664112/top-trumps-card-game,https://cdn0.woolworths.media/content/wowproductimages/medium/664112.jpg,2020-09-20 15:36:09,,0,,True
cb7d4c11-dd6a-48f0-b0ea-2c4b90346a5c,Woolworths Supermarket,Household,Essentials Plasticware Storage 52l each,664844,$16.00,,https://www.woolworths.com.au/shop/productdetails/664844/essentials-plasticware-storage-52l,https://cdn0.woolworths.media/content/wowproductimages/medium/664844.jpg,2020-09-20 15:36:09,,0,,True
f8fee40c-79fe-472a-929c-fe6caf04a894,Woolworths Supermarket,Household,Strike Glass Wipes 50 pack,665350,$2.10,$0.04 / 1EA,https://www.woolworths.com.au/shop/productdetails/665350/strike-glass-wipes,https://cdn0.woolworths.media/content/wowproductimages/medium/665350.jpg,2020-09-20 15:36:09,,0,,True
f3ed01a7-8f9e-4cc8-ad5f-848b5eb571ab,Woolworths Supermarket,Household,Strike Multi Purpose Cleaner 750ml,665352,$1.80,$0.24 / 100ML,https://www.woolworths.com.au/shop/productdetails/665352/strike-multi-purpose-cleaner,https://cdn0.woolworths.media/content/wowproductimages/medium/665352.jpg,2020-09-20 15:36:09,Average product rating out of 5: 4.2. Product score is based on 406 ratings,406,,True
753b0f65-2ce7-4261-8815-460d04202e1d,Woolworths Supermarket,Household,Strike Disinfectant Spray Eucalyptus 300g,665353,$4.00,$1.33 / 100G,https://www.woolworths.com.au/shop/productdetails/665353/strike-disinfectant-spray-eucalyptus,https://cdn0.woolworths.media/content/wowproductimages/medium/665353.jpg,2020-09-20 15:36:09,,0,,True
fffb6b17-44a0-4512-9e4e-6c53d9a0ffa1,Woolworths Supermarket,Household,Strike Toilet Cleaner Marine 700ml,666430,$2.30,$0.33 / 100ML,https://www.woolworths.com.au/shop/productdetails/666430/strike-toilet-cleaner-marine,https://cdn0.woolworths.media/content/wowproductimages/medium/666430.jpg,2020-09-20 15:36:09,Average product rating out of 5: 4.3. Product score is based on 576 ratings,576,,True
c975f0c4-d038-44f2-84c5-e8bfbb44c277,Woolworths Supermarket,Household,Sard Wonder Colour Catcher 15 sheets,670546,$3.50,$0.23 / 1EA,https://www.woolworths.com.au/shop/productdetails/670546/sard-wonder-colour-catcher,https://cdn0.woolworths.media/content/wowproductimages/medium/670546.jpg,2020-09-20 15:36:09,,0,,True
3c832179-7cac-48ad-b6fc-7c25cf04fb1a,Woolworths Supermarket,Household,Bff Best Furry Friends Mystery 1pk,670592,,,https://www.woolworths.com.au/shop/productdetails/670592/bff-best-furry-friends-mystery,https://cdn0.woolworths.media/content/wowproductimages/medium/670592.jpg,2020-09-20 15:36:09,,0,,False
09bd8aa4-927d-42f7-8c4f-c4ab8da5c850,Woolworths Supermarket,Household,Energizer Recharge Maxi Aa 4 pack,670596,$30.00,$30.00 / 1EA,https://www.woolworths.com.au/shop/productdetails/670596/energizer-recharge-maxi-aa,https://cdn0.woolworths.media/content/wowproductimages/medium/670596.jpg,2020-09-20 15:36:09,,0,,True
980719db-3d50-4012-b9c5-59550cbd4a80,Woolworths Supermarket,Household,Olsent Cfl Spiral Es 23w 1600lm Cw Lamp 23w Cool White 2 pack,671655,$10.00,$5.00 / 1EA,https://www.woolworths.com.au/shop/productdetails/671655/olsent-cfl-spiral-es-23w-1600lm-cw-lamp-23w-cool-white,https://cdn0.woolworths.media/content/wowproductimages/medium/671655.jpg,2020-09-20 15:36:09,,0,,True
ed13ad3a-c88e-467c-a0fe-7d3c41477056,Woolworths Supermarket,Household,Olsent Led Filament Gls Bc 6.5w 810lm 2 pack,671656,$10.00,,https://www.woolworths.com.au/shop/productdetails/671656/olsent-led-filament-gls-bc-6-5w-810lm,https://cdn0.woolworths.media/content/wowproductimages/medium/671656.jpg,2020-09-20 15:36:09,,0,,True
2a73753b-b487-422d-9800-88d2d0a4e3d7,Woolworths Supermarket,Household,Olsent Cfl Spiral Es 23w 1600lm Lamp 23w Warm White 2 pack,671657,$10.00,$5.00 / 1EA,https://www.woolworths.com.au/shop/productdetails/671657/olsent-cfl-spiral-es-23w-1600lm-lamp-23w-warm-white,https://cdn0.woolworths.media/content/wowproductimages/medium/671657.jpg,2020-09-20 15:36:09,,0,,True
eda25fed-a126-4c47-9ec4-b010002e3969,Woolworths Supermarket,Household,Olsent Led Gls Bc 15w 1400lm Cw 2 pack,671658,$12.00,$6.00 / 1EA,https://www.woolworths.com.au/shop/productdetails/671658/olsent-led-gls-bc-15w-1400lm-cw,https://cdn0.woolworths.media/content/wowproductimages/medium/671658.jpg,2020-09-20 15:36:09,,0,,True
38dfb4c8-89e1-44f8-9acd-6aa82b227094,Woolworths Supermarket,Household,Olsent Led Gls Bc 15w 1400lm Ww 2 pack,671850,$12.00,$6.00 / 1EA,https://www.woolworths.com.au/shop/productdetails/671850/olsent-led-gls-bc-15w-1400lm-ww,https://cdn0.woolworths.media/content/wowproductimages/medium/671850.jpg,2020-09-20 15:36:09,,0,,True
736c8819-7597-4f27-937b-a717fb966cbe,Woolworths Supermarket,Household,Olsent Led Filament Candle Ses 4w 470lm 2 pack,671851,$9.00,$4.50 / 1EA,https://www.woolworths.com.au/shop/productdetails/671851/olsent-led-filament-candle-ses-4w-470lm,https://cdn0.woolworths.media/content/wowproductimages/medium/671851.jpg,2020-09-20 15:36:09,,0,,True
da8fa016-6836-4e2a-97f3-d8c6c35fc6b9,Woolworths Supermarket,Household,Crayola Color Sticker Disney Princess each,673431,$5.00,,https://www.woolworths.com.au/shop/productdetails/673431/crayola-color-sticker-disney-princess,https://cdn0.woolworths.media/content/wowproductimages/medium/673431.jpg,2020-09-20 15:36:09,,0,,True
72a33fb3-c14e-4f68-a00c-5b4aff92238c,Woolworths Supermarket,Household,Crayola Side Walk Chalk 16 pack,673581,$3.50,,https://www.woolworths.com.au/shop/productdetails/673581/crayola-side-walk-chalk,https://cdn0.woolworths.media/content/wowproductimages/medium/673581.jpg,2020-09-20 15:36:09,,0,,True
cfa00eb3-0475-41a2-bbb2-1f4bf139d468,Woolworths Supermarket,Household,Chux Dishwand Handle each,673717,$5.00,$5.00 / 1EA,https://www.woolworths.com.au/shop/productdetails/673717/chux-dishwand-handle,https://cdn0.woolworths.media/content/wowproductimages/medium/673717.jpg,2020-09-20 15:36:09,,0,,True
d478122f-2bdd-4324-95c3-bd7fded745ab,Woolworths Supermarket,Household,Philips Led Sticks 1055lm Warm Bc 1pk,674625,$7.00,$7.00 / 1EA,https://www.woolworths.com.au/shop/productdetails/674625/philips-led-sticks-1055lm-warm-bc,https://cdn0.woolworths.media/content/wowproductimages/medium/674625.jpg,2020-09-20 15:36:09,,0,,True
5c43a4e7-258a-49fe-9403-7834f324a730,Woolworths Supermarket,Household,Philips Led Sticks 1055lm Warm Es 1pk,674640,$7.00,$7.00 / 1EA,https://www.woolworths.com.au/shop/productdetails/674640/philips-led-sticks-1055lm-warm-es,https://cdn0.woolworths.media/content/wowproductimages/medium/674640.jpg,2020-09-20 15:36:09,,0,,True
09673a44-b548-4efb-b7ae-6826ea39b805,Woolworths Supermarket,Household,Philips Led Sticks 1150lm Cool Es 1pk,674799,$7.00,$7.00 / 1EA,https://www.woolworths.com.au/shop/productdetails/674799/philips-led-sticks-1150lm-cool-es,https://cdn0.woolworths.media/content/wowproductimages/medium/674799.jpg,2020-09-20 15:36:09,,0,,True
90ed71f0-3462-4cee-8093-e9a46c4d391b,Woolworths Supermarket,Household,Woolworths Reusable Carry Bag each,675287,$0.99,,https://www.woolworths.com.au/shop/productdetails/675287/woolworths-reusable-carry-bag,https://cdn0.woolworths.media/content/wowproductimages/medium/675287.jpg,2020-09-20 15:36:09,,0,,True
6c7ab0da-c895-4dc4-882c-3f33400d8aad,Woolworths Supermarket,Household,Air Wick Essential Mist Refill Peony & Jasmine 20ml,676347,$5.35,$2.68 / 10ML,https://www.woolworths.com.au/shop/productdetails/676347/air-wick-essential-mist-refill-peony-jasmine,https://cdn0.woolworths.media/content/wowproductimages/medium/676347.jpg,2020-09-20 15:36:09,,0,,True
b793a1c7-57d5-4168-8fce-a4321e7cca87,Woolworths Supermarket,Household,Energizer Max Aaa Batteries 6 pack,676356,$8.00,$1.33 / 1EA,https://www.woolworths.com.au/shop/productdetails/676356/energizer-max-aaa-batteries,https://cdn0.woolworths.media/content/wowproductimages/medium/676356.jpg,2020-09-20 15:36:09,,0,,True
3c4b6d0d-ef53-4f1b-bc27-354d26c0f171,Woolworths Supermarket,Household,Air Wick Essential Mist Refill Fresh Water Breeze 20ml,676386,$5.35,$2.68 / 10ML,https://www.woolworths.com.au/shop/productdetails/676386/air-wick-essential-mist-refill-fresh-water-breeze,https://cdn0.woolworths.media/content/wowproductimages/medium/676386.jpg,2020-09-20 15:36:09,,0,,True
d3183b39-9087-48a8-93d4-4c99c9fd7687,Woolworths Supermarket,Household,Air Wick Pure Freshmatic Refill Cherry Blossom 157g,676388,$8.00,$5.10 / 100G,https://www.woolworths.com.au/shop/productdetails/676388/air-wick-pure-freshmatic-refill-cherry-blossom,https://cdn0.woolworths.media/content/wowproductimages/medium/676388.jpg,2020-09-20 15:36:09,,0,2 for $13.00 $4.14/100G,True
751725ae-7fa6-4168-a2cc-654c3bd29d33,Woolworths Supermarket,Household,Air Wick Pure Freshmatic Prime 157g,676392,$7.50,$4.78 / 100G,https://www.woolworths.com.au/shop/productdetails/676392/air-wick-pure-freshmatic-prime,https://cdn0.woolworths.media/content/wowproductimages/medium/676392.jpg,2020-09-20 15:36:09,,0,,True
3b772795-7019-4785-9157-704eeac8e686,Woolworths Supermarket,Household,Organic Choice Air Freshener Lemongrass & Cedarwood 200ml,676525,$5.00,$2.50 / 100ML,https://www.woolworths.com.au/shop/productdetails/676525/organic-choice-air-freshener-lemongrass-cedarwood,https://cdn0.woolworths.media/content/wowproductimages/medium/676525.jpg,2020-09-20 15:36:09,,0,,True
5a01bea9-23d3-4f34-998a-3343dff830d2,Woolworths Supermarket,Household,Organic Choice Air Freshener & Linen Spray West Indian Lime & Coconut 200ml,676543,$5.00,$2.50 / 100ML,https://www.woolworths.com.au/shop/productdetails/676543/organic-choice-air-freshener-linen-spray-west-indian-lime-coconut,https://cdn0.woolworths.media/content/wowproductimages/medium/676543.jpg,2020-09-20 15:36:09,,0,,True
cae155f7-fead-4746-8854-728d315528e7,Woolworths Supermarket,Household,Woolworths Foldable Bag each,676618,$0.99,,https://www.woolworths.com.au/shop/productdetails/676618/woolworths-foldable-bag,https://cdn0.woolworths.media/content/wowproductimages/medium/676618.jpg,2020-09-20 15:36:09,,0,,True
4353dd05-a972-4dae-8f70-47a2542b5988,Woolworths Supermarket,Household,Decor Microsafe Jewel Oblong 3x900ml,676819,$14.00,,https://www.woolworths.com.au/shop/productdetails/676819/decor-microsafe-jewel-oblong,https://cdn0.woolworths.media/content/wowproductimages/medium/676819.jpg,2020-09-20 15:36:09,,0,,True
f6622cd9-b696-49e4-b8f5-0b8e299dc61e,Woolworths Supermarket,Household,Refresh Your Car Vent Stick New Car Cool Breeze 4 pack,676833,$4.20,$1.05 / 1EA,https://www.woolworths.com.au/shop/productdetails/676833/refresh-your-car-vent-stick-new-car-cool-breeze,https://cdn0.woolworths.media/content/wowproductimages/medium/676833.jpg,2020-09-20 15:36:09,,0,,True
da1a944d-4f88-4811-a6f3-8b5d66a061d8,Woolworths Supermarket,Household,Refresh Your Car Gel Cannister New Car New Car 71g,676837,$5.60,$7.89 / 100G,https://www.woolworths.com.au/shop/productdetails/676837/refresh-your-car-gel-cannister-new-car-new-car,https://cdn0.woolworths.media/content/wowproductimages/medium/676837.jpg,2020-09-20 15:36:09,,0,,True
32fcc7cf-6d7b-4214-9dbb-5a15ff259c0c,Woolworths Supermarket,Household,Dolphin Handheld Mini 4aa each,677067,$15.00,,https://www.woolworths.com.au/shop/productdetails/677067/dolphin-handheld-mini-4aa,https://cdn0.woolworths.media/content/wowproductimages/medium/677067.jpg,2020-09-20 15:36:09,,0,,True
c3be4922-a719-4897-ade7-065ab276676c,Woolworths Supermarket,Household,Jackson 4 Usb Outlet Portable Powerboard each,677070,$29.00,,https://www.woolworths.com.au/shop/productdetails/677070/jackson-4-usb-outlet-portable-powerboard,https://cdn0.woolworths.media/content/wowproductimages/medium/677070.jpg,2020-09-20 15:36:09,,0,,True
13e11945-23cc-483b-9f5b-c6a357f960df,Woolworths Supermarket,Household,Green Gardener 2 Way Tap Adaptor each,677924,$5.00,,https://www.woolworths.com.au/shop/productdetails/677924/green-gardener-2-way-tap-adaptor,https://cdn0.woolworths.media/content/wowproductimages/medium/677924.jpg,2020-09-20 15:36:09,,0,,True
2a341875-fef3-4108-af08-eb78d76bf833,Woolworths Supermarket,Household,Brita Limescale Maxtra Filter each,678339,$16.00,,https://www.woolworths.com.au/shop/productdetails/678339/brita-limescale-maxtra-filter,https://cdn0.woolworths.media/content/wowproductimages/medium/678339.jpg,2020-09-20 15:36:09,,0,,True
cbd27673-d03f-4132-b840-c39c5ebc43ab,Woolworths Supermarket,Household,Hasbro Transformers Generations each,678659,$10.00,,https://www.woolworths.com.au/shop/productdetails/678659/hasbro-transformers-generations,https://cdn0.woolworths.media/content/wowproductimages/medium/678659.jpg,2020-09-20 15:36:09,,0,Designs may vary,True
0ceefd7a-f230-4195-a59b-ec15b33ae84f,Woolworths Supermarket,Household,Baby Secrets Merbabies 1pk,678708,$8.00,,https://www.woolworths.com.au/shop/productdetails/678708/baby-secrets-merbabies,https://cdn0.woolworths.media/content/wowproductimages/medium/678708.jpg,2020-09-20 15:36:09,,0,,True
590ad68a-4651-4e0c-a368-f29f8408d297,Woolworths Supermarket,Household,Hot Wheels Culture Car each,678923,,,https://www.woolworths.com.au/shop/productdetails/678923/hot-wheels-culture-car,https://cdn0.woolworths.media/content/wowproductimages/medium/678923.jpg,2020-09-20 15:36:09,,0,Designs may vary,False
1606dd6a-0ebc-4a4a-aeea-d733905598ed,Woolworths Supermarket,Household,Kleenex Complete Clean Toilet Tissue 9 pack,679037,$8.00,$0.49 / 100SS,https://www.woolworths.com.au/shop/productdetails/679037/kleenex-complete-clean-toilet-tissue,https://cdn0.woolworths.media/content/wowproductimages/medium/679037.jpg,2020-09-20 15:36:09,,0,,True
565cb2a7-135d-4095-9384-468993873aca,Woolworths Supermarket,Household,Scotch Gaffa Tape Black 48mm X 15m each,679090,$8.00,$8.00 / 1EA,https://www.woolworths.com.au/shop/productdetails/679090/scotch-gaffa-tape-black-48mm-x-15m,https://cdn0.woolworths.media/content/wowproductimages/medium/679090.jpg,2020-09-20 15:36:09,,0,,True
7a8c5db5-7e64-48c5-bf45-8eeeabbe4c6d,Woolworths Supermarket,Household,Scotch Pvc Duct Tape Silver 48mm X 30m each,679091,$6.50,$6.50 / 1EA,https://www.woolworths.com.au/shop/productdetails/679091/scotch-pvc-duct-tape-silver-48mm-x-30m,https://cdn0.woolworths.media/content/wowproductimages/medium/679091.jpg,2020-09-20 15:36:09,,0,,True
afaa20a3-033d-455f-abcd-9acb416c88c0,Woolworths Supermarket,Household,Cuddly Concentrate Fabric Softener Aroma Intense Wild Rose 850ml,679254,$9.00,$10.59 / 1L,https://www.woolworths.com.au/shop/productdetails/679254/cuddly-concentrate-fabric-softener-aroma-intense-wild-rose,https://cdn0.woolworths.media/content/wowproductimages/medium/679254.jpg,2020-09-20 15:36:09,,0,,True
9c151927-49cf-48ee-b124-58440954cdae,Woolworths Supermarket,Household,Cuddly Concentrate Fabric Softener Conditioner Sunshine Fresh 2l,679284,$15.00,$7.50 / 1L,https://www.woolworths.com.au/shop/productdetails/679284/cuddly-concentrate-fabric-softener-conditioner-sunshine-fresh,https://cdn0.woolworths.media/content/wowproductimages/medium/679284.jpg,2020-09-20 15:36:09,,0,,True
d7c73f63-386d-472d-b0a6-4c7f3004eff0,Woolworths Supermarket,Household,Comfort Fabric Conditioner Rainforest Fresh 750ml,679300,$7.00,$9.33 / 1L,https://www.woolworths.com.au/shop/productdetails/679300/comfort-fabric-conditioner-rainforest-fresh,https://cdn0.woolworths.media/content/wowproductimages/medium/679300.jpg,2020-09-20 15:36:09,,0,,True
9d158a70-bbbb-497a-a373-36a40b14041e,Woolworths Supermarket,Household,Hot Wheels Super Rig Assorted each,680023,$9.00,,https://www.woolworths.com.au/shop/productdetails/680023/hot-wheels-super-rig-assorted,https://cdn0.woolworths.media/content/wowproductimages/medium/680023.jpg,2020-09-20 15:36:09,,0,,True
b4fbaf2e-e18e-4288-98db-adb58dd3cfe1,Woolworths Supermarket,Household,Sistema Brilliance Small Rectangle each,680681,$6.00,,https://www.woolworths.com.au/shop/productdetails/680681/sistema-brilliance-small-rectangle,https://cdn0.woolworths.media/content/wowproductimages/medium/680681.jpg,2020-09-20 15:36:09,,0,,True
b919258a-0188-4be2-83c0-433bca93eb04,Woolworths Supermarket,Household,Sistema Brilliance Medium Rectangle each,680682,$10.00,,https://www.woolworths.com.au/shop/productdetails/680682/sistema-brilliance-medium-rectangle,https://cdn0.woolworths.media/content/wowproductimages/medium/680682.jpg,2020-09-20 15:36:09,,0,,True
16e825dd-f5b0-4166-8459-f25e29a03a94,Woolworths Supermarket,Household,Sistema Brilliance Large Rectangle each,680683,$14.00,,https://www.woolworths.com.au/shop/productdetails/680683/sistema-brilliance-large-rectangle,https://cdn0.woolworths.media/content/wowproductimages/medium/680683.jpg,2020-09-20 15:36:09,,0,,True
f1b48e5d-4f2d-4407-bc05-7f0bf4694282,Woolworths Supermarket,Household,Organic Choice Luxe Laundry Liquid 1l,681298,$9.95,$9.95 / 1L,https://www.woolworths.com.au/shop/productdetails/681298/organic-choice-luxe-laundry-liquid,https://cdn0.woolworths.media/content/wowproductimages/medium/681298.jpg,2020-09-20 15:36:09,,0,,True
6cb458c8-eb0a-4b3a-84f9-7df919235855,Woolworths Supermarket,Household,Dynamo Professional Capsules 16 pack,681459,$12.50,$0.78 / 1EA,https://www.woolworths.com.au/shop/productdetails/681459/dynamo-professional-capsules,https://cdn0.woolworths.media/content/wowproductimages/medium/681459.jpg,2020-09-20 15:36:09,,0,,True
3c58ec29-bb57-425d-96d6-5645af532d16,Woolworths Supermarket,Household,Fab Essential Oils Sensually Fresh Malaysian Orchid & Sandalwood 1.8l,681462,$8.00,$4.44 / 1L,https://www.woolworths.com.au/shop/productdetails/681462/fab-essential-oils-sensually-fresh-malaysian-orchid-sandalwood,https://cdn0.woolworths.media/content/wowproductimages/medium/681462.jpg,2020-09-20 15:36:09,,0,Was $9.00 09/10/2017,True
f5a9ac92-9031-4204-87f4-3d2d15515f7c,Woolworths Supermarket,Household,Fab Essential Oils Sensually Fresh Malaysian Orchid & Sandalwood 1.8kg,681477,$7.00,$3.89 / 1KG,https://www.woolworths.com.au/shop/productdetails/681477/fab-essential-oils-sensually-fresh-malaysian-orchid-sandalwood,https://cdn0.woolworths.media/content/wowproductimages/medium/681477.jpg,2020-09-20 15:36:09,,0,Was $8.50 06/11/2017,True
ea8c9f66-e6c0-4298-bba4-b5cbc6172e40,Woolworths Supermarket,Household,Take 5 Monthly Magazine each,681479,$4.99,,https://www.woolworths.com.au/shop/productdetails/681479/take-5-monthly-magazine,https://cdn0.woolworths.media/content/wowproductimages/medium/681479.jpg,2020-09-20 15:36:09,,0,Offer Details Here,True
9370f5c1-2d60-4be9-9a28-0c7e640b3ba9,Woolworths Supermarket,Household,Surf Coastal Luxury Laundry Powder 2kg,681524,$7.00,$3.50 / 1KG,https://www.woolworths.com.au/shop/productdetails/681524/surf-coastal-luxury-laundry-powder,https://cdn0.woolworths.media/content/wowproductimages/medium/681524.jpg,2020-09-20 15:36:09,,0,Was $8.50 30/05/2016,True
f802e002-c2af-4a91-af01-2e235d8ccee9,Woolworths Supermarket,Household,Surf Coastal Luxury Laundry Liquid 2l,681576,$8.00,$4.00 / 1L,https://www.woolworths.com.au/shop/productdetails/681576/surf-coastal-luxury-laundry-liquid,https://cdn0.woolworths.media/content/wowproductimages/medium/681576.jpg,2020-09-20 15:36:09,,0,Was $8.99 28/08/2017,True
8261320b-7130-4292-bec4-d301a77bf013,Woolworths Supermarket,Household,Biozet Attack Liquid With Softner 2l,682037,$22.00,$11.00 / 1L,https://www.woolworths.com.au/shop/productdetails/682037/biozet-attack-liquid-with-softner,https://cdn0.woolworths.media/content/wowproductimages/medium/682037.jpg,2020-09-20 15:36:09,,0,,True
575e46fd-8893-40ec-8493-1fe2ae43c8da,Woolworths Supermarket,Household,Aroma Essentials Vanilla Caramel Candle 300g,682388,$13.00,$13.00 / 1EA,https://www.woolworths.com.au/shop/productdetails/682388/aroma-essentials-vanilla-caramel-candle,https://cdn0.woolworths.media/content/wowproductimages/medium/682388.jpg,2020-09-20 15:36:09,,0,,True
395d3399-802f-43be-b442-f2afa7806d83,Woolworths Supermarket,Household,Shine 10-in-1 Dishwasher Tabs 100 pack,683014,,,https://www.woolworths.com.au/shop/productdetails/683014/shine-10-in-1-dishwasher-tabs,https://cdn0.woolworths.media/content/wowproductimages/medium/683014.jpg,2020-09-20 15:36:09,,0,,False
da6738ca-b9ef-43bb-8be1-cb450a10f671,Woolworths Supermarket,Household,Shine Pro Dishwasher Cleaner Tabs 2 pack,683015,$3.50,$1.75 / 1EA,https://www.woolworths.com.au/shop/productdetails/683015/shine-pro-dishwasher-cleaner-tabs,https://cdn0.woolworths.media/content/wowproductimages/medium/683015.jpg,2020-09-20 15:36:09,,0,,True
8f2093a0-ca01-4fae-94da-9b883334dcbb,Woolworths Supermarket,Household,Shine Dishwasher Tablets 10-in-1 30 pack,683016,$4.50,$0.15 / 1EA,https://www.woolworths.com.au/shop/productdetails/683016/shine-dishwasher-tablets-10-in-1,https://cdn0.woolworths.media/content/wowproductimages/medium/683016.jpg,2020-09-20 15:36:09,Average product rating out of 5: 4.2. Product score is based on 795 ratings,795,,True
b7303fe3-c86b-4c8f-9ba4-3c3c64f564e5,Woolworths Supermarket,Household,Shine Pro 18 In 1 Dishwashing Pods 20 pack,683017,$4.00,$0.20 / 1EA,https://www.woolworths.com.au/shop/productdetails/683017/shine-pro-18-in-1-dishwashing-pods,https://cdn0.woolworths.media/content/wowproductimages/medium/683017.jpg,2020-09-20 15:36:09,Average product rating out of 5: 4.3. Product score is based on 795 ratings,795,,True
41e977ce-f6b8-4eda-9272-d519168a9a5d,Woolworths Supermarket,Household,Chevron Alkaline Aaa 24 pack,683403,$10.00,$0.42 / 1EA,https://www.woolworths.com.au/shop/productdetails/683403/chevron-alkaline-aaa,https://cdn0.woolworths.media/content/wowproductimages/medium/683403.jpg,2020-09-20 15:36:09,,0,,True
7f2b48a4-b889-40a5-bd45-bb7d5748c7d3,Woolworths Supermarket,Household,Chevron Alkaline Aa 24 pack,683404,$10.00,$0.42 / 1EA,https://www.woolworths.com.au/shop/productdetails/683404/chevron-alkaline-aa,https://cdn0.woolworths.media/content/wowproductimages/medium/683404.jpg,2020-09-20 15:36:09,,0,,True
28501e12-6a43-4a3d-a67f-fee74b196b0b,Woolworths Supermarket,Household,Wiltshire Silicone Bowl Covers 3 pack,683797,$9.00,,https://www.woolworths.com.au/shop/productdetails/683797/wiltshire-silicone-bowl-covers,https://cdn0.woolworths.media/content/wowproductimages/medium/683797.jpg,2020-09-20 15:36:09,,0,,True
2db5981a-41d9-494e-a664-ff4f6ba00761,Woolworths Supermarket,Household,Armada Small Kitchen Tidy Bag 40 pack,684102,$2.00,$0.05 / 1EA,https://www.woolworths.com.au/shop/productdetails/684102/armada-small-kitchen-tidy-bag,https://cdn0.woolworths.media/content/wowproductimages/medium/684102.jpg,2020-09-20 15:36:09,,0,,True
873c6bf5-5cf8-46cb-8d35-97be9c6e19d7,Woolworths Supermarket,Household,Refresh Your Car Vent Stick Fresh Strawberry Cool Lemonade 4 pack,684278,$4.20,$1.05 / 1EA,https://www.woolworths.com.au/shop/productdetails/684278/refresh-your-car-vent-stick-fresh-strawberry-cool-lemonade,https://cdn0.woolworths.media/content/wowproductimages/medium/684278.jpg,2020-09-20 15:36:09,,0,,True
4dbebcda-40dd-42f1-8eb9-e0b3122aeca4,Woolworths Supermarket,Household,Refresh Your Car Odour Eliminating Trigger Spray 480ml,684417,$10.50,$10.50 / 1EA,https://www.woolworths.com.au/shop/productdetails/684417/refresh-your-car-odour-eliminating-trigger-spray,https://cdn0.woolworths.media/content/wowproductimages/medium/684417.jpg,2020-09-20 15:36:09,,0,,True
afcffcae-748e-4034-97f1-7d65225e0648,Woolworths Supermarket,Household,Refresh Your Car Paper Fresh Strawberry Cool Lemonade 2 pack,684423,$4.20,$2.10 / 1EA,https://www.woolworths.com.au/shop/productdetails/684423/refresh-your-car-paper-fresh-strawberry-cool-lemonade,https://cdn0.woolworths.media/content/wowproductimages/medium/684423.jpg,2020-09-20 15:36:09,,0,,True
6e1849d5-8e9f-4ee8-8c36-b907df8f0ae7,Woolworths Supermarket,Household,Refresh Paper Dual Scent New Car Cool Breeze 2 pack,684424,$4.20,$2.10 / 1EA,https://www.woolworths.com.au/shop/productdetails/684424/refresh-paper-dual-scent-new-car-cool-breeze,https://cdn0.woolworths.media/content/wowproductimages/medium/684424.jpg,2020-09-20 15:36:09,,0,,True
e478e7b9-fee9-4d81-8b02-5f3e39ee4aa1,Woolworths Supermarket,Household,Refresh Your Car Pump Spray New Car 237ml,684427,$4.90,$4.90 / 1EA,https://www.woolworths.com.au/shop/productdetails/684427/refresh-your-car-pump-spray-new-car,https://cdn0.woolworths.media/content/wowproductimages/medium/684427.jpg,2020-09-20 15:36:09,,0,,True
bee7bebe-2c5c-4bdd-828c-2a5d90ebb372,Woolworths Supermarket,Household,Refresh Your Car Gel Cannister Fresh Strawberry Cool Lemonade 71g,684441,$5.60,$7.89 / 100G,https://www.woolworths.com.au/shop/productdetails/684441/refresh-your-car-gel-cannister-fresh-strawberry-cool-lemonade,https://cdn0.woolworths.media/content/wowproductimages/medium/684441.jpg,2020-09-20 15:36:09,,0,,True
3b6b62a8-e27e-45b8-b3dc-9b8a64753f3f,Woolworths Supermarket,Household,Little Trees Fiber Can Air Freshener Black Ice 30g,684976,$7.50,$0.25 / 1EA,https://www.woolworths.com.au/shop/productdetails/684976/little-trees-fiber-can-air-freshener-black-ice,https://cdn0.woolworths.media/content/wowproductimages/medium/684976.jpg,2020-09-20 15:36:09,,0,,True
5a05a5ea-a3cf-4c8c-8397-328ac2c792ab,Woolworths Supermarket,Household,Bref Toilet Liquid Colour Protection 450ml,685013,$3.50,$0.78 / 100ML,https://www.woolworths.com.au/shop/productdetails/685013/bref-toilet-liquid-colour-protection,https://cdn0.woolworths.media/content/wowproductimages/medium/685013.jpg,2020-09-20 15:36:09,,0,,True
46aff5cf-79d2-4cde-bdbf-bede7e76d3a2,Woolworths Supermarket,Household,Selleys Fix & Go Multigrip 50ml,685093,$8.00,$16.00 / 100ML,https://www.woolworths.com.au/shop/productdetails/685093/selleys-fix-go-multigrip,https://cdn0.woolworths.media/content/wowproductimages/medium/685093.jpg,2020-09-20 15:36:09,,0,,True
dc351214-0928-464b-ae5c-a48f48a69d9f,Woolworths Supermarket,Household,Sistema Bottle Quick Flip 800ml,686151,$6.00,,https://www.woolworths.com.au/shop/productdetails/686151/sistema-bottle-quick-flip,https://cdn0.woolworths.media/content/wowproductimages/medium/686151.jpg,2020-09-20 15:36:09,,0,Designs may vary,True
9697a33a-b81f-4918-b502-0fb4b09fd7a4,Woolworths Supermarket,Household,Shine Rinse Aid 500ml,686173,$2.90,$0.58 / 100ML,https://www.woolworths.com.au/shop/productdetails/686173/shine-rinse-aid,https://cdn0.woolworths.media/content/wowproductimages/medium/686173.jpg,2020-09-20 15:36:09,Average product rating out of 5: 4.8. Product score is based on 19 ratings,19,,True
cb59314c-03a6-4464-9b0a-9afe24109065,Woolworths Supermarket,Household,Organic Choice Multipurpose Cleaner 500ml,686255,$5.50,$1.10 / 100ML,https://www.woolworths.com.au/shop/productdetails/686255/organic-choice-multipurpose-cleaner,https://cdn0.woolworths.media/content/wowproductimages/medium/686255.jpg,2020-09-20 15:36:09,,0,,True
7260a79f-df16-47e4-9797-3db2ddee56d1,Woolworths Supermarket,Household,Multix Green Recycled Alfoil 30cm X 10m each,686256,$3.00,$0.30 / 1M,https://www.woolworths.com.au/shop/productdetails/686256/multix-green-recycled-alfoil-30cm-x-10m,https://cdn0.woolworths.media/content/wowproductimages/medium/686256.jpg,2020-09-20 15:36:09,,0,,True
abea28c6-7162-4cea-a269-4f1c249ac48e,Woolworths Supermarket,Household,Mirabella Led Solar Ss Stake Light 4 pack,686261,$12.00,$3.00 / 1EA,https://www.woolworths.com.au/shop/productdetails/686261/mirabella-led-solar-ss-stake-light,https://cdn0.woolworths.media/content/wowproductimages/medium/686261.jpg,2020-09-20 15:36:09,,0,Designs may vary,True
66f649a4-330e-4478-a6b8-d6b773664300,Woolworths Supermarket,Household,Jurrasic World Dino Rivals Assortment each,686500,$10.00,,https://www.woolworths.com.au/shop/productdetails/686500/jurrasic-world-dino-rivals-assortment,https://cdn0.woolworths.media/content/wowproductimages/medium/686500.jpg,2020-09-20 15:36:09,,0,,True
c04f225f-62f9-4890-aa4e-3bf3caf45c27,Woolworths Supermarket,Household,Glad Small Kitchen Tidy Bags 50 pack,686565,$3.80,$0.08 / 1EA,https://www.woolworths.com.au/shop/productdetails/686565/glad-small-kitchen-tidy-bags,https://cdn0.woolworths.media/content/wowproductimages/medium/686565.jpg,2020-09-20 15:36:09,,0,,True
56a5a2f6-0448-4f88-b6d0-dddeee5e78a3,Woolworths Supermarket,Household,Bref Power Active Hawaii 50g,686983,$3.50,$7.00 / 100G,https://www.woolworths.com.au/shop/productdetails/686983/bref-power-active-hawaii,https://cdn0.woolworths.media/content/wowproductimages/medium/686983.jpg,2020-09-20 15:36:09,,0,,True
35fa78c0-2c49-4a9e-a031-5b48a45c4f8d,Woolworths Supermarket,Household,Bref Turquoise Active Ocean 50g,686984,$4.00,$8.00 / 100G,https://www.woolworths.com.au/shop/productdetails/686984/bref-turquoise-active-ocean,https://cdn0.woolworths.media/content/wowproductimages/medium/686984.jpg,2020-09-20 15:36:09,,0,,True
c1186778-aa0e-4a67-87e3-f45f73ac53da,Woolworths Supermarket,Household,Bref Purple Active Lavender 50g,686985,$4.00,$8.00 / 100G,https://www.woolworths.com.au/shop/productdetails/686985/bref-purple-active-lavender,https://cdn0.woolworths.media/content/wowproductimages/medium/686985.jpg,2020-09-20 15:36:09,,0,,True
d456d66b-ed8a-4c99-847a-511bd3f7a4e0,Woolworths Supermarket,Household,Sistema To Go Portion Pod 2 pack,687066,$7.00,,https://www.woolworths.com.au/shop/productdetails/687066/sistema-to-go-portion-pod,https://cdn0.woolworths.media/content/wowproductimages/medium/687066.jpg,2020-09-20 15:36:09,,0,Designs may vary,True
8a3b8aed-3a78-44c6-a6fb-89c787e5064c,Woolworths Supermarket,Household,Energizer Usb-c Wall Charger With 1.2 Metre each,687243,$35.00,,https://www.woolworths.com.au/shop/productdetails/687243/energizer-usb-c-wall-charger-with-1-2-metre,https://cdn0.woolworths.media/content/wowproductimages/medium/687243.jpg,2020-09-20 15:36:09,,0,,True
7dcd1be8-8999-4f46-a9bb-3e224ff100c3,Woolworths Supermarket,Household,Energizer Usb-c Steel Cable 1.2 Metre each,687247,$30.00,,https://www.woolworths.com.au/shop/productdetails/687247/energizer-usb-c-steel-cable-1-2-metre,https://cdn0.woolworths.media/content/wowproductimages/medium/687247.jpg,2020-09-20 15:36:09,,0,,True
7435317d-1f82-4d9d-ac3d-a8b98e04b6bc,Woolworths Supermarket,Household,Energizer Micro-usb Premium Steel Cable 1.2 Metre each,687249,$20.00,,https://www.woolworths.com.au/shop/productdetails/687249/energizer-micro-usb-premium-steel-cable-1-2-metre,https://cdn0.woolworths.media/content/wowproductimages/medium/687249.jpg,2020-09-20 15:36:09,,0,,True
fcf1e62d-1b65-4cb1-8229-d550f3d2a0ef,Woolworths Supermarket,Household,Energizer Usb-c Car Charger With 1.2 Metre Cable each,687252,$30.00,,https://www.woolworths.com.au/shop/productdetails/687252/energizer-usb-c-car-charger-with-1-2-metre-cable,https://cdn0.woolworths.media/content/wowproductimages/medium/687252.jpg,2020-09-20 15:36:09,,0,,True
d87226aa-62a7-4507-bc28-17187cde9781,Woolworths Supermarket,Household,Energizer Usb-c Cable Blue 1.2 Metre each,687310,$20.00,,https://www.woolworths.com.au/shop/productdetails/687310/energizer-usb-c-cable-blue-1-2-metre,https://cdn0.woolworths.media/content/wowproductimages/medium/687310.jpg,2020-09-20 15:36:09,,0,,True
77029299-c8e2-47b1-ad13-26e379c641d2,Woolworths Supermarket,Household,Glad Wavetop Garbage Bag 80 Litres 30 pack,687742,$8.00,$0.27 / 1EA,https://www.woolworths.com.au/shop/productdetails/687742/glad-wavetop-garbage-bag-80-litres,https://cdn0.woolworths.media/content/wowproductimages/medium/687742.jpg,2020-09-20 15:36:09,,0,,True
502f3e4a-2399-4bfd-9063-db03f1fa4c9b,Woolworths Supermarket,Household,Scotch Pvc Duct Tape Black 48mm X 30m each,688091,$6.50,$6.50 / 1EA,https://www.woolworths.com.au/shop/productdetails/688091/scotch-pvc-duct-tape-black-48mm-x-30m,https://cdn0.woolworths.media/content/wowproductimages/medium/688091.jpg,2020-09-20 15:36:09,,0,,True
b2ce8237-1ebe-4c0f-af74-ec96658b1ea1,Woolworths Supermarket,Household,Hercules Resealable Everyday Sandwich Bags 150 pack,688191,$6.00,$0.04 / 1EA,https://www.woolworths.com.au/shop/productdetails/688191/hercules-resealable-everyday-sandwich-bags,https://cdn0.woolworths.media/content/wowproductimages/medium/688191.jpg,2020-09-20 15:36:09,,0,,True
6781b2df-1170-4186-9457-676c8fd7a367,Woolworths Supermarket,Household,Jack Hammer Plug 32mm each,688275,$4.00,,https://www.woolworths.com.au/shop/productdetails/688275/jack-hammer-plug-32mm,https://cdn0.woolworths.media/content/wowproductimages/medium/688275.jpg,2020-09-20 15:36:09,,0,,True
f1d9c46f-e487-4f6a-a10e-ec2245ed2431,Woolworths Supermarket,Household,Jack Hammer Masking Tape 24mm X 50m each,688276,$5.00,$5.00 / 1EA,https://www.woolworths.com.au/shop/productdetails/688276/jack-hammer-masking-tape-24mm-x-50m,https://cdn0.woolworths.media/content/wowproductimages/medium/688276.jpg,2020-09-20 15:36:09,,0,,True
81ac76d7-f973-4da0-bd03-adbf79374994,Woolworths Supermarket,Household,Jack Hammer Paint Brush Twin 25mm/50mm each,688277,$8.00,,https://www.woolworths.com.au/shop/productdetails/688277/jack-hammer-paint-brush-twin-25mm-50mm,https://cdn0.woolworths.media/content/wowproductimages/medium/688277.jpg,2020-09-20 15:36:09,,0,,True
4da8eb73-0da0-4f7a-87ab-7c83e83d6e91,Woolworths Supermarket,Household,Jack Hammer Sink Plunger Rubber Head each,688278,$3.50,,https://www.woolworths.com.au/shop/productdetails/688278/jack-hammer-sink-plunger-rubber-head,https://cdn0.woolworths.media/content/wowproductimages/medium/688278.jpg,2020-09-20 15:36:09,,0,,True
887d5823-d319-4889-8116-b8033971a76d,Woolworths Supermarket,Household,Jack Hammer Duct Tape 48mm X 25m each,688334,$6.00,$6.00 / 1EA,https://www.woolworths.com.au/shop/productdetails/688334/jack-hammer-duct-tape-48mm-x-25m,https://cdn0.woolworths.media/content/wowproductimages/medium/688334.jpg,2020-09-20 15:36:09,,0,,True
297ffc14-fa6d-494f-8e70-30b65963aa25,Woolworths Supermarket,Household,Jack Hammer Picture Hanging Kit 88 Piece each,688339,$7.50,,https://www.woolworths.com.au/shop/productdetails/688339/jack-hammer-picture-hanging-kit-88-piece,https://cdn0.woolworths.media/content/wowproductimages/medium/688339.jpg,2020-09-20 15:36:09,,0,,True
4775ce60-6afc-4e4f-a266-9bab34336cac,Woolworths Supermarket,Household,Jack Hammer Claw Hammer Rubber Grip each,688401,$10.00,,https://www.woolworths.com.au/shop/productdetails/688401/jack-hammer-claw-hammer-rubber-grip,https://cdn0.woolworths.media/content/wowproductimages/medium/688401.jpg,2020-09-20 15:36:09,,0,,True
e3bd70ef-5d80-4590-9f24-7851c5c7235d,Woolworths Supermarket,Household,Jack Hammer Precision Tool Set 27 Piece each,688402,$12.00,,https://www.woolworths.com.au/shop/productdetails/688402/jack-hammer-precision-tool-set-27-piece,https://cdn0.woolworths.media/content/wowproductimages/medium/688402.jpg,2020-09-20 15:36:09,,0,,True
266c07f9-510f-49d9-8895-1e7dc38a23d8,Woolworths Supermarket,Household,Jack Hammer Packing Tape 48mmx50m each,688406,,,https://www.woolworths.com.au/shop/productdetails/688406/jack-hammer-packing-tape-48mmx50m,https://cdn0.woolworths.media/content/wowproductimages/medium/688406.jpg,2020-09-20 15:36:09,,0,,False
287df20a-e5de-4d53-9f73-d30892d83337,Woolworths Supermarket,Household,Jack Hammer Plug 50mm each,688408,$5.00,,https://www.woolworths.com.au/shop/productdetails/688408/jack-hammer-plug-50mm,https://cdn0.woolworths.media/content/wowproductimages/medium/688408.jpg,2020-09-20 15:36:09,,0,,True
7b8f1fce-b886-4634-ae7e-4825c9b51e96,Woolworths Supermarket,Household,Jack Hammer Tap Kit 36 Piece Repair Kit each,688409,$8.50,,https://www.woolworths.com.au/shop/productdetails/688409/jack-hammer-tap-kit-36-piece-repair-kit,https://cdn0.woolworths.media/content/wowproductimages/medium/688409.jpg,2020-09-20 15:36:09,,0,,True
6992d868-63ad-40cd-a2f0-6a2a0da4a38f,Woolworths Supermarket,Household,Jack Hammer Tape Measure 5m each,688410,$5.00,$5.00 / 1EA,https://www.woolworths.com.au/shop/productdetails/688410/jack-hammer-tape-measure-5m,https://cdn0.woolworths.media/content/wowproductimages/medium/688410.jpg,2020-09-20 15:36:09,,0,,True
5e7acab5-c74b-4b48-92a6-795901b40b47,Woolworths Supermarket,Household,Jack Hammer Nail Multi Pack 220 Piece Assorted each,688411,$5.00,,https://www.woolworths.com.au/shop/productdetails/688411/jack-hammer-nail-multi-pack-220-piece-assorted,https://cdn0.woolworths.media/content/wowproductimages/medium/688411.jpg,2020-09-20 15:36:09,,0,,True
268b6ee1-3bbf-4302-93ee-8fba7e428c2f,Woolworths Supermarket,Household,Jack Hammer Pvc Tape 19mm X 20m each,688414,$2.50,$2.50 / 1EA,https://www.woolworths.com.au/shop/productdetails/688414/jack-hammer-pvc-tape-19mm-x-20m,https://cdn0.woolworths.media/content/wowproductimages/medium/688414.jpg,2020-09-20 15:36:09,,0,,True
66ac5187-41ab-4eeb-b023-bbc54298b738,Woolworths Supermarket,Household,Jack Hammer Cable Ties Multiple Sizes each,688419,$4.50,,https://www.woolworths.com.au/shop/productdetails/688419/jack-hammer-cable-ties-multiple-sizes,https://cdn0.woolworths.media/content/wowproductimages/medium/688419.jpg,2020-09-20 15:36:09,,0,,True
e68dd426-e6a4-4c74-bf6c-ed95aafadb5a,Woolworths Supermarket,Household,Jack Hammer Screw Driver Set 4 Piece each,688421,$8.00,,https://www.woolworths.com.au/shop/productdetails/688421/jack-hammer-screw-driver-set-4-piece,https://cdn0.woolworths.media/content/wowproductimages/medium/688421.jpg,2020-09-20 15:36:09,,0,,True
8c540b1f-e1c2-4395-8dbd-d341e82446ae,Woolworths Supermarket,Household,Jack Hammer Long Nose Pliers 160mm each,688423,$8.00,,https://www.woolworths.com.au/shop/productdetails/688423/jack-hammer-long-nose-pliers-160mm,https://cdn0.woolworths.media/content/wowproductimages/medium/688423.jpg,2020-09-20 15:36:09,,0,,True
7d373266-6d4e-49f0-b5ed-e04635b26b59,Woolworths Supermarket,Household,Jack Hammer Utility Scraper 5 Blades each,688424,$6.00,,https://www.woolworths.com.au/shop/productdetails/688424/jack-hammer-utility-scraper-5-blades,https://cdn0.woolworths.media/content/wowproductimages/medium/688424.jpg,2020-09-20 15:36:09,,0,,True
db37770c-0688-441c-83cc-032ca08ce3dc,Woolworths Supermarket,Household,Jack Hammer Knife Pack Large & Medium Blades each,688430,$8.00,,https://www.woolworths.com.au/shop/productdetails/688430/jack-hammer-knife-pack-large-medium-blades,https://cdn0.woolworths.media/content/wowproductimages/medium/688430.jpg,2020-09-20 15:36:09,,0,,True
9499b495-c95b-4c56-8519-7ef01ae3c8a7,Woolworths Supermarket,Household,Jack Hammer Plug Twin Pack 50mm each,688431,$4.50,,https://www.woolworths.com.au/shop/productdetails/688431/jack-hammer-plug-twin-pack-50mm,https://cdn0.woolworths.media/content/wowproductimages/medium/688431.jpg,2020-09-20 15:36:09,,0,,True
88211f47-b36b-4526-b51c-353d51496558,Woolworths Supermarket,Household,Jack Hammer Adjustable Wrench 200mm each,688432,$8.00,,https://www.woolworths.com.au/shop/productdetails/688432/jack-hammer-adjustable-wrench-200mm,https://cdn0.woolworths.media/content/wowproductimages/medium/688432.jpg,2020-09-20 15:36:09,,0,,True
443c54e3-7a58-4e7f-b083-cfbb1e6866b1,Woolworths Supermarket,Household,Jack Hammer Stubby Screw Driver Ratchet Head With 6 Bits each,688433,$9.00,,https://www.woolworths.com.au/shop/productdetails/688433/jack-hammer-stubby-screw-driver-ratchet-head-with-6-bits,https://cdn0.woolworths.media/content/wowproductimages/medium/688433.jpg,2020-09-20 15:36:09,,0,,True
fa9a2422-1b4e-42c4-9c28-e75e2a62a738,Woolworths Supermarket,Household,Jack Hammer Multi Tool Stainless Steel Pliers each,688435,$15.00,,https://www.woolworths.com.au/shop/productdetails/688435/jack-hammer-multi-tool-stainless-steel-pliers,https://cdn0.woolworths.media/content/wowproductimages/medium/688435.jpg,2020-09-20 15:36:09,,0,,True
c2842d4f-9b7f-45ce-85d5-81e24cbaefb2,Woolworths Supermarket,Household,Elmer's Magical Liquid 258.77ml,688716,$6.99,,https://www.woolworths.com.au/shop/productdetails/688716/elmer-s-magical-liquid,https://cdn0.woolworths.media/content/wowproductimages/medium/688716.jpg,2020-09-20 15:36:09,,0,,True
9f75a069-52f7-4713-80ec-593d5882bb37,Woolworths Supermarket,Household,Jack Hammer Clothes Line 15m each,688756,$4.00,$4.00 / 1EA,https://www.woolworths.com.au/shop/productdetails/688756/jack-hammer-clothes-line-15m,https://cdn0.woolworths.media/content/wowproductimages/medium/688756.jpg,2020-09-20 15:36:09,,0,,True
832d985c-81d6-4163-91af-f54b41aeef29,Woolworths Supermarket,Household,Jack Hammer Paint Kit each,688759,$8.00,$8.00 / 1EA,https://www.woolworths.com.au/shop/productdetails/688759/jack-hammer-paint-kit,https://cdn0.woolworths.media/content/wowproductimages/medium/688759.jpg,2020-09-20 15:36:09,,0,,True
53eee242-9962-49eb-9812-2d3b9eaa4a5e,Woolworths Supermarket,Household,Jack Hammer Rope Braided 9.5mm X 15m each,688816,$10.00,,https://www.woolworths.com.au/shop/productdetails/688816/jack-hammer-rope-braided-9-5mm-x-15m,https://cdn0.woolworths.media/content/wowproductimages/medium/688816.jpg,2020-09-20 15:36:09,,0,,True
be8b0681-e178-42e3-9f5b-bfdbbf4d3477,Woolworths Supermarket,Household,Sistema Stainless Steel Bottle Double Walled 500ml,689576,$20.00,,https://www.woolworths.com.au/shop/productdetails/689576/sistema-stainless-steel-bottle-double-walled,https://cdn0.woolworths.media/content/wowproductimages/medium/689576.jpg,2020-09-20 15:36:09,,0,Designs may vary,True
713cd8a8-4a70-486d-add9-f627f3afe09c,Woolworths Supermarket,Household,Shine Pro Dishwashing Liquid Lime 450ml,689670,$1.70,$0.38 / 100ML,https://www.woolworths.com.au/shop/productdetails/689670/shine-pro-dishwashing-liquid-lime,https://cdn0.woolworths.media/content/wowproductimages/medium/689670.jpg,2020-09-20 15:36:09,Average product rating out of 5: 4.4. Product score is based on 736 ratings,736,,True
2f536f18-900e-4d2a-8fc4-8ad963c26dfd,Woolworths Supermarket,Household,Shine Infusions Dishwashing Liquid Peony & Lychee 450ml,689671,$1.70,$0.38 / 100ML,https://www.woolworths.com.au/shop/productdetails/689671/shine-infusions-dishwashing-liquid-peony-lychee,https://cdn0.woolworths.media/content/wowproductimages/medium/689671.jpg,2020-09-20 15:36:09,Average product rating out of 5: 4.4. Product score is based on 845 ratings,845,,True
d5ad9358-1c25-42c7-a7ca-914536c4caf2,Woolworths Supermarket,Household,Shine Infusions Dishwashing Liquid Peony & Lychee 900ml,689672,$2.69,$0.30 / 100ML,https://www.woolworths.com.au/shop/productdetails/689672/shine-infusions-dishwashing-liquid-peony-lychee,https://cdn0.woolworths.media/content/wowproductimages/medium/689672.jpg,2020-09-20 15:36:09,Average product rating out of 5: 4.5. Product score is based on 456 ratings,456,,True
12dedcb4-7796-4f65-98bb-57af2bc32e8f,Woolworths Supermarket,Household,Shine Antibacterial Dishwashing Liquid Lemon 450ml,689673,$1.70,$0.38 / 100ML,https://www.woolworths.com.au/shop/productdetails/689673/shine-antibacterial-dishwashing-liquid-lemon,https://cdn0.woolworths.media/content/wowproductimages/medium/689673.jpg,2020-09-20 15:36:09,Average product rating out of 5: 4.4. Product score is based on 2031 ratings,2031,,True
4acbbff7-751d-4936-ac42-6b583e2abd8d,Woolworths Supermarket,Household,Shine Antibacterial Dishwashing Liquid Lemon 900ml,689674,$2.69,$0.30 / 100ML,https://www.woolworths.com.au/shop/productdetails/689674/shine-antibacterial-dishwashing-liquid-lemon,https://cdn0.woolworths.media/content/wowproductimages/medium/689674.jpg,2020-09-20 15:36:09,,0,,True
1bd14132-9ff3-4749-9463-6cbb9a9bb0a9,Woolworths Supermarket,Household,Slasher Organic Weed Killer Ready To Use 750ml,691495,$12.00,$1.60 / 100ML,https://www.woolworths.com.au/shop/productdetails/691495/slasher-organic-weed-killer-ready-to-use,https://cdn0.woolworths.media/content/wowproductimages/medium/691495.jpg,2020-09-20 15:36:09,,0,,True
34892405-15f6-4ed4-9821-62a8aeeffbd2,Woolworths Supermarket,Household,Yates Zero Weedkiller Spray 750ml x2 pack,691511,$9.00,$0.60 / 100ML,https://www.woolworths.com.au/shop/productdetails/691511/yates-zero-weedkiller-spray,https://cdn0.woolworths.media/content/wowproductimages/medium/691511.jpg,2020-09-20 15:36:09,,0,,True
11006498-1ea8-40cd-a618-90a9852d51b5,Woolworths Supermarket,Household,Kiwi Extreme Protector 139g,691809,$10.00,$7.19 / 100G,https://www.woolworths.com.au/shop/productdetails/691809/kiwi-extreme-protector,https://cdn0.woolworths.media/content/wowproductimages/medium/691809.jpg,2020-09-20 15:36:09,,0,,True
c0a35d6c-e5c0-4689-9604-6a97008172a6,Woolworths Supermarket,Household,Kiwi Black Shoe Polish 38g,691816,$5.00,$13.16 / 100G,https://www.woolworths.com.au/shop/productdetails/691816/kiwi-black-shoe-polish,https://cdn0.woolworths.media/content/wowproductimages/medium/691816.jpg,2020-09-20 15:36:09,,0,,True
0d1c757a-a8fc-454a-945f-92eed9ce0362,Woolworths Supermarket,Household,Finish Powerball Quantum Ultimate Dishwasher Tablets Lemon 36 pack,692016,$18.00,$0.50 / 1EA,https://www.woolworths.com.au/shop/productdetails/692016/finish-powerball-quantum-ultimate-dishwasher-tablets-lemon,https://cdn0.woolworths.media/content/wowproductimages/medium/692016.jpg,2020-09-20 15:36:09,,0,Was $32.00 27/01/2020,True
24e75d69-10c7-45c8-b4b6-beb17e20ac07,Woolworths Supermarket,Household,Finish Powerball Quantum Ultimate Dishwasher Tablets Original 36 pack,692018,$18.00,$0.50 / 1EA,https://www.woolworths.com.au/shop/productdetails/692018/finish-powerball-quantum-ultimate-dishwasher-tablets-original,https://cdn0.woolworths.media/content/wowproductimages/medium/692018.jpg,2020-09-20 15:36:09,,0,Was $32.00 27/01/2020,True
a70c4bdd-c8fc-4f10-be0d-50fd4882db9a,Woolworths Supermarket,Household,Kiwi Dark Tan Shoe Polish 38g,692078,$5.00,$13.16 / 100G,https://www.woolworths.com.au/shop/productdetails/692078/kiwi-dark-tan-shoe-polish,https://cdn0.woolworths.media/content/wowproductimages/medium/692078.jpg,2020-09-20 15:36:09,,0,,True
f171933c-cfd7-4817-b92b-628707649eec,Woolworths Supermarket,Household,Kiwi Mid Tan Shoe Polish 38g,692140,$5.00,$13.16 / 100G,https://www.woolworths.com.au/shop/productdetails/692140/kiwi-mid-tan-shoe-polish,https://cdn0.woolworths.media/content/wowproductimages/medium/692140.jpg,2020-09-20 15:36:09,,0,,True
5206bf5d-d7de-48e7-b267-94137c82d1e1,Woolworths Supermarket,Household,Kiwi Instant Polish Brown 75ml,692143,$6.00,$8.00 / 100ML,https://www.woolworths.com.au/shop/productdetails/692143/kiwi-instant-polish-brown,https://cdn0.woolworths.media/content/wowproductimages/medium/692143.jpg,2020-09-20 15:36:09,,0,,True
e3b8ae99-4af9-43c8-b922-309f6153be58,Woolworths Supermarket,Household,Kiwi Neutral Shoe Polish 38g,692160,$5.00,$13.16 / 100G,https://www.woolworths.com.au/shop/productdetails/692160/kiwi-neutral-shoe-polish,https://cdn0.woolworths.media/content/wowproductimages/medium/692160.jpg,2020-09-20 15:36:09,,0,,True
d6cee7a5-539c-4ca3-a5f4-433c055639ac,Woolworths Supermarket,Household,Kiwi Parade Gloss Shoe Polish 38g,692161,$5.00,$13.16 / 100G,https://www.woolworths.com.au/shop/productdetails/692161/kiwi-parade-gloss-shoe-polish,https://cdn0.woolworths.media/content/wowproductimages/medium/692161.jpg,2020-09-20 15:36:09,,0,,True
20bc46e4-6fe9-489c-9773-8d9755c88c26,Woolworths Supermarket,Household,Kiwi Black Instant Polish 75ml,692162,$6.00,$8.00 / 100ML,https://www.woolworths.com.au/shop/productdetails/692162/kiwi-black-instant-polish,https://cdn0.woolworths.media/content/wowproductimages/medium/692162.jpg,2020-09-20 15:36:09,,0,,True
4d19f3c2-7cd8-47f5-a9e1-2dc97d78079c,Woolworths Supermarket,Household,Duck Active Foam Marine 38.6g,692475,$3.50,$9.07 / 100G,https://www.woolworths.com.au/shop/productdetails/692475/duck-active-foam-marine,https://cdn0.woolworths.media/content/wowproductimages/medium/692475.jpg,2020-09-20 15:36:09,,0,,True
c93dca0b-7466-44e1-9536-d19a37751478,Woolworths Supermarket,Household,Duck Active Foam Citrus 38.6g,692477,$3.50,$9.07 / 100G,https://www.woolworths.com.au/shop/productdetails/692477/duck-active-foam-citrus,https://cdn0.woolworths.media/content/wowproductimages/medium/692477.jpg,2020-09-20 15:36:09,,0,,True
8a08c64c-10cc-41fc-8c16-22f1516d076c,Woolworths Supermarket,Household,Duck Active Foam Tropical Sunshine 38.6g,692482,$3.50,$9.07 / 100G,https://www.woolworths.com.au/shop/productdetails/692482/duck-active-foam-tropical-sunshine,https://cdn0.woolworths.media/content/wowproductimages/medium/692482.jpg,2020-09-20 15:36:09,,0,,True
88977c56-c05c-4515-97ae-1ac42c064f66,Woolworths Supermarket,Household,Finish Powerball All In 1 Max Dishwasher Tablets Lemon 27 pack,692548,$12.00,$0.44 / 1EA,https://www.woolworths.com.au/shop/productdetails/692548/finish-powerball-all-in-1-max-dishwasher-tablets-lemon,https://cdn0.woolworths.media/content/wowproductimages/medium/692548.jpg,2020-09-20 15:36:09,,0,,True
ca949cf7-8f0b-48e1-945e-13308842e096,Woolworths Supermarket,Household,Finish Powerball Quantum Ultimate Dishwasher Tablets Lemon 18 pack,692549,$10.00,$0.56 / 1EA,https://www.woolworths.com.au/shop/productdetails/692549/finish-powerball-quantum-ultimate-dishwasher-tablets-lemon,https://cdn0.woolworths.media/content/wowproductimages/medium/692549.jpg,2020-09-20 15:36:09,,0,Was $17.00 27/01/2020,True
780853cc-7d09-4539-9b41-e39ce40f0368,Woolworths Supermarket,Household,Inspire Shower Caddy 2 Level With Hook each,692589,$8.00,,https://www.woolworths.com.au/shop/productdetails/692589/inspire-shower-caddy-2-level-with-hook,https://cdn0.woolworths.media/content/wowproductimages/medium/692589.jpg,2020-09-20 15:36:09,,0,,True
15274419-0e15-46f4-a783-bf38d6e87551,Woolworths Supermarket,Household,Inspire 225 Thread Count Printed Quilt For Queen Bed Cover Set each,692709,,,https://www.woolworths.com.au/shop/productdetails/692709/inspire-225-thread-count-printed-quilt-for-queen-bed-cover-set,https://cdn0.woolworths.media/content/wowproductimages/medium/692709.jpg,2020-09-20 15:36:09,,0,,False
0ead0eff-5b91-4be0-b372-57d3d642f399,Woolworths Supermarket,Household,Finish Powerball All In One Dishwasher Tablets Lemon 120 pack,692794,$35.00,$0.29 / 1EA,https://www.woolworths.com.au/shop/productdetails/692794/finish-powerball-all-in-one-dishwasher-tablets-lemon,https://cdn0.woolworths.media/content/wowproductimages/medium/692794.jpg,2020-09-20 15:36:09,,0,,True
acc45091-4b34-4022-bcf1-81e716175329,Woolworths Supermarket,Household,Seasol Seaweed Health Treatment For Pots & Plants Ready To Use 750ml,692896,$4.10,$0.55 / 100ML,https://www.woolworths.com.au/shop/productdetails/692896/seasol-seaweed-health-treatment-for-pots-plants-ready-to-use,https://cdn0.woolworths.media/content/wowproductimages/medium/692896.jpg,2020-09-20 15:36:09,,0,,True
e260a5c9-53d7-485d-ad55-f04030ab6281,Woolworths Supermarket,Household,Inspire 225tc Kids Quilt Cover Set For Single Bed each,692973,$35.00,,https://www.woolworths.com.au/shop/productdetails/692973/inspire-225tc-kids-quilt-cover-set-for-single-bed,https://cdn0.woolworths.media/content/wowproductimages/medium/692973.jpg,2020-09-20 15:36:09,,0,,True
86fdf6a7-ba16-49e1-9764-c7ed60a69930,Woolworths Supermarket,Household,Inspire 225tc Fitted Sheet For King Bed each,692974,$25.00,,https://www.woolworths.com.au/shop/productdetails/692974/inspire-225tc-fitted-sheet-for-king-bed,https://cdn0.woolworths.media/content/wowproductimages/medium/692974.jpg,2020-09-20 15:36:09,,0,,True
d7a6cba1-9b66-4760-9da5-7efe8bdf8afa,Woolworths Supermarket,Household,Inspire 225 Thread Count Flat Sheet For Queen Bed each,692975,$22.00,,https://www.woolworths.com.au/shop/productdetails/692975/inspire-225-thread-count-flat-sheet-for-queen-bed,https://cdn0.woolworths.media/content/wowproductimages/medium/692975.jpg,2020-09-20 15:36:09,,0,,True
1620080f-75bb-447e-8669-462c33280ec8,Woolworths Supermarket,Household,Inspire 225tc Flat Sheet For King Bed each,692976,$25.00,,https://www.woolworths.com.au/shop/productdetails/692976/inspire-225tc-flat-sheet-for-king-bed,https://cdn0.woolworths.media/content/wowproductimages/medium/692976.jpg,2020-09-20 15:36:09,,0,,True
ea521167-dd1a-46c3-b03c-9cb358e5306f,Woolworths Supermarket,Household,Valvoline Rci Coolant 5l,693045,$8.50,$0.17 / 100ML,https://www.woolworths.com.au/shop/productdetails/693045/valvoline-rci-coolant,https://cdn0.woolworths.media/content/wowproductimages/medium/693045.jpg,2020-09-20 15:36:09,,0,,True
5361de47-ceb3-4494-9ac5-3fda726388a9,Woolworths Supermarket,Household,Energizer Max Plus Advanced Aa 16 pack,693102,$24.00,$1.50 / 1EA,https://www.woolworths.com.au/shop/productdetails/693102/energizer-max-plus-advanced-aa,https://cdn0.woolworths.media/content/wowproductimages/medium/693102.jpg,2020-09-20 15:36:09,,0,,True
df7b33ec-8efc-4d41-ac93-c2d11dfc467a,Woolworths Supermarket,Household,Energizer Max Plus Advanced Aaa 16 pack,693103,$24.00,$1.50 / 1EA,https://www.woolworths.com.au/shop/productdetails/693103/energizer-max-plus-advanced-aaa,https://cdn0.woolworths.media/content/wowproductimages/medium/693103.jpg,2020-09-20 15:36:09,,0,,True
fc2c923b-7b1a-4214-be98-7f91d1a5a35a,Woolworths Supermarket,Household,Energizer Max Plus Advanced D 4 pack,693104,$12.50,$3.13 / 1EA,https://www.woolworths.com.au/shop/productdetails/693104/energizer-max-plus-advanced-d,https://cdn0.woolworths.media/content/wowproductimages/medium/693104.jpg,2020-09-20 15:36:09,,0,,True
0ae1f0e3-147b-43e6-a0c6-05595df11c3c,Woolworths Supermarket,Household,Energizer Lithium Photo 123 2 pack,693111,$18.00,$9.00 / 1EA,https://www.woolworths.com.au/shop/productdetails/693111/energizer-lithium-photo-123,https://cdn0.woolworths.media/content/wowproductimages/medium/693111.jpg,2020-09-20 15:36:09,,0,,True
2014781e-5f00-48aa-82fd-541aa1940dab,Woolworths Supermarket,Household,Energizer Lithium 1620 Coin Battery each,693112,$6.00,$6.00 / 1EA,https://www.woolworths.com.au/shop/productdetails/693112/energizer-lithium-1620-coin-battery,https://cdn0.woolworths.media/content/wowproductimages/medium/693112.jpg,2020-09-20 15:36:09,,0,,True
800c69a7-6dcb-4d09-9278-d387b842cea5,Woolworths Supermarket,Household,Mr Clean Chamois 1ea,693178,$5.00,$5.00 / 1EA,https://www.woolworths.com.au/shop/productdetails/693178/mr-clean-chamois,https://cdn0.woolworths.media/content/wowproductimages/medium/693178.jpg,2020-09-20 15:36:09,,0,,True
c86a9306-503d-4ffe-9406-ef82633f28e6,Woolworths Supermarket,Household,Finish Powerball All In 1 Max Dishwasher Tablets Lemon 53 pack,693448,$21.00,$0.40 / 1EA,https://www.woolworths.com.au/shop/productdetails/693448/finish-powerball-all-in-1-max-dishwasher-tablets-lemon,https://cdn0.woolworths.media/content/wowproductimages/medium/693448.jpg,2020-09-20 15:36:09,,0,Was $32.00 27/01/2020,True
edf5f971-a303-4e67-be34-72bd6b95a240,Woolworths Supermarket,Household,Energizer Max Plus Advanced C 4 pack,693685,$12.50,$3.13 / 1EA,https://www.woolworths.com.au/shop/productdetails/693685/energizer-max-plus-advanced-c,https://cdn0.woolworths.media/content/wowproductimages/medium/693685.jpg,2020-09-20 15:36:09,,0,,True
117a9f03-012d-40ab-9d24-41327ac31712,Woolworths Supermarket,Household,Clean Boost Super Power Enzymes 500ml,694577,$2.79,$5.58 / 1L,https://www.woolworths.com.au/shop/productdetails/694577/clean-boost-super-power-enzymes,https://cdn0.woolworths.media/content/wowproductimages/medium/694577.jpg,2020-09-20 15:36:09,,0,,True
fd9b1fa7-828c-45d1-92fd-fb27f2340ba4,Woolworths Supermarket,Household,Valvoline Fuel Injector Cleaner 700ml,694890,$16.00,,https://www.woolworths.com.au/shop/productdetails/694890/valvoline-fuel-injector-cleaner,https://cdn0.woolworths.media/content/wowproductimages/medium/694890.jpg,2020-09-20 15:36:09,,0,,True
fc69e1b8-11ca-4404-b590-0e898ac1bc07,Woolworths Supermarket,Household,Essentials Dinnerware Large Bowl Porcelain White each,695755,$5.00,,https://www.woolworths.com.au/shop/productdetails/695755/essentials-dinnerware-large-bowl-porcelain-white,https://cdn0.woolworths.media/content/wowproductimages/medium/695755.jpg,2020-09-20 15:36:09,,0,,True
78d721a0-c61c-4e5b-b3b4-190825dcd041,Woolworths Supermarket,Household,Essentials Dinnerware White Porcelain each,695852,$3.00,,https://www.woolworths.com.au/shop/productdetails/695852/essentials-dinnerware-white-porcelain,https://cdn0.woolworths.media/content/wowproductimages/medium/695852.jpg,2020-09-20 15:36:09,,0,,True
a319ae0d-f1aa-45c9-a86d-c0f992d17fb9,Woolworths Supermarket,Household,Essentials Dinnerware Side Plate White Porcelain each,695855,$3.00,,https://www.woolworths.com.au/shop/productdetails/695855/essentials-dinnerware-side-plate-white-porcelain,https://cdn0.woolworths.media/content/wowproductimages/medium/695855.jpg,2020-09-20 15:36:09,,0,,True
93eb4e59-08b1-41a6-ac5d-91a9ed5a24ea,Woolworths Supermarket,Household,Valvoline Power Steering Fluid 350ml,695972,$12.00,,https://www.woolworths.com.au/shop/productdetails/695972/valvoline-power-steering-fluid,https://cdn0.woolworths.media/content/wowproductimages/medium/695972.jpg,2020-09-20 15:36:09,,0,,True
030bb709-966c-4fe2-8f2b-75a62bd0cc60,Woolworths Supermarket,Household,Paperclick 2b Pencils 12 pack,697109,$4.00,,https://www.woolworths.com.au/shop/productdetails/697109/paperclick-2b-pencils,https://cdn0.woolworths.media/content/wowproductimages/medium/697109.jpg,2020-09-20 15:36:09,,0,,True
3f5df260-081b-4b90-ba42-9deadd6141a0,Woolworths Supermarket,Household,Woolworths Paper Straws Premium 20 pack,697548,$2.00,$0.10 / 1EA,https://www.woolworths.com.au/shop/productdetails/697548/woolworths-paper-straws-premium,https://cdn0.woolworths.media/content/wowproductimages/medium/697548.jpg,2020-09-20 15:36:09,,0,Designs may vary,True
f4ab2943-0cc5-4672-a8a3-950bba33ccb8,Woolworths Supermarket,Household,Armada Paper Straws Striped 100 pack,698042,$3.00,$0.03 / 1EA,https://www.woolworths.com.au/shop/productdetails/698042/armada-paper-straws-striped,https://cdn0.woolworths.media/content/wowproductimages/medium/698042.jpg,2020-09-20 15:36:09,,0,,True
88143826-9b3b-4151-9fc2-e0c32c6d51ed,Woolworths Supermarket,Household,Fairy Dishwashing Liquid Platinum Lemon 625ml,699244,$7.00,$1.12 / 100ML,https://www.woolworths.com.au/shop/productdetails/699244/fairy-dishwashing-liquid-platinum-lemon,https://cdn0.woolworths.media/content/wowproductimages/medium/699244.jpg,2020-09-20 15:36:09,,0,,True
b2a28dfa-7d93-4b45-8310-392769cf4e1c,Woolworths Supermarket,Household,Harpic Turquoise Power Toilet Block Cleaner Tropical Lagoon 39g,699977,$2.50,$2.50 / 1EA,https://www.woolworths.com.au/shop/productdetails/699977/harpic-turquoise-power-toilet-block-cleaner-tropical-lagoon,https://cdn0.woolworths.media/content/wowproductimages/medium/699977.jpg,2020-09-20 15:36:09,,0,,True
8b9c058e-d78b-49a2-81c1-5b76494c9a0e,Woolworths Supermarket,Household,Baracuda Triple Action Chlorine 4kg,700129,$40.00,$1.00 / 100G,https://www.woolworths.com.au/shop/productdetails/700129/baracuda-triple-action-chlorine,https://cdn0.woolworths.media/content/wowproductimages/medium/700129.jpg,2020-09-20 15:36:09,,0,,True
6c24f2f6-4de2-4232-baca-6b67be875748,Woolworths Supermarket,Household,Lebara Mobile Prepaid Sim each,700400,$2.00,,https://www.woolworths.com.au/shop/productdetails/700400/lebara-mobile-prepaid-sim,https://cdn0.woolworths.media/content/wowproductimages/medium/700400.jpg,2020-09-20 15:36:09,,0,,True
6de697e5-aa0d-4b0d-b989-d242e1908641,Woolworths Supermarket,Household,Duck Toilet Fresh Disc Citrus Refill 2x36ml,700497,$8.00,$11.11 / 100ML,https://www.woolworths.com.au/shop/productdetails/700497/duck-toilet-fresh-disc-citrus-refill,https://cdn0.woolworths.media/content/wowproductimages/medium/700497.jpg,2020-09-20 15:36:09,,0,Was $9.7 02/07/2018,True
9a7440db-1bc4-4e3e-ace3-219e31f49275,Woolworths Supermarket,Household,Comfort Fabric Softener Conditioner Sky Blue 800ml,700534,$3.50,$4.38 / 1L,https://www.woolworths.com.au/shop/productdetails/700534/comfort-fabric-softener-conditioner-sky-blue,https://cdn0.woolworths.media/content/wowproductimages/medium/700534.jpg,2020-09-20 15:36:09,,0,,True
bc487269-8d47-4894-b770-aa10d49d2d3b,Woolworths Supermarket,Household,Fluffy Fragrance Temptations Ultra Fabric Softener Spice Allure 1l,700563,$7.00,$7.00 / 1L,https://www.woolworths.com.au/shop/productdetails/700563/fluffy-fragrance-temptations-ultra-fabric-softener-spice-allure,https://cdn0.woolworths.media/content/wowproductimages/medium/700563.jpg,2020-09-20 15:36:09,,0,,True
c402ee44-850e-400f-adc6-0ea051dd4cf4,Woolworths Supermarket,Household,Comfort Fabric Conditioner Rosy Blush 800ml,700593,$3.50,$4.38 / 1L,https://www.woolworths.com.au/shop/productdetails/700593/comfort-fabric-conditioner-rosy-blush,https://cdn0.woolworths.media/content/wowproductimages/medium/700593.jpg,2020-09-20 15:36:09,,0,,True
ef1b3beb-4068-4111-aaef-d2275a1d6378,Woolworths Supermarket,Household,Comfort Fabric Conditioner Sunshiny Days 800ml,700594,$3.50,$4.38 / 1L,https://www.woolworths.com.au/shop/productdetails/700594/comfort-fabric-conditioner-sunshiny-days,https://cdn0.woolworths.media/content/wowproductimages/medium/700594.jpg,2020-09-20 15:36:09,,0,,True
f40fd542-9799-438f-8a13-aad256c34b8e,Woolworths Supermarket,Household,Energizer Button Batteries Cr2032 4 pack,700711,$10.00,$2.50 / 1EA,https://www.woolworths.com.au/shop/productdetails/700711/energizer-button-batteries-cr2032,https://cdn0.woolworths.media/content/wowproductimages/medium/700711.jpg,2020-09-20 15:36:09,,0,,True
28b2aaa3-b9f4-4945-b3cb-d40472ff74ee,Woolworths Supermarket,Household,Chux Biodegradable Superwipes Super Biodegradable 10 pack,700775,$4.00,$0.40 / 1EA,https://www.woolworths.com.au/shop/productdetails/700775/chux-biodegradable-superwipes-super-biodegradable,https://cdn0.woolworths.media/content/wowproductimages/medium/700775.jpg,2020-09-20 15:36:09,,0,,True
cd12c0bf-89df-4932-a21c-c6335d6ccf5c,Woolworths Supermarket,Household,Chux Heavy Duty Scourer Scrubs 4 pack,700783,$3.30,$0.83 / 1EA,https://www.woolworths.com.au/shop/productdetails/700783/chux-heavy-duty-scourer-scrubs,https://cdn0.woolworths.media/content/wowproductimages/medium/700783.jpg,2020-09-20 15:36:09,,0,,True
a1cd1f84-b44a-4717-a07c-127076c3e20c,Woolworths Supermarket,Household,Chux Non Scratch Sustainable Sponge Scourer 2 pack,700784,$4.00,$2.00 / 1EA,https://www.woolworths.com.au/shop/productdetails/700784/chux-non-scratch-sustainable-sponge-scourer,https://cdn0.woolworths.media/content/wowproductimages/medium/700784.jpg,2020-09-20 15:36:09,,0,,True
84e7ed37-7415-4639-8deb-e44666edba24,Woolworths Supermarket,Household,Raid Advanced Auto Insect Control System Indoor Refill 185g,700895,$15.50,$8.38 / 100G,https://www.woolworths.com.au/shop/productdetails/700895/raid-advanced-auto-insect-control-system-indoor-refill,https://cdn0.woolworths.media/content/wowproductimages/medium/700895.jpg,2020-09-20 15:36:09,,0,,True
159e55a5-a082-4181-8b3c-5489d4e67dd7,Woolworths Supermarket,Household,Raid Advanced Auto Insect Control System Indoor Primary 185g,700915,$20.00,$20.00 / 1EA,https://www.woolworths.com.au/shop/productdetails/700915/raid-advanced-auto-insect-control-system-indoor-primary,https://cdn0.woolworths.media/content/wowproductimages/medium/700915.jpg,2020-09-20 15:36:09,,0,Was $30.00 24/09/2018,True
0f8dbbc6-e2c4-4e1d-b514-5d55ab8a3459,Woolworths Supermarket,Household,Pea Beu Fast Killing Insect Spray Lemon 350g,701109,$4.35,$1.24 / 100G,https://www.woolworths.com.au/shop/productdetails/701109/pea-beu-fast-killing-insect-spray-lemon,https://cdn0.woolworths.media/content/wowproductimages/medium/701109.jpg,2020-09-20 15:36:09,,0,,True
63743d1a-ad81-43af-9b79-a45786d9f528,Woolworths Supermarket,Household,Pea Beu Fast Killing Insect Spray Odourless 350g,701116,$4.35,$1.24 / 100G,https://www.woolworths.com.au/shop/productdetails/701116/pea-beu-fast-killing-insect-spray-odourless,https://cdn0.woolworths.media/content/wowproductimages/medium/701116.jpg,2020-09-20 15:36:09,,0,,True
c988e710-6d74-484f-81ac-6bf025c70823,Woolworths Supermarket,Household,Gardman Men's Leather Gloves One Size each,701534,$6.60,,https://www.woolworths.com.au/shop/productdetails/701534/gardman-men-s-leather-gloves-one-size,https://cdn0.woolworths.media/content/wowproductimages/medium/701534.jpg,2020-09-20 15:36:09,,0,,True
a4f956cb-1c53-48a1-98f4-4b188565e36e,Woolworths Supermarket,Household,New Idea Recipe Book Bbq Essentials each,701684,$9.99,,https://www.woolworths.com.au/shop/productdetails/701684/new-idea-recipe-book-bbq-essentials,https://cdn0.woolworths.media/content/wowproductimages/medium/701684.jpg,2020-09-20 15:36:09,,0,Offer Details Here,True
735fc49f-f0ce-4761-8424-0c7e10c94089,Woolworths Supermarket,Household,Wet Ones Moist Wipes Gentle 15 pack,701906,$2.05,$0.14 / 1EA,https://www.woolworths.com.au/shop/productdetails/701906/wet-ones-moist-wipes-gentle,https://cdn0.woolworths.media/content/wowproductimages/medium/701906.jpg,2020-09-20 15:36:09,,0,,True
af61fe34-602c-4804-ab23-a17d1fd2512d,Woolworths Supermarket,Household,Bosisto's Sensitive Laundry Powder 1kg,702103,$9.70,$9.70 / 1KG,https://www.woolworths.com.au/shop/productdetails/702103/bosisto-s-sensitive-laundry-powder,https://cdn0.woolworths.media/content/wowproductimages/medium/702103.jpg,2020-09-20 15:36:09,,0,,True
f7f030d3-5e89-4983-8800-dde5bf1212bd,Woolworths Supermarket,Household,Waxworks Ombre Pillar Citronella Candle With Bush Blend each,702111,$7.00,$7.00 / 1EA,https://www.woolworths.com.au/shop/productdetails/702111/waxworks-ombre-pillar-citronella-candle-with-bush-blend,https://cdn0.woolworths.media/content/wowproductimages/medium/702111.jpg,2020-09-20 15:36:09,,0,,True
a75b6bde-5735-4105-99b4-3da68bbffe67,Woolworths Supermarket,Household,Black+decker 16wh 4 In 1 Dustbuster each,703745,$69.00,,https://www.woolworths.com.au/shop/productdetails/703745/black-decker-16wh-4-in-1-dustbuster,https://cdn0.woolworths.media/content/wowproductimages/medium/703745.jpg,2020-09-20 15:36:09,,0,,True
d143617b-02be-4e64-bbe0-d8ec17a6814a,Woolworths Supermarket,Household,Crayola Crayon Travel Pack Paw Patrol each,704127,$4.00,,https://www.woolworths.com.au/shop/productdetails/704127/crayola-crayon-travel-pack-paw-patrol,https://cdn0.woolworths.media/content/wowproductimages/medium/704127.jpg,2020-09-20 15:36:09,,0,,True
127532ba-82c5-48c1-af4e-d357e7d5b970,Woolworths Supermarket,Household,Crayola Crayon Travel Pack Disney Princess each,704128,$4.00,,https://www.woolworths.com.au/shop/productdetails/704128/crayola-crayon-travel-pack-disney-princess,https://cdn0.woolworths.media/content/wowproductimages/medium/704128.jpg,2020-09-20 15:36:09,,0,,True
8da20853-c28a-4882-8b09-50644af4448d,Woolworths Supermarket,Household,Multix Non-stick Alfoil 30cm X 10m each,705032,$3.00,$0.30 / 1M,https://www.woolworths.com.au/shop/productdetails/705032/multix-non-stick-alfoil-30cm-x-10m,https://cdn0.woolworths.media/content/wowproductimages/medium/705032.jpg,2020-09-20 15:36:09,,0,,True
8d9b2063-dd6b-4ed5-8ea0-b7c206a64e62,Woolworths Supermarket,Household,Finish Powder Concentrate Classic Lemon 1kg,705056,$12.00,$1.20 / 100G,https://www.woolworths.com.au/shop/productdetails/705056/finish-powder-concentrate-classic-lemon,https://cdn0.woolworths.media/content/wowproductimages/medium/705056.jpg,2020-09-20 15:36:09,,0,,True
56a3f143-cba4-4e48-b02b-f521f8c2a0ff,Woolworths Supermarket,Household,Air Wick Manual Spray Air Freshener Vanilla 237g,706047,$2.80,$0.12 / 10G,https://www.woolworths.com.au/shop/productdetails/706047/air-wick-manual-spray-air-freshener-vanilla,https://cdn0.woolworths.media/content/wowproductimages/medium/706047.jpg,2020-09-20 15:36:09,,0,,True
70c3e9b1-4cfe-43e8-8545-2114091dc111,Woolworths Supermarket,Household,Hercules Click Zip Resealable Twin Zip Large Storage Bag 40 pack,706057,$6.50,$0.16 / 1EA,https://www.woolworths.com.au/shop/productdetails/706057/hercules-click-zip-resealable-twin-zip-large-storage-bag,https://cdn0.woolworths.media/content/wowproductimages/medium/706057.jpg,2020-09-20 15:36:09,,0,,True
7d6c926a-b466-4a78-b52b-1f41a906cace,Woolworths Supermarket,Household,Air Wick Manual Spray Air Freshener Sparkling Citrus 237g,706066,$2.80,$0.12 / 10G,https://www.woolworths.com.au/shop/productdetails/706066/air-wick-manual-spray-air-freshener-sparkling-citrus,https://cdn0.woolworths.media/content/wowproductimages/medium/706066.jpg,2020-09-20 15:36:09,,0,,True
dc6c66af-0976-4e6f-be9b-38a1ae0d88ae,Woolworths Supermarket,Household,Air Wick Manual Spray Air Freshener Lavender 237g,706072,$2.80,$0.12 / 10G,https://www.woolworths.com.au/shop/productdetails/706072/air-wick-manual-spray-air-freshener-lavender,https://cdn0.woolworths.media/content/wowproductimages/medium/706072.jpg,2020-09-20 15:36:09,,0,,True
10c978f6-ddeb-438d-80b9-3141ebd59353,Woolworths Supermarket,Household,Air Wick Manual Spray Air Freshener Frangipani Mango 237g,706222,$2.80,$0.12 / 10G,https://www.woolworths.com.au/shop/productdetails/706222/air-wick-manual-spray-air-freshener-frangipani-mango,https://cdn0.woolworths.media/content/wowproductimages/medium/706222.jpg,2020-09-20 15:36:09,,0,,True
714391d3-a594-4a9d-8f8a-1dca8453e1fb,Woolworths Supermarket,Household,Ambi Pur Air Effects Thai Dragon Fruit Aerosol Air Freshener 275g,706237,$6.00,$0.22 / 10G,https://www.woolworths.com.au/shop/productdetails/706237/ambi-pur-air-effects-thai-dragon-fruit-aerosol-air-freshener,https://cdn0.woolworths.media/content/wowproductimages/medium/706237.jpg,2020-09-20 15:36:09,,0,,True
6cd2e404-fa4e-4a34-b89a-0a1500010473,Woolworths Supermarket,Household,Baracuda Powermaxx Weekly Pool Tablet 2kg,706315,$35.00,$1.75 / 100G,https://www.woolworths.com.au/shop/productdetails/706315/baracuda-powermaxx-weekly-pool-tablet,https://cdn0.woolworths.media/content/wowproductimages/medium/706315.jpg,2020-09-20 15:36:09,,0,,True
19fcfd2c-d29c-4d71-8cf4-854cee593e0d,Woolworths Supermarket,Household,Glade Sense & Spray Automatic Spray Air Freshener Hawaii Br Refill 12.2g,706652,$5.90,$4.84 / 10G,https://www.woolworths.com.au/shop/productdetails/706652/glade-sense-spray-automatic-spray-air-freshener-hawaii-br-refill,https://cdn0.woolworths.media/content/wowproductimages/medium/706652.jpg,2020-09-20 15:36:09,,0,Was $6.25 27/03/2019,True
31544c70-178b-4766-80de-6f7f70ba346e,Woolworths Supermarket,Household,Energizer 10 Ez Turn & Lock 8 pack,707226,$10.00,$1.25 / 1EA,https://www.woolworths.com.au/shop/productdetails/707226/energizer-10-ez-turn-lock,https://cdn0.woolworths.media/content/wowproductimages/medium/707226.jpg,2020-09-20 15:36:09,,0,,True
3e584f0a-d1d9-4549-ae2f-4b87dcda414c,Woolworths Supermarket,Household,Energizer Ha 312 Turn & Lock 8ea,707231,$10.00,$1.25 / 1EA,https://www.woolworths.com.au/shop/productdetails/707231/energizer-ha-312-turn-lock,https://cdn0.woolworths.media/content/wowproductimages/medium/707231.jpg,2020-09-20 15:36:09,,0,,True
d6c83b81-be75-4b82-a433-5cb57b9c0dda,Woolworths Supermarket,Household,Energizer Ha 13 Ez Turn & Lock 8ea,707257,$10.00,$1.25 / 1EA,https://www.woolworths.com.au/shop/productdetails/707257/energizer-ha-13-ez-turn-lock,https://cdn0.woolworths.media/content/wowproductimages/medium/707257.jpg,2020-09-20 15:36:09,,0,,True
8e7f4003-5f15-482d-9bdc-2fd602bca82e,Woolworths Supermarket,Household,Vanish Napisan Sensitive Powder Inwash & Soaker 1kg,707697,$9.20,$9.20 / 1KG,https://www.woolworths.com.au/shop/productdetails/707697/vanish-napisan-sensitive-powder-inwash-soaker,https://cdn0.woolworths.media/content/wowproductimages/medium/707697.jpg,2020-09-20 15:36:09,,0,,True
5923726d-8481-44ee-9573-7c0ea94eec13,Woolworths Supermarket,Household,White King Bleach Lemon Tablets 40pk,708399,$5.40,$0.14 / 1EA,https://www.woolworths.com.au/shop/productdetails/708399/white-king-bleach-lemon-tablets,https://cdn0.woolworths.media/content/wowproductimages/medium/708399.jpg,2020-09-20 15:36:09,,0,,True
2b539dd4-623d-4c0f-affb-ed4ac1a04739,Woolworths Supermarket,Household,Energizer Max 9v Batteries 4 pack,710051,$17.00,$4.25 / 1EA,https://www.woolworths.com.au/shop/productdetails/710051/energizer-max-9v-batteries,https://cdn0.woolworths.media/content/wowproductimages/medium/710051.jpg,2020-09-20 15:36:09,,0,,True
2b5b2cf2-c74f-4c1e-9818-2591b5195964,Woolworths Supermarket,Household,Post-it Flags 680 Eg Alt each,710344,$6.00,,https://www.woolworths.com.au/shop/productdetails/710344/post-it-flags-680-eg-alt,https://cdn0.woolworths.media/content/wowproductimages/medium/710344.jpg,2020-09-20 15:36:09,,0,,True
b7e612aa-b641-4094-a650-1c33a61b8d25,Woolworths Supermarket,Household,Decor Thermoglass Baking Dish Realseal 1l,710411,$14.00,,https://www.woolworths.com.au/shop/productdetails/710411/decor-thermoglass-baking-dish-realseal,https://cdn0.woolworths.media/content/wowproductimages/medium/710411.jpg,2020-09-20 15:36:09,,0,,True
ee47e741-0271-4acc-a373-739cb7eed2c3,Woolworths Supermarket,Household,Decor Thermoglass Baking Dish Realseal 3l,710420,$25.00,,https://www.woolworths.com.au/shop/productdetails/710420/decor-thermoglass-baking-dish-realseal,https://cdn0.woolworths.media/content/wowproductimages/medium/710420.jpg,2020-09-20 15:36:09,,0,,True
649b3241-0c06-45ad-905b-f5d707d88802,Woolworths Supermarket,Household,Pilot Frixion Erasable Pen 3 pack,710589,$9.00,,https://www.woolworths.com.au/shop/productdetails/710589/pilot-frixion-erasable-pen,https://cdn0.woolworths.media/content/wowproductimages/medium/710589.jpg,2020-09-20 15:36:09,,0,,True
ef1b8fff-92d0-429f-acf3-c3739913361e,Woolworths Supermarket,Household,Sistema Plasticware Sandwich Box To Go each,711918,$5.00,,https://www.woolworths.com.au/shop/productdetails/711918/sistema-plasticware-sandwich-box-to-go,https://cdn0.woolworths.media/content/wowproductimages/medium/711918.jpg,2020-09-20 15:36:09,,0,Designs may vary,True
a44d1f8f-ad3e-44cf-9f9d-46e0410105c7,Woolworths Supermarket,Household,Sistema Plasticware Salad To Go each,711919,$10.00,,https://www.woolworths.com.au/shop/productdetails/711919/sistema-plasticware-salad-to-go,https://cdn0.woolworths.media/content/wowproductimages/medium/711919.jpg,2020-09-20 15:36:09,,0,Designs may vary,True
9e5ee4b9-002e-4fe2-9794-f992a45c79da,Woolworths Supermarket,Household,Oakwood Leather Polish Conditioner Wipes 20 pack,712508,$5.15,$0.26 / 1EA,https://www.woolworths.com.au/shop/productdetails/712508/oakwood-leather-polish-conditioner-wipes,https://cdn0.woolworths.media/content/wowproductimages/medium/712508.jpg,2020-09-20 15:36:09,,0,,True
26b03606-4653-4c5f-904f-ac998e6342bd,Woolworths Supermarket,Household,Earth Choice Window Cleaner Window 600ml,712668,$3.15,$0.53 / 100ML,https://www.woolworths.com.au/shop/productdetails/712668/earth-choice-window-cleaner-window,https://cdn0.woolworths.media/content/wowproductimages/medium/712668.jpg,2020-09-20 15:36:09,,0,,True
fc81a744-a777-4f5f-98f9-e37d812120a2,Woolworths Supermarket,Household,O'cedar Polish Furniture 300ml,712688,$8.00,$2.67 / 100ML,https://www.woolworths.com.au/shop/productdetails/712688/o-cedar-polish-furniture,https://cdn0.woolworths.media/content/wowproductimages/medium/712688.jpg,2020-09-20 15:36:09,,0,,True
82643598-1ac0-43bd-8edc-98ddfc5c5719,Woolworths Supermarket,Household,Earth Choice Floor Cleaner Wooden Surface 750ml,712690,$4.80,$0.64 / 100ML,https://www.woolworths.com.au/shop/productdetails/712690/earth-choice-floor-cleaner-wooden-surface,https://cdn0.woolworths.media/content/wowproductimages/medium/712690.jpg,2020-09-20 15:36:09,,0,,True
50984aaf-54e2-4be5-b387-826f4a55c29d,Woolworths Supermarket,Household,Budget Blue Tarp 2.4m X 3.0m (8x10) 0.56kg,712840,$12.00,$12.00 / 1EA,https://www.woolworths.com.au/shop/productdetails/712840/budget-blue-tarp-2-4m-x-3-0m-8x10-,https://cdn0.woolworths.media/content/wowproductimages/medium/712840.jpg,2020-09-20 15:36:09,,0,,True
74113dec-3a0d-4d24-9474-0677de2ee27b,Woolworths Supermarket,Household,Adesso Appliance Slow Cooker 1.5l each,712917,$20.00,,https://www.woolworths.com.au/shop/productdetails/712917/adesso-appliance-slow-cooker,https://cdn0.woolworths.media/content/wowproductimages/medium/712917.jpg,2020-09-20 15:36:09,,0,,True
64370e25-5ccd-4a9f-b626-c83833eb9924,Woolworths Supermarket,Household,Inkjoy 300 Ballpoint Pen Black 4 pack,713359,$4.50,,https://www.woolworths.com.au/shop/productdetails/713359/inkjoy-300-ballpoint-pen-black,https://cdn0.woolworths.media/content/wowproductimages/medium/713359.jpg,2020-09-20 15:36:09,,0,,True
4cbfc3c8-fd3d-4a34-886d-a7abe6151a32,Woolworths Supermarket,Household,Strike Drain Cleaner Crystals 500g,714190,$6.98,$1.40 / 100G,https://www.woolworths.com.au/shop/productdetails/714190/strike-drain-cleaner-crystals,https://cdn0.woolworths.media/content/wowproductimages/medium/714190.jpg,2020-09-20 15:36:09,,0,,True
df32f09b-3ff7-41c2-b8f5-e7ce4f6ef15f,Woolworths Supermarket,Household,Woolworths Bbq Foil Tray Small 10 pack,714673,$9.00,$0.90 / 1EA,https://www.woolworths.com.au/shop/productdetails/714673/woolworths-bbq-foil-tray-small,https://cdn0.woolworths.media/content/wowproductimages/medium/714673.jpg,2020-09-20 15:36:09,,0,,True
327d3ab7-52e5-45d8-acf0-ec8b1842f052,Woolworths Supermarket,Household,Ecostore Laundry Powder Combo Lemon 1kg,715821,$8.25,$8.25 / 1KG,https://www.woolworths.com.au/shop/productdetails/715821/ecostore-laundry-powder-combo-lemon,https://cdn0.woolworths.media/content/wowproductimages/medium/715821.jpg,2020-09-20 15:36:09,,0,,True
76e087dd-0754-40e8-84eb-a22b1adc89c6,Woolworths Supermarket,Household,Papermate Inkjoy 100 Pen Assorted 10 pack,716165,$3.50,,https://www.woolworths.com.au/shop/productdetails/716165/papermate-inkjoy-100-pen-assorted,https://cdn0.woolworths.media/content/wowproductimages/medium/716165.jpg,2020-09-20 15:36:09,,0,,True
d8dade7d-e82c-4a6a-87dc-c26dfcb30f2d,Woolworths Supermarket,Household,Maseur Footcare Advanced Memory Foam Insole 1 pair,716230,$18.50,,https://www.woolworths.com.au/shop/productdetails/716230/maseur-footcare-advanced-memory-foam-insole,https://cdn0.woolworths.media/content/wowproductimages/medium/716230.jpg,2020-09-20 15:36:09,,0,,True
fa8ff3e4-8bdb-4cba-a767-4ab7de06d2a9,Woolworths Supermarket,Household,Maseur Footcare Work Insoles 1 pair,716724,$15.00,,https://www.woolworths.com.au/shop/productdetails/716724/maseur-footcare-work-insoles,https://cdn0.woolworths.media/content/wowproductimages/medium/716724.jpg,2020-09-20 15:36:09,,0,,True
48119391-254b-4e52-80ca-234c9c7f419b,Woolworths Supermarket,Household,New Idea Jumbo Puzzler each,720539,$5.20,,https://www.woolworths.com.au/shop/productdetails/720539/new-idea-jumbo-puzzler,https://cdn0.woolworths.media/content/wowproductimages/medium/720539.jpg,2020-09-20 15:36:09,,0,,True
b89b577b-73f0-4020-a36d-5fe31994492f,Woolworths Supermarket,Household,Wiltshire Poachies Pack 20 20 pack,720657,$5.00,,https://www.woolworths.com.au/shop/productdetails/720657/wiltshire-poachies-pack-20,https://cdn0.woolworths.media/content/wowproductimages/medium/720657.jpg,2020-09-20 15:36:09,,0,,True
7375c59c-9df5-4a5f-810a-a0f3aaf8ca18,Woolworths Supermarket,Household,Scholl Party Feet Foot Care Invisible Heel Shields each,720812,$9.75,$9.75 / 1EA,https://www.woolworths.com.au/shop/productdetails/720812/scholl-party-feet-foot-care-invisible-heel-shields,https://cdn0.woolworths.media/content/wowproductimages/medium/720812.jpg,2020-09-20 15:36:09,,0,,True
0e29bc29-a38f-4a16-a6f5-0ab80c02d188,Woolworths Supermarket,Household,Shine Dishwasher Powder Concentrate 1kg,720962,$4.00,$0.40 / 100G,https://www.woolworths.com.au/shop/productdetails/720962/shine-dishwasher-powder-concentrate,https://cdn0.woolworths.media/content/wowproductimages/medium/720962.jpg,2020-09-20 15:36:09,Average product rating out of 5: 4.2. Product score is based on 415 ratings,415,,True
989a97a2-aead-4b8b-bf86-8b486dc7207f,Woolworths Supermarket,Household,Azure Wipes Anti Bacterial Sensitive 15 pack,720965,$1.40,$9.33 / 100SS,https://www.woolworths.com.au/shop/productdetails/720965/azure-wipes-anti-bacterial-sensitive,https://cdn0.woolworths.media/content/wowproductimages/medium/720965.jpg,2020-09-20 15:36:09,,0,,True
f1be439a-1299-4cbc-a60b-26eb98f7ec98,Woolworths Supermarket,Household,Arcosteel 30cm Hard Anodised Saute Pan each,724713,$30.00,,https://www.woolworths.com.au/shop/productdetails/724713/arcosteel-30cm-hard-anodised-saute-pan,https://cdn0.woolworths.media/content/wowproductimages/medium/724713.jpg,2020-09-20 15:36:09,,0,,True
c16893c2-3f37-48c5-b584-82b59e4c9c61,Woolworths Supermarket,Household,Arcosteel Stainless Steel 5l Casserole With Lid 24x12cm each,724715,$30.00,,https://www.woolworths.com.au/shop/productdetails/724715/arcosteel-stainless-steel-5l-casserole-with-lid-24x12cm,https://cdn0.woolworths.media/content/wowproductimages/medium/724715.jpg,2020-09-20 15:36:09,,0,,True
bb3619df-48a7-4abb-bdaf-2f0321259604,Woolworths Supermarket,Household,Yates Blitzem! Insect Control Wasp Nest Destroyer 350g,725090,$15.00,$4.29 / 100G,https://www.woolworths.com.au/shop/productdetails/725090/yates-blitzem-insect-control-wasp-nest-destroyer,https://cdn0.woolworths.media/content/wowproductimages/medium/725090.jpg,2020-09-20 15:36:09,,0,,True
5a41c5eb-7c0a-407c-9501-6549e27aa20b,Woolworths Supermarket,Household,Woolworths Essentials Correction Tape 2 pack,725365,$3.00,,https://www.woolworths.com.au/shop/productdetails/725365/woolworths-essentials-correction-tape,https://cdn0.woolworths.media/content/wowproductimages/medium/725365.jpg,2020-09-20 15:36:09,,0,,True
6e9d56e6-8335-45de-94f9-304c942e09d8,Woolworths Supermarket,Household,Woolworths Essentials Stapler Medium each,725464,$6.00,,https://www.woolworths.com.au/shop/productdetails/725464/woolworths-essentials-stapler-medium,https://cdn0.woolworths.media/content/wowproductimages/medium/725464.jpg,2020-09-20 15:36:09,,0,,True
13872857-1569-4f69-b7b2-a00e568f3575,Woolworths Supermarket,Household,Comfort Fabric Softener Conditioner Pure White Sensitive 800ml,727184,$3.50,$4.38 / 1L,https://www.woolworths.com.au/shop/productdetails/727184/comfort-fabric-softener-conditioner-pure-white-sensitive,https://cdn0.woolworths.media/content/wowproductimages/medium/727184.jpg,2020-09-20 15:36:09,,0,,True
52bee83e-c212-45bc-b55d-b212895dcdde,Woolworths Supermarket,Household,Dettol Multipurpose Disinfectant Trigger Spray Lime And Mint 500ml,728039,$4.25,$0.85 / 100ML,https://www.woolworths.com.au/shop/productdetails/728039/dettol-multipurpose-disinfectant-trigger-spray-lime-and-mint,https://cdn0.woolworths.media/content/wowproductimages/medium/728039.jpg,2020-09-20 15:36:09,,0,,True
c46e53b4-94b6-4ec0-a0aa-955e19923317,Woolworths Supermarket,Household,Woolworths Display Book A4 Assorted Colours 20 Pockets each,728149,,,https://www.woolworths.com.au/shop/productdetails/728149/woolworths-display-book-a4-assorted-colours-20-pockets,https://cdn0.woolworths.media/content/wowproductimages/medium/728149.jpg,2020-09-20 15:36:09,,0,,False
77e6a194-443c-4763-9d9d-0eb48e5e89d1,Woolworths Supermarket,Household,Easy-off Bam Bathroom Cleaner Active Foam Lemon Zing 390g,728190,$4.00,$1.03 / 100G,https://www.woolworths.com.au/shop/productdetails/728190/easy-off-bam-bathroom-cleaner-active-foam-lemon-zing,https://cdn0.woolworths.media/content/wowproductimages/medium/728190.jpg,2020-09-20 15:36:09,,0,,True
c3b78888-e4dd-4586-aaf6-8d9ed55b6035,Woolworths Supermarket,Household,Woolworths Vanilla Candle each,728928,$2.90,$2.90 / 1EA,https://www.woolworths.com.au/shop/productdetails/728928/woolworths-vanilla-candle,https://cdn0.woolworths.media/content/wowproductimages/medium/728928.jpg,2020-09-20 15:36:09,,0,,True
c979a7f4-53c7-4f3e-8df2-528319f1dfc7,Woolworths Supermarket,Household,Mortein Naturgard Auto Indoor Insect Control Odourless Refill 154g,729632,$16.00,$10.39 / 100G,https://www.woolworths.com.au/shop/productdetails/729632/mortein-naturgard-auto-indoor-insect-control-odourless-refill,https://cdn0.woolworths.media/content/wowproductimages/medium/729632.jpg,2020-09-20 15:36:09,,0,,True
2b5a939b-9fb3-4cf6-889f-39500bdbe2bb,Woolworths Supermarket,Household,Multix Drawtight Roll Garbage Bags 56l 20pk,072563,$4.00,$0.20 / 1EA,https://www.woolworths.com.au/shop/productdetails/72563/multix-drawtight-roll-garbage-bags,https://cdn0.woolworths.media/content/wowproductimages/medium/072563.jpg,2020-09-20 15:36:09,,0,,True
4ca2cb7b-46f8-47b8-a471-a5a9cd96d0b0,Woolworths Supermarket,Household,Strike Disinfectant Wipes Lemon 100 pack,518438,$3.50,$0.04 / 1EA,https://www.woolworths.com.au/shop/productdetails/518438/strike-disinfectant-wipes-lemon,https://cdn0.woolworths.media/content/wowproductimages/medium/518438.jpg,2020-09-20 15:36:09,Average product rating out of 5: 4.3. Product score is based on 2496 ratings,2496,,True
7db73628-718c-4514-9e18-ed431b452570,Woolworths Supermarket,Household,Morning Fresh Dishwashing Liquid Raspberry & Crisp Apple 900ml,588994,$3.75,$0.42 / 100ML,https://www.woolworths.com.au/shop/productdetails/588994/morning-fresh-dishwashing-liquid-raspberry-crisp-apple,https://cdn0.woolworths.media/content/wowproductimages/medium/588994.jpg,2020-09-20 15:36:09,,0,,True
56f073ea-4a4c-4250-a4b7-29e742a2f453,Woolworths Supermarket,Household,Pine O Cleen Disinfectant Antibacterial Lavender 1.25l,139515,$6.00,$0.48 / 100ML,https://www.woolworths.com.au/shop/productdetails/139515/pine-o-cleen-disinfectant-antibacterial-lavender,https://cdn0.woolworths.media/content/wowproductimages/medium/139515.jpg,2020-09-20 15:36:09,,0,,True
e1be8190-7dc3-40c0-a906-e399c7aa2131,Woolworths Supermarket,Household,Glad Baking Paper 25m,299138,$6.00,$0.24 / 1M,https://www.woolworths.com.au/shop/productdetails/299138/glad-baking-paper,https://cdn0.woolworths.media/content/wowproductimages/medium/299138.jpg,2020-09-20 15:36:09,,0,,True
36ed13fa-a2d4-421f-95da-e7a40e3d7bf5,Woolworths Supermarket,Household,Omo Sensitive Laundry Detergent Powder Front & Top Loader 2kg,471182,$11.00,$5.50 / 1KG,https://www.woolworths.com.au/shop/productdetails/471182/omo-sensitive-laundry-detergent-powder-front-top-loader,https://cdn0.woolworths.media/content/wowproductimages/medium/471182.jpg,2020-09-20 15:36:09,,0,,True
f6d45b6d-792c-48da-a394-2898e7235295,Woolworths Supermarket,Household,Quilton Tuffy Paper Towel Triple Length 2 pack,785317,$6.00,$1.67 / 100SS,https://www.woolworths.com.au/shop/productdetails/785317/quilton-tuffy-paper-towel-triple-length,https://cdn0.woolworths.media/content/wowproductimages/medium/785317.jpg,2020-09-20 15:36:09,,0,Was $6.80 06/07/2020,True
27d331d7-09ca-4c60-89a3-fb84ffa02da2,Woolworths Supermarket,Household,Essentials Facial Tissues 224 pack,759496,$1.00,$0.45 / 100SS,https://www.woolworths.com.au/shop/productdetails/759496/essentials-facial-tissues,https://cdn0.woolworths.media/content/wowproductimages/medium/759496.jpg,2020-09-20 15:36:09,Average product rating out of 5: 3.9. Product score is based on 672 ratings,672,,True
d081570d-4fa4-489d-b0b3-8b9e828a9468,Woolworths Supermarket,Household,Shine Rinse Aid 500ml,686173,$2.90,$0.58 / 100ML,https://www.woolworths.com.au/shop/productdetails/686173/shine-rinse-aid,https://cdn0.woolworths.media/content/wowproductimages/medium/686173.jpg,2020-09-20 15:36:09,Average product rating out of 5: 4.8. Product score is based on 19 ratings,19,,True
758893bd-cfa4-4f09-a8fb-8b1eb5319c54,Woolworths Supermarket,Household,Handee Ultra Paper Towel White 3 pack,252037,$4.40,$2.44 / 100SS,https://www.woolworths.com.au/shop/productdetails/252037/handee-ultra-paper-towel-white,https://cdn0.woolworths.media/content/wowproductimages/medium/252037.jpg,2020-09-20 15:36:09,,0,,True
db9f3d01-f12f-4952-a50c-2ddf7319805b,Woolworths Supermarket,Household,Kleenex Facial Tissues Aloe Vera 140 pack,032969,$3.00,$2.14 / 100SS,https://www.woolworths.com.au/shop/productdetails/32969/kleenex-facial-tissues-aloe-vera,https://cdn0.woolworths.media/content/wowproductimages/medium/032969.jpg,2020-09-20 15:36:09,,0,Was $3.85 20/01/2020,True
bc4d8df2-dadd-4f46-b27e-2f6fa5d0eee6,Woolworths Supermarket,Household,Quilton Tuffy Paper Towel White 4ply 3 pack,574728,$4.30,$2.39 / 100SS,https://www.woolworths.com.au/shop/productdetails/574728/quilton-tuffy-paper-towel-white-4ply,https://cdn0.woolworths.media/content/wowproductimages/medium/574728.jpg,2020-09-20 15:36:09,,0,,True
76938425-283d-4638-90ed-e39d25cdccd8,Woolworths Supermarket,Household,Glen 20 Disinfectant Spray Original Scent 300g,015587,$8.00,$2.67 / 100G,https://www.woolworths.com.au/shop/productdetails/15587/glen-20-disinfectant-spray-original-scent,https://cdn0.woolworths.media/content/wowproductimages/medium/015587.jpg,2020-09-20 15:36:09,,0,,True
b5c3bdd3-475f-43b8-8a8d-0be9f383ede0,Woolworths Supermarket,Household,Finish Powder Concentrate Classic Lemon 1kg,705056,$12.00,$1.20 / 100G,https://www.woolworths.com.au/shop/productdetails/705056/finish-powder-concentrate-classic-lemon,https://cdn0.woolworths.media/content/wowproductimages/medium/705056.jpg,2020-09-20 15:36:09,,0,,True
a7f3afb1-2f41-4f99-b617-bf6450235968,Woolworths Supermarket,Household,Ecostore Fragrance Free Auto Dishwasher 50 tablets,774416,$19.00,$0.38 / 1EA,https://www.woolworths.com.au/shop/productdetails/774416/ecostore-fragrance-free-auto-dishwasher,https://cdn0.woolworths.media/content/wowproductimages/medium/774416.jpg,2020-09-20 15:36:09,,0,,True
418f655e-35aa-4fb3-981e-caaafd4892a4,Woolworths Supermarket,Household,Handee Ultra Paper Towel White 2 pack,019787,$3.50,$2.92 / 100SS,https://www.woolworths.com.au/shop/productdetails/19787/handee-ultra-paper-towel-white,https://cdn0.woolworths.media/content/wowproductimages/medium/019787.jpg,2020-09-20 15:36:09,,0,,True
56fdcb07-7e1a-472a-90b3-d88164a86241,Woolworths Supermarket,Household,Comfort Fabric Conditioner Vanilla Orchid 750ml,861324,$6.99,$9.32 / 1L,https://www.woolworths.com.au/shop/productdetails/861324/comfort-fabric-conditioner-vanilla-orchid,https://cdn0.woolworths.media/content/wowproductimages/medium/861324.jpg,2020-09-20 15:36:09,,0,,True
4e63daec-daf6-409a-b6d3-e98b7a15fc9b,Woolworths Supermarket,Household,Viva Paper Towel White 3 pack,249921,$4.00,$2.22 / 100SS,https://www.woolworths.com.au/shop/productdetails/249921/viva-paper-towel-white,https://cdn0.woolworths.media/content/wowproductimages/medium/249921.jpg,2020-09-20 15:36:09,,0,Was $4.90 26/10/2017,True
258954bd-d166-4c4c-af8f-50d05ab74725,Woolworths Supermarket,Household,Omo Ultimate Laundry Detergent Powder Front & Top Loader 5kg,430629,$30.00,$6.00 / 1KG,https://www.woolworths.com.au/shop/productdetails/430629/omo-ultimate-laundry-detergent-powder-front-top-loader,https://cdn0.woolworths.media/content/wowproductimages/medium/430629.jpg,2020-09-20 15:36:09,,0,,True
db2127c7-7d54-41fa-ac01-2f009021a936,Woolworths Supermarket,Household,Mortein Naturgard Auto Indoor Insect Control System Odourless 154g,729640,$32.00,$20.78 / 100G,https://www.woolworths.com.au/shop/productdetails/729640/mortein-naturgard-auto-indoor-insect-control-system-odourless,https://cdn0.woolworths.media/content/wowproductimages/medium/729640.jpg,2020-09-20 15:36:09,,0,,True
2e340d6e-bb8f-4491-92cc-4de7de142ca1,Woolworths Supermarket,Household,Mortein Naturgard Insect Eucalyptus Spray Fly & Mosquito Killer 320g,729641,$6.20,$1.94 / 100G,https://www.woolworths.com.au/shop/productdetails/729641/mortein-naturgard-insect-eucalyptus-spray-fly-mosquito-killer,https://cdn0.woolworths.media/content/wowproductimages/medium/729641.jpg,2020-09-20 15:36:09,,0,,True
4c23b718-c22a-4745-9fbb-a3b0e2647e82,Woolworths Supermarket,Household,Bin Buddy Berry And Citrus 450g,729687,$4.97,$1.10 / 100G,https://www.woolworths.com.au/shop/productdetails/729687/bin-buddy-berry-and-citrus,https://cdn0.woolworths.media/content/wowproductimages/medium/729687.jpg,2020-09-20 15:36:09,,0,,True
7987e45c-184c-41a3-963a-c1261135d3ad,Woolworths Supermarket,Household,Off! Tropical Insect Repellent Pump 175ml,729772,$7.60,$4.34 / 100ML,https://www.woolworths.com.au/shop/productdetails/729772/off-tropical-insect-repellent-pump,https://cdn0.woolworths.media/content/wowproductimages/medium/729772.jpg,2020-09-20 15:36:09,,0,,True
2dd302d3-52b9-4d25-80fe-f85bd14f4760,Woolworths Supermarket,Household,3m Command Utensil Hooks Clear Value Pack 6 pack,730051,$13.00,$2.17 / 1EA,https://www.woolworths.com.au/shop/productdetails/730051/3m-command-utensil-hooks-clear-value-pack,https://cdn0.woolworths.media/content/wowproductimages/medium/730051.jpg,2020-09-20 15:36:09,,0,,True
4195ceb3-5e45-43a2-925a-728a916335a4,Woolworths Supermarket,Household,Selleys Grease & Grime Bbq Accessory Cleaner 500ml,730130,$8.80,$1.76 / 100ML,https://www.woolworths.com.au/shop/productdetails/730130/selleys-grease-grime-bbq-accessory-cleaner,https://cdn0.woolworths.media/content/wowproductimages/medium/730130.jpg,2020-09-20 15:36:09,,0,,True
22492ffa-bda0-4dfb-8fd7-d74d46efabbd,Woolworths Supermarket,Household,Toy Water Pistol 30cm,730529,$2.00,,https://www.woolworths.com.au/shop/productdetails/730529/toy-water-pistol,https://cdn0.woolworths.media/content/wowproductimages/medium/730529.jpg,2020-09-20 15:36:09,,0,,True
0e8d48bc-e5e3-4b2c-ae62-f65a25dbef87,Woolworths Supermarket,Household,Inspire Microfibre Bath Mat Lagoon 48x78cm each,731142,$20.00,,https://www.woolworths.com.au/shop/productdetails/731142/inspire-microfibre-bath-mat-lagoon-48x78cm,https://cdn0.woolworths.media/content/wowproductimages/medium/731142.jpg,2020-09-20 15:36:09,,0,,True
41763dcc-556b-49cf-ba69-c0f4a1011ebd,Woolworths Supermarket,Household,Essentials Scourer 6 pack,731253,$0.70,$0.12 / 1EA,https://www.woolworths.com.au/shop/productdetails/731253/essentials-scourer,https://cdn0.woolworths.media/content/wowproductimages/medium/731253.jpg,2020-09-20 15:36:09,,0,Was $1.49 13/02/2017,True
c5c8482c-74c6-4bf4-8149-8bfbae0910da,Woolworths Supermarket,Household,Inkjoy Papermate Ballpoint Pen Black 4 pack,731887,$9.00,,https://www.woolworths.com.au/shop/productdetails/731887/inkjoy-papermate-ballpoint-pen-black,https://cdn0.woolworths.media/content/wowproductimages/medium/731887.jpg,2020-09-20 15:36:09,,0,,True
3d1fa904-9232-41a9-9847-c94a17acd7be,Woolworths Supermarket,Household,Strike Mould Killer 500ml,732414,$2.80,$0.56 / 100ML,https://www.woolworths.com.au/shop/productdetails/732414/strike-mould-killer,https://cdn0.woolworths.media/content/wowproductimages/medium/732414.jpg,2020-09-20 15:36:09,,0,,True
093029ea-5ebf-43c5-9407-e48ca34b238b,Woolworths Supermarket,Household,Chux Heavy Duty Scourer Scrubs 8 pack,733550,$5.50,$0.69 / 1EA,https://www.woolworths.com.au/shop/productdetails/733550/chux-heavy-duty-scourer-scrubs,https://cdn0.woolworths.media/content/wowproductimages/medium/733550.jpg,2020-09-20 15:36:09,,0,Was $5.99 13/02/2017,True
347143a8-fe4b-4992-9e9f-2d3385acdbbe,Woolworths Supermarket,Household,Essentials Dinnerware Sauce Dish 9x3.5cm each,733577,$1.00,,https://www.woolworths.com.au/shop/productdetails/733577/essentials-dinnerware-sauce-dish-9x3-5cm,https://cdn0.woolworths.media/content/wowproductimages/medium/733577.jpg,2020-09-20 15:36:09,,0,,True
8ea53acc-6210-4a85-aace-a51f09a47f6f,Woolworths Supermarket,Household,Vileda Handi Dish Brush Refills 4 pack,733604,$5.50,$1.38 / 1EA,https://www.woolworths.com.au/shop/productdetails/733604/vileda-handi-dish-brush-refills,https://cdn0.woolworths.media/content/wowproductimages/medium/733604.jpg,2020-09-20 15:36:09,,0,Was $6.00 13/02/2017,True
95dd1c4a-325b-4072-b593-2e7ba1afdfe1,Woolworths Supermarket,Household,Vileda Handi Dish Brush Refillable Handle each,733631,$4.00,$4.00 / 1EA,https://www.woolworths.com.au/shop/productdetails/733631/vileda-handi-dish-brush-refillable-handle,https://cdn0.woolworths.media/content/wowproductimages/medium/733631.jpg,2020-09-20 15:36:09,,0,,True
42fa0e4a-3f7c-45d8-b9ba-cb6df787a46d,Woolworths Supermarket,Household,Woolworths Essentials Underwear Women's Bikini Size 8-10 each,733679,$10.00,,https://www.woolworths.com.au/shop/productdetails/733679/woolworths-essentials-underwear-women-s-bikini-size-8-10,https://cdn0.woolworths.media/content/wowproductimages/medium/733679.jpg,2020-09-20 15:36:09,,0,,True
402ceed0-05df-49f2-9d4c-1005c43c58d3,Woolworths Supermarket,Household,Woolworths Essentials Underwear Women's Bikini Size 12-14 each,733680,$10.00,,https://www.woolworths.com.au/shop/productdetails/733680/woolworths-essentials-underwear-women-s-bikini-size-12-14,https://cdn0.woolworths.media/content/wowproductimages/medium/733680.jpg,2020-09-20 15:36:09,,0,,True
67333ce7-ea73-4063-8b9b-e2eca736c4d4,Woolworths Supermarket,Household,Woolworths For Ladies Underwear Bikini Size 16-18 5 pack,738367,$10.00,,https://www.woolworths.com.au/shop/productdetails/738367/woolworths-for-ladies-underwear-bikini-size-16-18,https://cdn0.woolworths.media/content/wowproductimages/medium/738367.jpg,2020-09-20 15:36:09,,0,,True
420f3fd3-091a-4a3e-88fc-a7a204822b48,Woolworths Supermarket,Household,Philips Cfl Tornado Warm White 12w Bc Base each,740385,$6.50,$6.50 / 1EA,https://www.woolworths.com.au/shop/productdetails/740385/philips-cfl-tornado-warm-white-12w-bc-base,https://cdn0.woolworths.media/content/wowproductimages/medium/740385.jpg,2020-09-20 15:36:09,,0,Was $7.39 01/05/2016,True
c5778a72-d311-45c4-9629-18372e2a184e,Woolworths Supermarket,Household,Philips Cfl Tornado Cool Daylight 20w Bc Base each,740474,$6.50,$6.50 / 1EA,https://www.woolworths.com.au/shop/productdetails/740474/philips-cfl-tornado-cool-daylight-20w-bc-base,https://cdn0.woolworths.media/content/wowproductimages/medium/740474.jpg,2020-09-20 15:36:09,,0,Was $7.39 01/05/2016,True
fe4126ce-4676-47b3-935e-0d7617547656,Woolworths Supermarket,Household,Philips Cfl Tornado Warm White 15w Es Base each,740475,$6.50,$6.50 / 1EA,https://www.woolworths.com.au/shop/productdetails/740475/philips-cfl-tornado-warm-white-15w-es-base,https://cdn0.woolworths.media/content/wowproductimages/medium/740475.jpg,2020-09-20 15:36:09,,0,Was $7.39 01/05/2016,True
f9ff018e-4bfc-44c6-b401-3ee72673607d,Woolworths Supermarket,Household,Philips Cfl Tornado Warm White 15w Bc Base each,740486,$6.50,$6.50 / 1EA,https://www.woolworths.com.au/shop/productdetails/740486/philips-cfl-tornado-warm-white-15w-bc-base,https://cdn0.woolworths.media/content/wowproductimages/medium/740486.jpg,2020-09-20 15:36:09,,0,Was $7.39 01/05/2016,True
85e82032-ce71-41e9-95a6-1f1a7371cfaa,Woolworths Supermarket,Household,Philips Halogen R7s Plusline 150w each,740491,$5.50,$5.50 / 1EA,https://www.woolworths.com.au/shop/productdetails/740491/philips-halogen-r7s-plusline-150w,https://cdn0.woolworths.media/content/wowproductimages/medium/740491.jpg,2020-09-20 15:36:09,,0,,True
84e2879f-45c6-4735-a671-a337358d7831,Woolworths Supermarket,Household,Philips Cfl Tornado Warm White 12w Es Base each,740493,$6.50,$6.50 / 1EA,https://www.woolworths.com.au/shop/productdetails/740493/philips-cfl-tornado-warm-white-12w-es-base,https://cdn0.woolworths.media/content/wowproductimages/medium/740493.jpg,2020-09-20 15:36:09,,0,Was $7.39 01/05/2016,True
b9d8205f-7eac-4320-8e64-001205784bdb,Woolworths Supermarket,Household,Finish Powder Concentrate Classic Lemon 1kg,705056,$12.00,$1.20 / 100G,https://www.woolworths.com.au/shop/productdetails/705056/finish-powder-concentrate-classic-lemon,https://cdn0.woolworths.media/content/wowproductimages/medium/705056.jpg,2020-09-20 15:36:09,,0,,True
d60f1a28-d623-44e5-bd93-1c1a16961a90,Woolworths Supermarket,Household,Handee Ultra Paper Towel White 3 pack,252037,$4.40,$2.44 / 100SS,https://www.woolworths.com.au/shop/productdetails/252037/handee-ultra-paper-towel-white,https://cdn0.woolworths.media/content/wowproductimages/medium/252037.jpg,2020-09-20 15:36:09,,0,,True
8609a02c-5a65-4201-90f6-fa81494f1152,Woolworths Supermarket,Household,Handee Ultra Paper Towel White 2 pack,019787,$3.50,$2.92 / 100SS,https://www.woolworths.com.au/shop/productdetails/19787/handee-ultra-paper-towel-white,https://cdn0.woolworths.media/content/wowproductimages/medium/019787.jpg,2020-09-20 15:36:09,,0,,True
6c558499-c794-49e2-a03f-b7878bc20bcd,Woolworths Supermarket,Household,Armada Baking Paper 15m,252787,$2.70,$0.18 / 1M,https://www.woolworths.com.au/shop/productdetails/252787/armada-baking-paper,https://cdn0.woolworths.media/content/wowproductimages/medium/252787.jpg,2020-09-20 15:36:09,,0,,True
ca24310c-6fd4-46fe-b2e4-4790eafb2a12,Woolworths Supermarket,Household,Kleenex Facial Tissues Aloe Vera 140 pack,032969,$3.00,$2.14 / 100SS,https://www.woolworths.com.au/shop/productdetails/32969/kleenex-facial-tissues-aloe-vera,https://cdn0.woolworths.media/content/wowproductimages/medium/032969.jpg,2020-09-20 15:36:09,,0,Was $3.85 20/01/2020,True
67608488-5f92-4cd7-9a0a-e35357a1feb6,Woolworths Supermarket,Household,Essentials Facial Tissues 224 pack,759496,$1.00,$0.45 / 100SS,https://www.woolworths.com.au/shop/productdetails/759496/essentials-facial-tissues,https://cdn0.woolworths.media/content/wowproductimages/medium/759496.jpg,2020-09-20 15:36:09,Average product rating out of 5: 3.9. Product score is based on 672 ratings,672,,True
8520af5b-dbc8-4df4-942b-22ec74131a8b,Woolworths Supermarket,Household,Shine Rinse Aid 500ml,686173,$2.90,$0.58 / 100ML,https://www.woolworths.com.au/shop/productdetails/686173/shine-rinse-aid,https://cdn0.woolworths.media/content/wowproductimages/medium/686173.jpg,2020-09-20 15:36:09,Average product rating out of 5: 4.8. Product score is based on 19 ratings,19,,True
6c309429-bec0-4d69-a317-5adeb8a4b0d5,Woolworths Supermarket,Household,Kleenex Facial Tissues 200 pack,063899,$2.00,$1.00 / 100SS,https://www.woolworths.com.au/shop/productdetails/63899/kleenex-facial-tissues,https://cdn0.woolworths.media/content/wowproductimages/medium/063899.jpg,2020-09-20 15:36:09,,0,Was $2.20 26/02/2020,True
44484700-3705-4c78-900c-344956c72adb,Woolworths Supermarket,Household,Quilton Tuffy Paper Towel White 4ply 3 pack,574728,$4.30,$2.39 / 100SS,https://www.woolworths.com.au/shop/productdetails/574728/quilton-tuffy-paper-towel-white-4ply,https://cdn0.woolworths.media/content/wowproductimages/medium/574728.jpg,2020-09-20 15:36:09,,0,,True
8d2d318b-9d16-4957-84a2-2006d3d5a4a8,Woolworths Supermarket,Household,Viva Paper Towel White 2 pack,176852,$1.75,$1.46 / 100SS,https://www.woolworths.com.au/shop/productdetails/176852/viva-paper-towel-white,https://cdn0.woolworths.media/content/wowproductimages/medium/176852.jpg,2020-09-20 15:36:09,,0,,True
f1a1e686-0b7b-47dc-b074-42d21f02ada6,Woolworths Supermarket,Household,Strike Disinfectant Wipes Lemon 100 pack,518438,$3.50,$0.04 / 1EA,https://www.woolworths.com.au/shop/productdetails/518438/strike-disinfectant-wipes-lemon,https://cdn0.woolworths.media/content/wowproductimages/medium/518438.jpg,2020-09-20 15:36:09,Average product rating out of 5: 4.3. Product score is based on 2496 ratings,2496,,True
8114c00c-767b-439e-b388-9d2b4ebf082f,Woolworths Supermarket,Household,Quilton Tuffy Paper Towel Triple Length 2 pack,785317,$6.00,$1.67 / 100SS,https://www.woolworths.com.au/shop/productdetails/785317/quilton-tuffy-paper-towel-triple-length,https://cdn0.woolworths.media/content/wowproductimages/medium/785317.jpg,2020-09-20 15:36:09,,0,Was $6.80 06/07/2020,True
facfb941-65e9-4f1f-a677-6230d1214aef,Woolworths Supermarket,Household,Armada Freezer Bags Medium 80 pack,036286,$0.60,$0.01 / 1EA,https://www.woolworths.com.au/shop/productdetails/36286/armada-freezer-bags-medium,https://cdn0.woolworths.media/content/wowproductimages/medium/036286.jpg,2020-09-20 15:36:09,Average product rating out of 5: 4.5. Product score is based on 107 ratings,107,,True
3ce791db-d398-4225-a4e5-3d00912fddca,Woolworths Supermarket,Household,Glad Baking Paper 25m,299138,$6.00,$0.24 / 1M,https://www.woolworths.com.au/shop/productdetails/299138/glad-baking-paper,https://cdn0.woolworths.media/content/wowproductimages/medium/299138.jpg,2020-09-20 15:36:09,,0,,True
e42e85d3-6e3d-4d29-b986-d8702ab41ac3,Woolworths Supermarket,Household,Armada Large Kitchen Tidy Bag Lavender/lemon Scented 25 pack,517111,$2.00,$0.08 / 1EA,https://www.woolworths.com.au/shop/productdetails/517111/armada-large-kitchen-tidy-bag-lavender-lemon-scented,https://cdn0.woolworths.media/content/wowproductimages/medium/517111.jpg,2020-09-20 15:36:09,Average product rating out of 5: 4.5. Product score is based on 602 ratings,602,Was $2.50 17/09/2018,True
20f4212a-0bfd-439e-92e6-b2173fdee756,Woolworths Supermarket,Household,Viva Paper Towel White 3 pack,249921,$4.00,$2.22 / 100SS,https://www.woolworths.com.au/shop/productdetails/249921/viva-paper-towel-white,https://cdn0.woolworths.media/content/wowproductimages/medium/249921.jpg,2020-09-20 15:36:09,,0,Was $4.90 26/10/2017,True
28405c4b-7d00-4033-bf12-b7c4e68dcb66,Woolworths Supermarket,Household,Quilton Facial Tissues Soft White 95pk,829630,$1.25,$1.32 / 100SS,https://www.woolworths.com.au/shop/productdetails/829630/quilton-facial-tissues-soft-white,https://cdn0.woolworths.media/content/wowproductimages/medium/829630.jpg,2020-09-20 15:36:09,,0,,True
8b794068-4269-4351-acde-f4e1b7107ce6,Woolworths Supermarket,Household,Quilton 2ply Tissue Hypo-allergenic 250 pack,644239,$2.50,$1.00 / 100SS,https://www.woolworths.com.au/shop/productdetails/644239/quilton-2ply-tissue-hypo-allergenic,https://cdn0.woolworths.media/content/wowproductimages/medium/644239.jpg,2020-09-20 15:36:09,,0,,True
ccc9e7b7-7b02-4c46-945d-0f8c964ad6e7,Woolworths Supermarket,Household,Kleenex Facial Tissues Large & Thick Silk Touch 3ply 95 pack,172610,$2.60,$2.74 / 100SS,https://www.woolworths.com.au/shop/productdetails/172610/kleenex-facial-tissues-large-thick-silk-touch-3ply,https://cdn0.woolworths.media/content/wowproductimages/medium/172610.jpg,2020-09-20 15:36:09,,0,,True
b8deac80-c460-4f7a-8ebe-0831d476f36a,Woolworths Supermarket,Household,Morning Fresh Dishwashing Liquid Raspberry & Crisp Apple 900ml,588994,$3.75,$0.42 / 100ML,https://www.woolworths.com.au/shop/productdetails/588994/morning-fresh-dishwashing-liquid-raspberry-crisp-apple,https://cdn0.woolworths.media/content/wowproductimages/medium/588994.jpg,2020-09-20 15:36:09,,0,,True
8c436572-dee6-41d6-ad22-44459e680d41,Woolworths Supermarket,Household,Philips Cfl Tornado Cool Daylight 15w Es Base each,740511,$6.50,$6.50 / 1EA,https://www.woolworths.com.au/shop/productdetails/740511/philips-cfl-tornado-cool-daylight-15w-es-base,https://cdn0.woolworths.media/content/wowproductimages/medium/740511.jpg,2020-09-20 15:36:09,,0,Was $7.39 01/05/2016,True
0114e005-211a-4d95-a1ff-d6436c931c54,Woolworths Supermarket,Household,Philips Cfl Tornado Cool Daylight 12w Es Base each,740544,$6.50,$6.50 / 1EA,https://www.woolworths.com.au/shop/productdetails/740544/philips-cfl-tornado-cool-daylight-12w-es-base,https://cdn0.woolworths.media/content/wowproductimages/medium/740544.jpg,2020-09-20 15:36:09,,0,Was $7.39 01/05/2016,True
2fbdae76-c180-4d91-bb93-a031695c9c78,Woolworths Supermarket,Household,Kambrook Milkshake Maker each,741083,$30.00,$30.00 / 1EA,https://www.woolworths.com.au/shop/productdetails/741083/kambrook-milkshake-maker,https://cdn0.woolworths.media/content/wowproductimages/medium/741083.jpg,2020-09-20 15:36:09,,0,,True
33b748ce-54e6-42a7-b05b-860bf6895628,Woolworths Supermarket,Household,Air Wick Reed Diffuser Decorative Freesia & Jasmine 50ml,741135,$11.00,$2.20 / 10ML,https://www.woolworths.com.au/shop/productdetails/741135/air-wick-reed-diffuser-decorative-freesia-jasmine,https://cdn0.woolworths.media/content/wowproductimages/medium/741135.jpg,2020-09-20 15:36:09,,0,2 for $16.00,True
4e51d444-c837-4111-b621-46fc20ff40a1,Woolworths Supermarket,Household,Air Wick Reed Diffuser Decorative Blackberry & Vanilla Silk 50ml,741167,$11.00,$2.20 / 10ML,https://www.woolworths.com.au/shop/productdetails/741167/air-wick-reed-diffuser-decorative-blackberry-vanilla-silk,https://cdn0.woolworths.media/content/wowproductimages/medium/741167.jpg,2020-09-20 15:36:09,,0,2 for $16.00,True
49bc5795-c156-44ad-8cea-a2a5289f5ffd,Woolworths Supermarket,Household,Philips Cfl Tornado Cool Daylight 20w Es Base each,741318,$6.50,$6.50 / 1EA,https://www.woolworths.com.au/shop/productdetails/741318/philips-cfl-tornado-cool-daylight-20w-es-base,https://cdn0.woolworths.media/content/wowproductimages/medium/741318.jpg,2020-09-20 15:36:09,,0,Was $7.39 01/05/2016,True
2a6ef56b-9756-4681-87a3-0aa9276bd7f7,Woolworths Supermarket,Household,Philips Cfl Tornado Cool Daylight 15w Bc Base each,741388,$6.50,$6.50 / 1EA,https://www.woolworths.com.au/shop/productdetails/741388/philips-cfl-tornado-cool-daylight-15w-bc-base,https://cdn0.woolworths.media/content/wowproductimages/medium/741388.jpg,2020-09-20 15:36:09,,0,Was $7.39 01/05/2016,True
bccec2ba-12db-458c-bc90-4cd6ff51f054,Woolworths Supermarket,Household,Woolworths Essentials Underwear Brief Size Xl 5 pack,741514,$14.00,$2.80 / 1EA,https://www.woolworths.com.au/shop/productdetails/741514/woolworths-essentials-underwear-brief-size-xl,https://cdn0.woolworths.media/content/wowproductimages/medium/741514.jpg,2020-09-20 15:36:09,,0,,True
caf73929-9957-48bc-a2da-737d2060e05d,Woolworths Supermarket,Household,Woolworths Essentials Underwear Brief Size L 5 pack,741515,$14.00,$2.80 / 1EA,https://www.woolworths.com.au/shop/productdetails/741515/woolworths-essentials-underwear-brief-size-l,https://cdn0.woolworths.media/content/wowproductimages/medium/741515.jpg,2020-09-20 15:36:09,,0,,True
2c6e89ca-1ce9-420c-ae8c-c37ea637846f,Woolworths Supermarket,Household,Woolworths Essentials Underwear Brief Size M 5 pack,741524,$14.00,$2.80 / 1EA,https://www.woolworths.com.au/shop/productdetails/741524/woolworths-essentials-underwear-brief-size-m,https://cdn0.woolworths.media/content/wowproductimages/medium/741524.jpg,2020-09-20 15:36:09,,0,,True
e775e2d0-310a-45e9-a795-06de5ec59ba9,Woolworths Supermarket,Household,Energizer Max Aaa Batteries 14 pack,741540,$19.50,$1.39 / 1EA,https://www.woolworths.com.au/shop/productdetails/741540/energizer-max-aaa-batteries,https://cdn0.woolworths.media/content/wowproductimages/medium/741540.jpg,2020-09-20 15:36:09,,0,,True
0178a9c5-4c72-4db1-beca-a07460b5f35a,Woolworths Supermarket,Household,Essentials Kitchen Manchester Jumbo Tea Towels 3 pack,742023,$8.00,$2.67 / 1EA,https://www.woolworths.com.au/shop/productdetails/742023/essentials-kitchen-manchester-jumbo-tea-towels,https://cdn0.woolworths.media/content/wowproductimages/medium/742023.jpg,2020-09-20 15:36:09,,0,,True
72df3b88-0a51-4daa-be60-da35717d5c49,Woolworths Supermarket,Household,Eveready Gold Aaa Batteries 20 pack,742036,$20.00,$1.00 / 1EA,https://www.woolworths.com.au/shop/productdetails/742036/eveready-gold-aaa-batteries,https://cdn0.woolworths.media/content/wowproductimages/medium/742036.jpg,2020-09-20 15:36:09,,0,,True
5f310584-b584-475e-8d76-3dd8a709060d,Woolworths Supermarket,Household,Raid Exterminator Flea & Cockroach Bomb 3 pack,742046,$10.00,$3.33 / 1EA,https://www.woolworths.com.au/shop/productdetails/742046/raid-exterminator-flea-cockroach-bomb,https://cdn0.woolworths.media/content/wowproductimages/medium/742046.jpg,2020-09-20 15:36:09,,0,Was $13.00 24/09/2018,True
39d11c54-f60f-4146-b9f8-f18c7fd37078,Woolworths Supermarket,Household,Febreze Fabric Refresher Extra Strength 370ml,742660,$6.49,$17.54 / 1L,https://www.woolworths.com.au/shop/productdetails/742660/febreze-fabric-refresher-extra-strength,https://cdn0.woolworths.media/content/wowproductimages/medium/742660.jpg,2020-09-20 15:36:09,,0,,True
6c58b293-1a26-4ecd-a93b-ae20281300d9,Woolworths Supermarket,Household,Scholl Party Feet Invisible Gel Heel Cushions each,742734,$10.00,$10.00 / 1EA,https://www.woolworths.com.au/shop/productdetails/742734/scholl-party-feet-invisible-gel-heel-cushions,https://cdn0.woolworths.media/content/wowproductimages/medium/742734.jpg,2020-09-20 15:36:09,,0,,True
14f1818a-b9f6-40b4-a630-1969b434c61d,Woolworths Supermarket,Household,Kiwi Shoe Care Laces Black 69cm 2ea,743363,$2.00,,https://www.woolworths.com.au/shop/productdetails/743363/kiwi-shoe-care-laces-black-69cm,https://cdn0.woolworths.media/content/wowproductimages/medium/743363.jpg,2020-09-20 15:36:09,,0,,True
b906d92f-d8b1-4b8f-87e6-3057a6fd9c9e,Woolworths Supermarket,Household,Bic Clic 4 Colour Pen 3 pack,743583,$5.60,,https://www.woolworths.com.au/shop/productdetails/743583/bic-clic-4-colour-pen,https://cdn0.woolworths.media/content/wowproductimages/medium/743583.jpg,2020-09-20 15:36:09,,0,,True
fd2471dd-185c-4348-be79-62d4483d53c1,Woolworths Supermarket,Household,Huggies Drynites Bed Mats 7 pack,743767,$11.00,$1.57 / 1EA,https://www.woolworths.com.au/shop/productdetails/743767/huggies-drynites-bed-mats,https://cdn0.woolworths.media/content/wowproductimages/medium/743767.jpg,2020-09-20 15:36:09,,0,,True
1e557e99-727d-487c-92b2-911b42621c33,Woolworths Supermarket,Household,Magic Washing Machine Cleaner Sachets 2x100g,743805,$9.45,$47.25 / 1KG,https://www.woolworths.com.au/shop/productdetails/743805/magic-washing-machine-cleaner-sachets,https://cdn0.woolworths.media/content/wowproductimages/medium/743805.jpg,2020-09-20 15:36:09,,0,,True
5ce501e7-a1fc-4df1-9b06-ff17b944ed5c,Woolworths Supermarket,Household,Essentials Plain Dyed Fitted Sheet Set Micro Fibre Queen Bed each,744020,$15.00,,https://www.woolworths.com.au/shop/productdetails/744020/essentials-plain-dyed-fitted-sheet-set-micro-fibre-queen-bed,https://cdn0.woolworths.media/content/wowproductimages/medium/744020.jpg,2020-09-20 15:36:09,,0,,True
9040825c-3c99-43de-b933-f3b3eaa5d7b9,Woolworths Supermarket,Household,Homebrand Plasticware Food Storage 25 pack,744027,$10.00,$0.40 / 1EA,https://www.woolworths.com.au/shop/productdetails/744027/homebrand-plasticware-food-storage,https://cdn0.woolworths.media/content/wowproductimages/medium/744027.jpg,2020-09-20 15:36:09,,0,,True
397a28d9-f391-4969-b452-ff32f596e9c7,Woolworths Supermarket,Household,Homebrand Plasticware Food Storage Round 600ml 5 pack,744028,$2.00,$0.40 / 1EA,https://www.woolworths.com.au/shop/productdetails/744028/homebrand-plasticware-food-storage-round,https://cdn0.woolworths.media/content/wowproductimages/medium/744028.jpg,2020-09-20 15:36:09,,0,,True
a509a813-a7da-4dcf-accc-e8d75c8f1051,Woolworths Supermarket,Household,Homebrand Plasticware Food Storage Rectangle 650ml 5 pack,744029,$2.00,$0.40 / 1EA,https://www.woolworths.com.au/shop/productdetails/744029/homebrand-plasticware-food-storage-rectangle,https://cdn0.woolworths.media/content/wowproductimages/medium/744029.jpg,2020-09-20 15:36:09,,0,,True
c852967d-0d72-4f3a-9c00-d560361cadd4,Woolworths Supermarket,Household,Homebrand Plasticware Food Storage 1l 4 pack,744030,$2.00,$0.50 / 1EA,https://www.woolworths.com.au/shop/productdetails/744030/homebrand-plasticware-food-storage,https://cdn0.woolworths.media/content/wowproductimages/medium/744030.jpg,2020-09-20 15:36:09,,0,,True
789d3c72-eab4-416b-9049-7b9d03add013,Woolworths Supermarket,Household,Homebrand Plasticware Food Storage 920l 4 pack,744051,$2.00,$0.50 / 1EA,https://www.woolworths.com.au/shop/productdetails/744051/homebrand-plasticware-food-storage,https://cdn0.woolworths.media/content/wowproductimages/medium/744051.jpg,2020-09-20 15:36:09,,0,,True
10cdf1c4-cdf6-4956-b79c-d77380bae74f,Woolworths Supermarket,Household,Homebrand Plasticware Food Storage 300ml 4 pack,744052,$2.00,$0.50 / 1EA,https://www.woolworths.com.au/shop/productdetails/744052/homebrand-plasticware-food-storage,https://cdn0.woolworths.media/content/wowproductimages/medium/744052.jpg,2020-09-20 15:36:09,,0,,True
3bd1cc87-98c2-4464-9ad9-fce70b335dd8,Woolworths Supermarket,Household,Homebrand Plasticware Food Storage Mini 8 pack,744189,$2.00,$0.25 / 1EA,https://www.woolworths.com.au/shop/productdetails/744189/homebrand-plasticware-food-storage-mini,https://cdn0.woolworths.media/content/wowproductimages/medium/744189.jpg,2020-09-20 15:36:09,,0,,True
fee1a37a-5409-4dc4-a776-b32b475f619b,Woolworths Supermarket,Household,Bostik Glue Stick 35g 2 pack,744423,$6.00,,https://www.woolworths.com.au/shop/productdetails/744423/bostik-glue-stick-35g,https://cdn0.woolworths.media/content/wowproductimages/medium/744423.jpg,2020-09-20 15:36:09,,0,,True
cb220d1c-940f-4387-bf11-2ff11c8361d1,Woolworths Supermarket,Household,Strike Disinfectant Eucalyptus 500ml,744664,$1.67,$0.33 / 100ML,https://www.woolworths.com.au/shop/productdetails/744664/strike-disinfectant-eucalyptus,https://cdn0.woolworths.media/content/wowproductimages/medium/744664.jpg,2020-09-20 15:36:09,Average product rating out of 5: 4.4. Product score is based on 572 ratings,572,,True
36564f62-8eae-4a20-82ca-f93be57287e4,Woolworths Supermarket,Household,Energizer Button Batteries A76 4 pack,744881,$8.00,$2.00 / 1EA,https://www.woolworths.com.au/shop/productdetails/744881/energizer-button-batteries-a76,https://cdn0.woolworths.media/content/wowproductimages/medium/744881.jpg,2020-09-20 15:36:09,,0,,True
db0d1c13-06b6-46cb-a47d-c6566bba3b3a,Woolworths Supermarket,Household,Crisp Starch Ironing Spray 385g,746886,$5.50,$14.29 / 1KG,https://www.woolworths.com.au/shop/productdetails/746886/crisp-starch-ironing-spray,https://cdn0.woolworths.media/content/wowproductimages/medium/746886.jpg,2020-09-20 15:36:09,,0,,True
16d1ffab-3656-473e-bb87-156698abadaa,Woolworths Supermarket,Household,Master Lock Combination Cable Luggage Lock each,747024,$16.00,,https://www.woolworths.com.au/shop/productdetails/747024/master-lock-combination-cable-luggage-lock,https://cdn0.woolworths.media/content/wowproductimages/medium/747024.jpg,2020-09-20 15:36:09,,0,,True
985b48fb-9d90-4d88-8621-3d95104b4320,Woolworths Supermarket,Household,Master Lock Brass Long Shackle 40mm each,747051,$14.00,$14.00 / 1EA,https://www.woolworths.com.au/shop/productdetails/747051/master-lock-brass-long-shackle-40mm,https://cdn0.woolworths.media/content/wowproductimages/medium/747051.jpg,2020-09-20 15:36:09,,0,,True
44eb8ac8-497f-48ab-af1c-f49b4cf96a8c,Woolworths Supermarket,Household,Woolworths For Kids Boys Underwear Basic Briefs Size 2-3 5 pack,747076,$8.00,$1.60 / 1EA,https://www.woolworths.com.au/shop/productdetails/747076/woolworths-for-kids-boys-underwear-basic-briefs-size-2-3,https://cdn0.woolworths.media/content/wowproductimages/medium/747076.jpg,2020-09-20 15:36:09,,0,,True
256d26f4-efb0-49fa-9b34-d51c7c4317ec,Woolworths Supermarket,Household,Woolworths Essentials Underwear Boy's Basic Briefs Size 4-5 each,747078,$8.00,$1.60 / 1EA,https://www.woolworths.com.au/shop/productdetails/747078/woolworths-essentials-underwear-boy-s-basic-briefs-size-4-5,https://cdn0.woolworths.media/content/wowproductimages/medium/747078.jpg,2020-09-20 15:36:09,,0,,True
21167d5f-34a0-4263-8a77-5f83d6039683,Woolworths Supermarket,Household,Woolworths Essentials Underwear Girl's Basic Briefs Size 4-5 each,747115,$8.00,$1.60 / 1EA,https://www.woolworths.com.au/shop/productdetails/747115/woolworths-essentials-underwear-girl-s-basic-briefs-size-4-5,https://cdn0.woolworths.media/content/wowproductimages/medium/747115.jpg,2020-09-20 15:36:09,,0,,True
7f5e3777-fa56-453c-8c2f-c17b38fb1926,Woolworths Supermarket,Household,Sistema Bottle Gripper To Go 800ml each,747133,$11.00,,https://www.woolworths.com.au/shop/productdetails/747133/sistema-bottle-gripper-to-go,https://cdn0.woolworths.media/content/wowproductimages/medium/747133.jpg,2020-09-20 15:36:09,,0,Designs may vary,True
56e0768d-1809-4326-bcda-28abed303003,Woolworths Supermarket,Household,Kiwi Shoe Care Sport White Laces 120cm 1 pair,747288,$2.89,$2.89 / 1EA,https://www.woolworths.com.au/shop/productdetails/747288/kiwi-shoe-care-sport-white-laces-120cm,https://cdn0.woolworths.media/content/wowproductimages/medium/747288.jpg,2020-09-20 15:36:09,,0,,True
d4474874-2a12-4148-be91-17035fd4b649,Woolworths Supermarket,Household,Kiwi Shoe Care Shoe Laces Yellow/brown 150cm each,747318,$3.00,,https://www.woolworths.com.au/shop/productdetails/747318/kiwi-shoe-care-shoe-laces-yellow-brown,https://cdn0.woolworths.media/content/wowproductimages/medium/747318.jpg,2020-09-20 15:36:09,,0,,True
6e3899f7-b74b-4c47-93fe-0a46be9f995a,Woolworths Supermarket,Household,Ratsak Pre Baited Rat Trap each,747325,$8.50,$8.50 / 1EA,https://www.woolworths.com.au/shop/productdetails/747325/ratsak-pre-baited-rat-trap,https://cdn0.woolworths.media/content/wowproductimages/medium/747325.jpg,2020-09-20 15:36:09,,0,,True
ecea65aa-c290-4e68-855c-a68a5983c950,Woolworths Supermarket,Household,Vileda Mop Easy Wring & Clean each,747426,$45.00,$45.00 / 1EA,https://www.woolworths.com.au/shop/productdetails/747426/vileda-mop-easy-wring-clean,https://cdn0.woolworths.media/content/wowproductimages/medium/747426.jpg,2020-09-20 15:36:09,,0,,True
ae6d2dc6-0306-4a82-86e6-2e126c613bd9,Woolworths Supermarket,Household,Decor Athletic Tritan Bottle Assorted 750ml,748794,$14.00,,https://www.woolworths.com.au/shop/productdetails/748794/decor-athletic-tritan-bottle-assorted,https://cdn0.woolworths.media/content/wowproductimages/medium/748794.jpg,2020-09-20 15:36:09,,0,,True
91a3e164-c887-4ec4-bc8e-efe873af261d,Woolworths Supermarket,Household,All Day Socks Mens Black Size 7-10 2 pack,748817,$15.00,$7.50 / 1EA,https://www.woolworths.com.au/shop/productdetails/748817/all-day-socks-mens-black-size-7-10,https://cdn0.woolworths.media/content/wowproductimages/medium/748817.jpg,2020-09-20 15:36:09,,0,,True
c186722e-484f-48f3-8631-d21c7777326f,Woolworths Supermarket,Household,Selleys Super Glue Fix N Go 3 pack,749123,$4.90,$1.63 / 1EA,https://www.woolworths.com.au/shop/productdetails/749123/selleys-super-glue-fix-n-go,https://cdn0.woolworths.media/content/wowproductimages/medium/749123.jpg,2020-09-20 15:36:09,,0,,True
6b0624fc-9c2f-42ed-985d-72d0ed4bfefc,Woolworths Supermarket,Household,Maseur Footcare Shoe Brush & Polish Cloth each,749330,$5.99,,https://www.woolworths.com.au/shop/productdetails/749330/maseur-footcare-shoe-brush-polish-cloth,https://cdn0.woolworths.media/content/wowproductimages/medium/749330.jpg,2020-09-20 15:36:09,,0,,True
e9163fe1-c3df-4b5e-aa35-994a9339d7c8,Woolworths Supermarket,Household,Damprid Hanging Moisture Absorber Lavender & Vanilla 3 pack,749422,$20.00,$1.68 / 100G,https://www.woolworths.com.au/shop/productdetails/749422/damprid-hanging-moisture-absorber-lavender-vanilla,https://cdn0.woolworths.media/content/wowproductimages/medium/749422.jpg,2020-09-20 15:36:09,,0,,True
0ad54843-bb0c-4877-8132-b19f5541628b,Woolworths Supermarket,Household,Bonds Comfy Tops Opaque Tights Black Sml-med each,751436,$12.00,,https://www.woolworths.com.au/shop/productdetails/751436/bonds-comfy-tops-opaque-tights-black-sml-med,https://cdn0.woolworths.media/content/wowproductimages/medium/751436.jpg,2020-09-20 15:36:09,,0,,True
ec928770-8abc-487c-86cb-8bd37b7fa50d,Woolworths Supermarket,Household,Bonds Comfy Tops Opaque Tights Black Med-lge each,751437,$12.00,,https://www.woolworths.com.au/shop/productdetails/751437/bonds-comfy-tops-opaque-tights-black-med-lge,https://cdn0.woolworths.media/content/wowproductimages/medium/751437.jpg,2020-09-20 15:36:09,,0,,True
9d10eb85-67ca-4689-bb17-3c2143d1c841,Woolworths Supermarket,Household,Woolworths Essentials Filing Document Holder each,751508,$2.00,,https://www.woolworths.com.au/shop/productdetails/751508/woolworths-essentials-filing-document-holder,https://cdn0.woolworths.media/content/wowproductimages/medium/751508.jpg,2020-09-20 15:36:09,,0,,True
89f2e88d-360e-4d34-aba5-9b34487abc10,Woolworths Supermarket,Household,Paperclick Presentation Wallet A4 Document Clear each,751510,$4.50,,https://www.woolworths.com.au/shop/productdetails/751510/paperclick-presentation-wallet-a4-document-clear,https://cdn0.woolworths.media/content/wowproductimages/medium/751510.jpg,2020-09-20 15:36:09,,0,,True
e89ec909-cea0-4b02-8fc6-eabc10eeb3be,Woolworths Supermarket,Household,Woolworths Spiral Lecture Book A4 140pg each,751592,$3.50,,https://www.woolworths.com.au/shop/productdetails/751592/woolworths-spiral-lecture-book-a4,https://cdn0.woolworths.media/content/wowproductimages/medium/751592.jpg,2020-09-20 15:36:09,,0,,True
28f20f1c-dba7-4244-8849-291aa0f356df,Woolworths Supermarket,Household,Paperclick Merit Stickers Assorted each,751893,$2.00,,https://www.woolworths.com.au/shop/productdetails/751893/paperclick-merit-stickers-assorted,https://cdn0.woolworths.media/content/wowproductimages/medium/751893.jpg,2020-09-20 15:36:09,,0,,True
ce441fba-79f5-46b8-ad25-d72d3df868c6,Woolworths Supermarket,Household,Woolworths Essentials Sticker Colour Dots 120 pack,751896,$2.00,,https://www.woolworths.com.au/shop/productdetails/751896/woolworths-essentials-sticker-colour-dots,https://cdn0.woolworths.media/content/wowproductimages/medium/751896.jpg,2020-09-20 15:36:09,,0,,True
2b65fc7d-a0f0-45c4-9ce0-7195d6ef888d,Woolworths Supermarket,Household,Woolworths Essentials Sticker Small Stars 180 pack,751898,$2.00,,https://www.woolworths.com.au/shop/productdetails/751898/woolworths-essentials-sticker-small-stars,https://cdn0.woolworths.media/content/wowproductimages/medium/751898.jpg,2020-09-20 15:36:09,,0,,True
bdbdfbac-1511-4b20-bf0f-cd7dc4642e99,Woolworths Supermarket,Household,Paperclick Adhesive Labels Rectangle Blue Border 34mm X 75mm 18 pack,751900,$2.00,,https://www.woolworths.com.au/shop/productdetails/751900/paperclick-adhesive-labels-rectangle-blue-border-34mm-x-75mm,https://cdn0.woolworths.media/content/wowproductimages/medium/751900.jpg,2020-09-20 15:36:09,,0,,True
59db317a-a0d1-40ed-a78e-4bb8dd08514b,Woolworths Supermarket,Household,Paperclick Adhesive Labels Rectangle White 18mm X 38mm 72 pack,751953,$2.00,,https://www.woolworths.com.au/shop/productdetails/751953/paperclick-adhesive-labels-rectangle-white-18mm-x-38mm,https://cdn0.woolworths.media/content/wowproductimages/medium/751953.jpg,2020-09-20 15:36:09,,0,,True
84617b00-b37a-4bbc-ac0d-e935ee0b1dd0,Woolworths Supermarket,Household,Woolworths Clip Board A4 each,751955,$3.50,,https://www.woolworths.com.au/shop/productdetails/751955/woolworths-clip-board-a4,https://cdn0.woolworths.media/content/wowproductimages/medium/751955.jpg,2020-09-20 15:36:09,,0,,True
9ee22909-c260-4c4f-89ad-f81b9728f24c,Woolworths Supermarket,Household,Homebrand Oil 1l,752038,$8.50,$0.85 / 100ML,https://www.woolworths.com.au/shop/productdetails/752038/homebrand-oil,https://cdn0.woolworths.media/content/wowproductimages/medium/752038.jpg,2020-09-20 15:36:09,,0,,True
9b3eb0e3-78dc-480f-8e2b-10cf844e7cce,Woolworths Supermarket,Household,Handee Ultra Double Length Paper Towel 3 pack,752113,$7.00,$1.94 / 100SS,https://www.woolworths.com.au/shop/productdetails/752113/handee-ultra-double-length-paper-towel,https://cdn0.woolworths.media/content/wowproductimages/medium/752113.jpg,2020-09-20 15:36:09,,0,,True
c52892ba-e049-4514-8d08-e6b0f1579cbf,Woolworths Supermarket,Household,Woolworths Essentials Pins Thumb Tacks 11mm 180 pack,753844,$2.50,,https://www.woolworths.com.au/shop/productdetails/753844/woolworths-essentials-pins-thumb-tacks-11mm,https://cdn0.woolworths.media/content/wowproductimages/medium/753844.jpg,2020-09-20 15:36:09,,0,,True
2dc0b048-08b9-44d4-bf44-55642e02bf65,Woolworths Supermarket,Household,Earth Choice Dishwashing Liquid 900ml,753871,$5.35,$0.59 / 100ML,https://www.woolworths.com.au/shop/productdetails/753871/earth-choice-dishwashing-liquid,https://cdn0.woolworths.media/content/wowproductimages/medium/753871.jpg,2020-09-20 15:36:09,,0,,True
175c4ca3-fa84-47af-a007-21a724a2efc8,Woolworths Supermarket,Household,Papermate Inkjoy 100 Pen Fashion 10 pack,753882,$3.75,,https://www.woolworths.com.au/shop/productdetails/753882/papermate-inkjoy-100-pen-fashion,https://cdn0.woolworths.media/content/wowproductimages/medium/753882.jpg,2020-09-20 15:36:09,,0,,True
6d05c0d1-13ed-427f-8dbd-9475625efc37,Woolworths Supermarket,Household,Woolworths Manilla Folders Manilla Folder Foolscap each,753931,$3.00,,https://www.woolworths.com.au/shop/productdetails/753931/woolworths-manilla-folders-manilla-folder-foolscap,https://cdn0.woolworths.media/content/wowproductimages/medium/753931.jpg,2020-09-20 15:36:09,,0,,True
ab4af492-88eb-4c21-b829-0bb388b91627,Woolworths Supermarket,Household,Armada Aluminium Foil 30cmx150m,754074,$16.95,$0.11 / 1M,https://www.woolworths.com.au/shop/productdetails/754074/armada-aluminium-foil,https://cdn0.woolworths.media/content/wowproductimages/medium/754074.jpg,2020-09-20 15:36:09,,0,,True
039fc0c1-6999-477a-b972-e851e7a2e666,Woolworths Supermarket,Household,Armada Aluminium Foil 30cm x 60m,754075,$8.50,$0.14 / 1M,https://www.woolworths.com.au/shop/productdetails/754075/armada-aluminium-foil,https://cdn0.woolworths.media/content/wowproductimages/medium/754075.jpg,2020-09-20 15:36:09,,0,,True
41fb611f-ffd3-4378-a9c4-34c6a230b225,Woolworths Supermarket,Household,Armada Cling Wrap 33cm x 150m,754076,$6.50,$0.04 / 1M,https://www.woolworths.com.au/shop/productdetails/754076/armada-cling-wrap,https://cdn0.woolworths.media/content/wowproductimages/medium/754076.jpg,2020-09-20 15:36:09,,0,,True
0e45ec99-f955-4a8b-959e-3233b6a0bb6a,Woolworths Supermarket,Household,Sharpie Colourburst 24 pack,754092,$20.00,,https://www.woolworths.com.au/shop/productdetails/754092/sharpie-colourburst,https://cdn0.woolworths.media/content/wowproductimages/medium/754092.jpg,2020-09-20 15:36:09,,0,,True
6fc5c03f-a9ce-47aa-b559-cdcfe83c55f0,Woolworths Supermarket,Household,Purity Top Loader Laundry Liquid 4l,756122,$13.00,$3.25 / 1L,https://www.woolworths.com.au/shop/productdetails/756122/purity-top-loader-laundry-liquid,https://cdn0.woolworths.media/content/wowproductimages/medium/756122.jpg,2020-09-20 15:36:09,,0,Was $13.99 28/11/16,True
2659ba76-257b-4ea2-9d05-dbbf938e6668,Woolworths Supermarket,Household,Bonds Girls Underwear Cotton Brief 12-14 & 14-16 4 pack,756215,$14.00,$3.50 / 1EA,https://www.woolworths.com.au/shop/productdetails/756215/bonds-girls-underwear-cotton-brief-12-14-14-16,https://cdn0.woolworths.media/content/wowproductimages/medium/756215.jpg,2020-09-20 15:36:09,,0,Designs may vary,True
bcb8c2ec-0e68-4c63-8ed8-116b9f6b3f4b,Woolworths Supermarket,Household,Bonds Boys Underwear Cotton Trunk (8-10 & 10-12) 3 pack,756216,$15.00,$5.00 / 1EA,https://www.woolworths.com.au/shop/productdetails/756216/bonds-boys-underwear-cotton-trunk-8-10-10-12-,https://cdn0.woolworths.media/content/wowproductimages/medium/756216.jpg,2020-09-20 15:36:09,,0,Designs may vary,True
3e58d417-695b-451d-bdd5-a3d6a3cb6e83,Woolworths Supermarket,Household,Bonds Girls Underwear Cotton Brief (8-10 & 10-12) 4 pack,756234,$14.00,$3.50 / 1EA,https://www.woolworths.com.au/shop/productdetails/756234/bonds-girls-underwear-cotton-brief-8-10-10-12-,https://cdn0.woolworths.media/content/wowproductimages/medium/756234.jpg,2020-09-20 15:36:09,,0,Designs may vary,True
ce8d5609-944d-4435-9178-9e3b849e4bf7,Woolworths Supermarket,Household,Bonds Boys Underwear Cotton Trunk 12-14 & 14-16 3 pack,756261,$15.00,$5.00 / 1EA,https://www.woolworths.com.au/shop/productdetails/756261/bonds-boys-underwear-cotton-trunk-12-14-14-16,https://cdn0.woolworths.media/content/wowproductimages/medium/756261.jpg,2020-09-20 15:36:09,,0,Designs may vary,True
c2dbb44f-f4bf-4dc3-8e2a-389e12aa684e,Woolworths Supermarket,Household,Scholl Fresh Step Shoe Spray 100g,757102,$11.00,$11.00 / 100G,https://www.woolworths.com.au/shop/productdetails/757102/scholl-fresh-step-shoe-spray,https://cdn0.woolworths.media/content/wowproductimages/medium/757102.jpg,2020-09-20 15:36:09,,0,,True
64d4a1c0-b019-41c6-a27b-e51312b67290,Woolworths Supermarket,Household,Hot Wheels Monster Trucks 1:64 each,757246,$6.00,,https://www.woolworths.com.au/shop/productdetails/757246/hot-wheels-monster-trucks-1-64,https://cdn0.woolworths.media/content/wowproductimages/medium/757246.jpg,2020-09-20 15:36:09,,0,Designs may vary,True
8b1fbe5c-52e5-43f9-9d09-9e1a4e3a9322,Woolworths Supermarket,Household,Ambi Pur Plug In Air Freshener Vanilla Harmony Refill 20ml,757347,$7.50,$3.75 / 10ML,https://www.woolworths.com.au/shop/productdetails/757347/ambi-pur-plug-in-air-freshener-vanilla-harmony-refill,https://cdn0.woolworths.media/content/wowproductimages/medium/757347.jpg,2020-09-20 15:36:09,,0,,True
064d9e24-2ac6-4a40-ab24-336573691cc1,Woolworths Supermarket,Household,Ambi Pur Plug In Air Freshener Set Vanilla Harmony 20ml,757366,$10.50,$5.25 / 10ML,https://www.woolworths.com.au/shop/productdetails/757366/ambi-pur-plug-in-air-freshener-set-vanilla-harmony,https://cdn0.woolworths.media/content/wowproductimages/medium/757366.jpg,2020-09-20 15:36:09,,0,,True
85f00b25-feb0-40ae-8962-6a05d60cdb98,Woolworths Supermarket,Household,Ambi Pur Plug In Air Freshener Refill Lavender & Comfort 20ml,757395,$7.50,$3.75 / 10ML,https://www.woolworths.com.au/shop/productdetails/757395/ambi-pur-plug-in-air-freshener-refill-lavender-comfort,https://cdn0.woolworths.media/content/wowproductimages/medium/757395.jpg,2020-09-20 15:36:09,,0,,True
38a49202-f6f3-4935-aaed-1b9e36c2c738,Woolworths Supermarket,Household,Scholl Fresh Step Anti Perspirant Spray 96g,757615,$11.00,$11.46 / 100G,https://www.woolworths.com.au/shop/productdetails/757615/scholl-fresh-step-anti-perspirant-spray,https://cdn0.woolworths.media/content/wowproductimages/medium/757615.jpg,2020-09-20 15:36:09,,0,,True
e9b793dc-8254-4635-9b03-e6d333a289b3,Woolworths Supermarket,Household,Sistema Plasticware Snack To Go each,757630,$5.00,,https://www.woolworths.com.au/shop/productdetails/757630/sistema-plasticware-snack-to-go,https://cdn0.woolworths.media/content/wowproductimages/medium/757630.jpg,2020-09-20 15:36:09,,0,,True
58fc9d84-ba88-450b-bc34-7cd5448efc14,Woolworths Supermarket,Household,Ambi Pur Plug In Air Freshener Set Linen & Sky 20ml,758099,$10.50,$5.25 / 10ML,https://www.woolworths.com.au/shop/productdetails/758099/ambi-pur-plug-in-air-freshener-set-linen-sky,https://cdn0.woolworths.media/content/wowproductimages/medium/758099.jpg,2020-09-20 15:36:09,,0,,True
0e508e44-902b-4356-b886-507d028f7246,Woolworths Supermarket,Household,Ambi Pur Plug In Air Freshener Refill Linen & Sky 20ml,758106,$7.50,$3.75 / 10ML,https://www.woolworths.com.au/shop/productdetails/758106/ambi-pur-plug-in-air-freshener-refill-linen-sky,https://cdn0.woolworths.media/content/wowproductimages/medium/758106.jpg,2020-09-20 15:36:09,,0,,True
7325317f-fe63-4990-9e77-63d2dba6658d,Woolworths Supermarket,Household,Ambi Pur Mini Clip Car Air Freshener New Zealand Springs 2ml,758135,$6.00,$6.00 / 1EA,https://www.woolworths.com.au/shop/productdetails/758135/ambi-pur-mini-clip-car-air-freshener-new-zealand-springs,https://cdn0.woolworths.media/content/wowproductimages/medium/758135.jpg,2020-09-20 15:36:09,,0,,True
a2b7ed67-581f-4080-8f21-4107ae49b772,Woolworths Supermarket,Household,Ambi Pur Mini Clip Car Air Freshener Sky Breeze 2ml,758141,$6.00,$6.00 / 1EA,https://www.woolworths.com.au/shop/productdetails/758141/ambi-pur-mini-clip-car-air-freshener-sky-breeze,https://cdn0.woolworths.media/content/wowproductimages/medium/758141.jpg,2020-09-20 15:36:09,,0,,True
e1968d10-fcd1-4137-ac94-79512d76659b,Woolworths Supermarket,Household,Wiltshire Bakeware Enamel Bake Baker 28cm each,758148,$15.00,,https://www.woolworths.com.au/shop/productdetails/758148/wiltshire-bakeware-enamel-bake-baker-28cm,https://cdn0.woolworths.media/content/wowproductimages/medium/758148.jpg,2020-09-20 15:36:09,,0,,True
f6891d98-4c18-4f80-9a42-e98ac2dc6e0a,Woolworths Supermarket,Household,Seatease Toilet Seat Cover Disposable 10 pack,758696,$3.00,$0.30 / 1EA,https://www.woolworths.com.au/shop/productdetails/758696/seatease-toilet-seat-cover-disposable,https://cdn0.woolworths.media/content/wowproductimages/medium/758696.jpg,2020-09-20 15:36:09,,0,,True
bc01020d-b3c7-490b-b1b9-2f4b30502e5f,Woolworths Supermarket,Household,Essentials Facial Tissues 224 pack,759496,$1.00,$0.45 / 100SS,https://www.woolworths.com.au/shop/productdetails/759496/essentials-facial-tissues,https://cdn0.woolworths.media/content/wowproductimages/medium/759496.jpg,2020-09-20 15:36:09,Average product rating out of 5: 3.9. Product score is based on 672 ratings,672,,True
e54fce45-3d53-4297-a5b1-bc17fa6e43d0,Woolworths Supermarket,Household,Earth Choice Stain Remover Prewash 400ml,759683,$4.15,$10.38 / 1L,https://www.woolworths.com.au/shop/productdetails/759683/earth-choice-stain-remover-prewash,https://cdn0.woolworths.media/content/wowproductimages/medium/759683.jpg,2020-09-20 15:36:09,,0,,True
d9e34084-a18e-4914-8d16-ed792c377bd9,Woolworths Supermarket,Household,Cuddly Hypoallergenic Fabric Softener Soft & Sensitive 2l,759743,$15.00,$7.50 / 1L,https://www.woolworths.com.au/shop/productdetails/759743/cuddly-hypoallergenic-fabric-softener-soft-sensitive,https://cdn0.woolworths.media/content/wowproductimages/medium/759743.jpg,2020-09-20 15:36:09,,0,,True
c32c2973-38ce-45c8-a2f7-be5cf1abc8ee,Woolworths Supermarket,Household,3m Command Picture Hanging Strips Medium Value Pack 8 pairs,759850,,,https://www.woolworths.com.au/shop/productdetails/759850/3m-command-picture-hanging-strips-medium-value-pack,https://cdn0.woolworths.media/content/wowproductimages/medium/759850.jpg,2020-09-20 15:36:09,,0,,False
5e1d4b5a-f4ad-4251-a612-241a171d61c5,Woolworths Supermarket,Household,Mortein Power Gard Multi Insect Killer 300g,760362,$10.00,$3.33 / 100G,https://www.woolworths.com.au/shop/productdetails/760362/mortein-power-gard-multi-insect-killer,https://cdn0.woolworths.media/content/wowproductimages/medium/760362.jpg,2020-09-20 15:36:09,,0,,True
63c61ed1-3bf6-4dd1-b879-29967a97363a,Woolworths Supermarket,Household,Ansell Gloves Heavy Duty Black Xl each,760517,$3.80,$3.80 / 1EA,https://www.woolworths.com.au/shop/productdetails/760517/ansell-gloves-heavy-duty-black-xl,https://cdn0.woolworths.media/content/wowproductimages/medium/760517.jpg,2020-09-20 15:36:09,,0,Was $4.40 24/04/2017,True
7a91292e-11bc-40c3-b8fc-429e82d7d6e6,Woolworths Supermarket,Household,Ansell Gloves Heavy Duty Black Large each,760553,$3.80,$3.80 / 1EA,https://www.woolworths.com.au/shop/productdetails/760553/ansell-gloves-heavy-duty-black-large,https://cdn0.woolworths.media/content/wowproductimages/medium/760553.jpg,2020-09-20 15:36:09,,0,Was $4.40 24/04/2017,True
eac11e1c-9cb4-4296-83e4-8ea2737eb75c,Woolworths Supermarket,Household,Play-doh Single Tub each,761570,$2.00,,https://www.woolworths.com.au/shop/productdetails/761570/play-doh-single-tub,https://cdn0.woolworths.media/content/wowproductimages/medium/761570.jpg,2020-09-20 15:36:09,,0,,True
5bf87a95-2e5d-4292-a698-f200cb6f6532,Woolworths Supermarket,Household,Dettol Dettol Antibacterial Floor Cleaning System each,762777,$20.00,$20.00 / 1EA,https://www.woolworths.com.au/shop/productdetails/762777/dettol-dettol-antibacterial-floor-cleaning-system,https://cdn0.woolworths.media/content/wowproductimages/medium/762777.jpg,2020-09-20 15:36:09,,0,,True
d1b4d5b4-9050-42b8-9267-0390e598bf6c,Woolworths Supermarket,Household,Bic Atlantis Retractable Pen Black 4 pack,763331,$5.25,,https://www.woolworths.com.au/shop/productdetails/763331/bic-atlantis-retractable-pen-black,https://cdn0.woolworths.media/content/wowproductimages/medium/763331.jpg,2020-09-20 15:36:09,,0,,True
8931b9ed-416f-4af9-82c7-d70fef2c9ed8,Woolworths Supermarket,Household,Ansell Gloves Smart Small 2 pack,763376,$2.00,$2.00 / 1EA,https://www.woolworths.com.au/shop/productdetails/763376/ansell-gloves-smart-small,https://cdn0.woolworths.media/content/wowproductimages/medium/763376.jpg,2020-09-20 15:36:09,,0,,True
e666b1ee-5d16-4051-a545-efed9a8b5643,Woolworths Supermarket,Household,Ansell Gloves Powder Free 100 pack,763379,$18.00,$0.18 / 1EA,https://www.woolworths.com.au/shop/productdetails/763379/ansell-gloves-powder-free,https://cdn0.woolworths.media/content/wowproductimages/medium/763379.jpg,2020-09-20 15:36:09,,0,,True
183b87f6-7a96-43ad-9235-a470c45f7512,Woolworths Supermarket,Household,Ansell Smart Medium Gloves Pair each,763402,$2.00,$2.00 / 1EA,https://www.woolworths.com.au/shop/productdetails/763402/ansell-smart-medium-gloves-pair,https://cdn0.woolworths.media/content/wowproductimages/medium/763402.jpg,2020-09-20 15:36:09,,0,,True
df4be6df-dd82-4e9a-8d7d-10ef14645e75,Woolworths Supermarket,Household,Ansell Gloves Heavy Duty Medium each,763404,$3.80,$3.80 / 1EA,https://www.woolworths.com.au/shop/productdetails/763404/ansell-gloves-heavy-duty-medium,https://cdn0.woolworths.media/content/wowproductimages/medium/763404.jpg,2020-09-20 15:36:09,,0,Was $4.40 24/04/2017,True
cf8642a3-7312-45cc-9190-a0304f52c403,Woolworths Supermarket,Household,Ansell Gloves Smart Large 2pk,763411,$2.00,$2.00 / 1EA,https://www.woolworths.com.au/shop/productdetails/763411/ansell-gloves-smart-large,https://cdn0.woolworths.media/content/wowproductimages/medium/763411.jpg,2020-09-20 15:36:09,,0,,True
3918728b-2167-4df2-aa2a-30e8d561c02d,Woolworths Supermarket,Household,Ansell Gloves Powder Free Disposable Large 24 pack,763441,$6.00,$0.25 / 1EA,https://www.woolworths.com.au/shop/productdetails/763441/ansell-gloves-powder-free-disposable-large,https://cdn0.woolworths.media/content/wowproductimages/medium/763441.jpg,2020-09-20 15:36:09,,0,,True
05f00b78-9064-4d2b-98e6-73a453044184,Woolworths Supermarket,Household,Vileda Mop Bucket each,763451,$36.00,$36.00 / 1EA,https://www.woolworths.com.au/shop/productdetails/763451/vileda-mop-bucket,https://cdn0.woolworths.media/content/wowproductimages/medium/763451.jpg,2020-09-20 15:36:09,,0,,True
25b092fa-6c13-4098-bfa9-daedd64ba087,Woolworths Supermarket,Household,Selleys Oven Cleaner Wipes 12pk,763597,$5.00,$0.42 / 1EA,https://www.woolworths.com.au/shop/productdetails/763597/selleys-oven-cleaner-wipes,https://cdn0.woolworths.media/content/wowproductimages/medium/763597.jpg,2020-09-20 15:36:09,,0,,True
6a81f2a6-685b-4351-b65b-248f479b9b35,Woolworths Supermarket,Household,Pine O Cleen Tropical Blossom Surface Wipes 120 pack,763736,$10.00,$0.08 / 1EA,https://www.woolworths.com.au/shop/productdetails/763736/pine-o-cleen-tropical-blossom-surface-wipes,https://cdn0.woolworths.media/content/wowproductimages/medium/763736.jpg,2020-09-20 15:36:09,,0,2 for $16.00 $0.07/1EA,True
c922a86a-8e47-49d8-b851-60d4a12109ca,Woolworths Supermarket,Household,Nourish Magazine each,764377,$12.95,,https://www.woolworths.com.au/shop/productdetails/764377/nourish-magazine,https://cdn0.woolworths.media/content/wowproductimages/medium/764377.jpg,2020-09-20 15:36:09,,0,,True
a41a47a2-ff54-40b4-9a0b-3cc0d02696b5,Woolworths Supermarket,Household,Decor Tellfresh Oblong 1l 3 pack,764872,$6.50,,https://www.woolworths.com.au/shop/productdetails/764872/decor-tellfresh-oblong-1l,https://cdn0.woolworths.media/content/wowproductimages/medium/764872.jpg,2020-09-20 15:36:09,,0,,True
fe56e3b4-f421-4255-a345-6033e2d76e26,Woolworths Supermarket,Household,Olsent Cfl Spiral Bc 20w 1400lm Ww 20w 2 pack,765474,$10.00,$5.00 / 1EA,https://www.woolworths.com.au/shop/productdetails/765474/olsent-cfl-spiral-bc-20w-1400lm-ww-20w,https://cdn0.woolworths.media/content/wowproductimages/medium/765474.jpg,2020-09-20 15:36:09,,0,,True
f44fb1b4-7d71-4e56-85b1-0c14a75cedcb,Woolworths Supermarket,Household,Olsent Cfl Spiral Bc 20w 1400lm Cw 20w 2 pack,765475,$10.00,$5.00 / 1EA,https://www.woolworths.com.au/shop/productdetails/765475/olsent-cfl-spiral-bc-20w-1400lm-cw-20w,https://cdn0.woolworths.media/content/wowproductimages/medium/765475.jpg,2020-09-20 15:36:09,,0,,True
0a068816-64f8-4262-a1fa-03c80af92793,Woolworths Supermarket,Household,Olsent Cfl Spiral Es 20w 1400lm Ww 20w 2 pack,765494,$10.00,$5.00 / 1EA,https://www.woolworths.com.au/shop/productdetails/765494/olsent-cfl-spiral-es-20w-1400lm-ww-20w,https://cdn0.woolworths.media/content/wowproductimages/medium/765494.jpg,2020-09-20 15:36:09,,0,,True
45d79712-4329-41a1-a775-8af7ff46350a,Woolworths Supermarket,Household,Olsent Cfl Spiral Es 20w 1400lm Cw 2 pack,765496,$10.00,$5.00 / 1EA,https://www.woolworths.com.au/shop/productdetails/765496/olsent-cfl-spiral-es-20w-1400lm-cw,https://cdn0.woolworths.media/content/wowproductimages/medium/765496.jpg,2020-09-20 15:36:09,,0,,True
7369bb35-49f4-410f-ab8c-61142bd2af5f,Woolworths Supermarket,Household,Mortein Naturgard Insect Control Indoor Odourless 154g x2 pack,765660,$26.00,$26.00 / 1EA,https://www.woolworths.com.au/shop/productdetails/765660/mortein-naturgard-insect-control-indoor-odourless,https://cdn0.woolworths.media/content/wowproductimages/medium/765660.jpg,2020-09-20 15:36:09,,0,,True
56436370-28b8-4386-ae95-d40d8b055360,Woolworths Supermarket,Household,Mortein Naturgard Auto Indoor Insect Control System Eucalyptus 154g,765746,$32.00,$20.78 / 100G,https://www.woolworths.com.au/shop/productdetails/765746/mortein-naturgard-auto-indoor-insect-control-system-eucalyptus,https://cdn0.woolworths.media/content/wowproductimages/medium/765746.jpg,2020-09-20 15:36:09,,0,,True
11b39c4c-5807-41d0-91bc-5760be88ede7,Woolworths Supermarket,Household,Mortein Naturgard Insect Control Bomb Odourless 3 pack,765755,$16.00,$16.00 / 1EA,https://www.woolworths.com.au/shop/productdetails/765755/mortein-naturgard-insect-control-bomb-odourless,https://cdn0.woolworths.media/content/wowproductimages/medium/765755.jpg,2020-09-20 15:36:09,,0,,True
b8be15b8-edf0-48e5-96c7-43b3729397b3,Woolworths Supermarket,Household,Hovex Vapor Gaurd Moth Killer Clothing each,765854,$6.00,$3.00 / 1EA,https://www.woolworths.com.au/shop/productdetails/765854/hovex-vapor-gaurd-moth-killer-clothing,https://cdn0.woolworths.media/content/wowproductimages/medium/765854.jpg,2020-09-20 15:36:09,,0,Was $6.75 14/08/2017,True
d0f0b2ff-f587-44b9-b6b1-88ac025176f8,Woolworths Supermarket,Household,Raid Max Crawling Insect Killer 375g,765872,$9.00,$2.40 / 100G,https://www.woolworths.com.au/shop/productdetails/765872/raid-max-crawling-insect-killer,https://cdn0.woolworths.media/content/wowproductimages/medium/765872.jpg,2020-09-20 15:36:09,,0,Was $12.00 20/11/2018,True
b3ccb258-1fbd-4ee2-b992-652e7654e5ba,Woolworths Supermarket,Household,Sorbent Flushable Wipes Kids 40 pack,765884,$3.50,$8.75 / 100SS,https://www.woolworths.com.au/shop/productdetails/765884/sorbent-flushable-wipes-kids,https://cdn0.woolworths.media/content/wowproductimages/medium/765884.jpg,2020-09-20 15:36:09,,0,,True
57c82f6b-4504-405d-a241-cc5c1382c560,Woolworths Supermarket,Household,Palmolive Ultra Strength Dishwashing Liquid Original Bulk Pack 1.3l,766388,$7.50,$0.58 / 100ML,https://www.woolworths.com.au/shop/productdetails/766388/palmolive-ultra-strength-dishwashing-liquid-original-bulk-pack,https://cdn0.woolworths.media/content/wowproductimages/medium/766388.jpg,2020-09-20 15:36:09,,0,Was $8.50 07/01/2019,True
c1c618f1-8630-4d32-8c58-c265868a305c,Woolworths Supermarket,Household,Sard Wonder Ultra Whitening Stain Remover 1kg,766501,$5.00,$5.00 / 1KG,https://www.woolworths.com.au/shop/productdetails/766501/sard-wonder-ultra-whitening-stain-remover,https://cdn0.woolworths.media/content/wowproductimages/medium/766501.jpg,2020-09-20 15:36:09,,0,,True
d43ba0d9-6173-43d0-926e-c919db1b9e93,Woolworths Supermarket,Household,Woolworths Broom Indoor each,766506,$8.00,$8.00 / 1EA,https://www.woolworths.com.au/shop/productdetails/766506/woolworths-broom-indoor,https://cdn0.woolworths.media/content/wowproductimages/medium/766506.jpg,2020-09-20 15:36:09,,0,,True
cb2b3588-b567-4cd6-af37-e7b62b18bca5,Woolworths Supermarket,Household,Arcosteel Stonehenge Cookware Frypan 30cm each,766955,$30.00,,https://www.woolworths.com.au/shop/productdetails/766955/arcosteel-stonehenge-cookware-frypan-30cm,https://cdn0.woolworths.media/content/wowproductimages/medium/766955.jpg,2020-09-20 15:36:09,,0,,True
3e8afb4b-88f0-4a2e-8a63-733628634abb,Woolworths Supermarket,Household,Woolworths Select Candle Berries Fragrance each,767630,$3.00,$3.00 / 1EA,https://www.woolworths.com.au/shop/productdetails/767630/woolworths-select-candle-berries-fragrance,https://cdn0.woolworths.media/content/wowproductimages/medium/767630.jpg,2020-09-20 15:36:09,,0,,True
15cd7196-74f3-4e6d-9018-163e17ce4b1a,Woolworths Supermarket,Household,Time's Up Vertical Spring Mouse Trap 2 pack,768614,$3.75,$3.75 / 1EA,https://www.woolworths.com.au/shop/productdetails/768614/time-s-up-vertical-spring-mouse-trap,https://cdn0.woolworths.media/content/wowproductimages/medium/768614.jpg,2020-09-20 15:36:09,,0,,True
e869da52-537f-4ac5-9e23-26dd2c70a465,Woolworths Supermarket,Household,Palmolive Divine Blends Vanilla & Berries Dishwashing Liquid 700ml,769358,$4.49,$0.64 / 100ML,https://www.woolworths.com.au/shop/productdetails/769358/palmolive-divine-blends-vanilla-berries-dishwashing-liquid,https://cdn0.woolworths.media/content/wowproductimages/medium/769358.jpg,2020-09-20 15:36:09,,0,,True
2bd4b3e8-58ee-4b8c-aec9-9c002ea63dc7,Woolworths Supermarket,Household,Vileda Scourer Power Scrub each,769382,$2.50,$1.25 / 1EA,https://www.woolworths.com.au/shop/productdetails/769382/vileda-scourer-power-scrub,https://cdn0.woolworths.media/content/wowproductimages/medium/769382.jpg,2020-09-20 15:36:09,,0,,True
0b329ff4-4066-4086-aa96-ef45380cdd80,Woolworths Supermarket,Household,Taste Magazine each,769482,$4.50,,https://www.woolworths.com.au/shop/productdetails/769482/taste-magazine,https://cdn0.woolworths.media/content/wowproductimages/medium/769482.jpg,2020-09-20 15:36:09,,0,,True
503e37ad-745f-4c38-8877-7df4f181c2ff,Woolworths Supermarket,Household,Essentials Kitchen Manchester Oven Glove Plain each,769571,$4.00,$4.00 / 1EA,https://www.woolworths.com.au/shop/productdetails/769571/essentials-kitchen-manchester-oven-glove-plain,https://cdn0.woolworths.media/content/wowproductimages/medium/769571.jpg,2020-09-20 15:36:09,,0,,True
713b6cb0-c972-44a3-ba66-fb175ce86695,Woolworths Supermarket,Household,Fun To Learn Peppa Pig each,769903,$9.95,,https://www.woolworths.com.au/shop/productdetails/769903/fun-to-learn-peppa-pig,https://cdn0.woolworths.media/content/wowproductimages/medium/769903.jpg,2020-09-20 15:36:09,,0,,True
edcc8332-b858-42d5-9185-130fceac370a,Woolworths Supermarket,Household,Chux Non Scratch Scourer Scrubs 8 pack,771764,$5.50,$0.69 / 1EA,https://www.woolworths.com.au/shop/productdetails/771764/chux-non-scratch-scourer-scrubs,https://cdn0.woolworths.media/content/wowproductimages/medium/771764.jpg,2020-09-20 15:36:09,,0,Was $5.99 13/02/2017,True
134a2dd4-d7f9-4810-bf45-375c3c633d40,Woolworths Supermarket,Household,Samba Natural Bbq Fuel 4kg,774221,$9.50,$0.24 / 100G,https://www.woolworths.com.au/shop/productdetails/774221/samba-natural-bbq-fuel,https://cdn0.woolworths.media/content/wowproductimages/medium/774221.jpg,2020-09-20 15:36:09,,0,2 for $12.90 $0.16/100G,True
1cbada9b-9d56-416b-878f-fb99e4a10c2b,Woolworths Supermarket,Household,Palmolive Antibacterial Dishwashing Liquid Ultra Strength Lemon 1.3l,775448,$7.50,$0.58 / 100ML,https://www.woolworths.com.au/shop/productdetails/775448/palmolive-antibacterial-dishwashing-liquid-ultra-strength-lemon,https://cdn0.woolworths.media/content/wowproductimages/medium/775448.jpg,2020-09-20 15:36:09,,0,Was $8.50 07/01/2019,True
bfbfa641-3c35-4371-bf3b-77b3da92a21a,Woolworths Supermarket,Household,Oakwood Leather Polish Hydrating Cream 250ml,775790,$8.00,$3.20 / 100ML,https://www.woolworths.com.au/shop/productdetails/775790/oakwood-leather-polish-hydrating-cream,https://cdn0.woolworths.media/content/wowproductimages/medium/775790.jpg,2020-09-20 15:36:09,,0,,True
4259b1f3-36a9-45bb-bb1c-018006cc2d2d,Woolworths Supermarket,Household,No Vac Sanitiser & Deodoriser Carpet Purifying Breeze 290g,776080,$4.90,$1.69 / 100G,https://www.woolworths.com.au/shop/productdetails/776080/no-vac-sanitiser-deodoriser-carpet-purifying-breeze,https://cdn0.woolworths.media/content/wowproductimages/medium/776080.jpg,2020-09-20 15:36:09,,0,,True
c45ad9b9-d1e3-4d81-870a-b575cc8642c6,Woolworths Supermarket,Household,First Force Fast Acting Ant Killer Powder 500g,776635,$6.00,$1.20 / 100G,https://www.woolworths.com.au/shop/productdetails/776635/first-force-fast-acting-ant-killer-powder,https://cdn0.woolworths.media/content/wowproductimages/medium/776635.jpg,2020-09-20 15:36:09,,0,,True
bbda8e0a-5c8a-4626-b47d-f5d6af7395c6,Woolworths Supermarket,Household,Jackson 4 Outlet Usb Charger With Mains Outlet each,776955,$25.00,,https://www.woolworths.com.au/shop/productdetails/776955/jackson-4-outlet-usb-charger-with-mains-outlet,https://cdn0.woolworths.media/content/wowproductimages/medium/776955.jpg,2020-09-20 15:36:09,,0,,True
67b6b266-73e1-412f-85ec-b48042cc5948,Woolworths Supermarket,Household,Sistema Lunch Cube Max To Go each,777289,$10.00,,https://www.woolworths.com.au/shop/productdetails/777289/sistema-lunch-cube-max-to-go,https://cdn0.woolworths.media/content/wowproductimages/medium/777289.jpg,2020-09-20 15:36:09,,0,Designs may vary,True
12fd4361-a724-451a-b632-772dd2bed546,Woolworths Supermarket,Household,Strike Creme Cleanser Lemon 375ml,777540,$2.00,$0.53 / 100ML,https://www.woolworths.com.au/shop/productdetails/777540/strike-creme-cleanser-lemon,https://cdn0.woolworths.media/content/wowproductimages/medium/777540.jpg,2020-09-20 15:36:09,,0,,True
9cf975ee-bb37-4f01-a312-29b0a6c86a94,Woolworths Supermarket,Household,Select Scrubbing Brush Tile & Grout each,778086,$3.00,$3.00 / 1EA,https://www.woolworths.com.au/shop/productdetails/778086/select-scrubbing-brush-tile-grout,https://cdn0.woolworths.media/content/wowproductimages/medium/778086.jpg,2020-09-20 15:36:09,,0,,True
577db072-b625-4edb-a37a-c36a61525616,Woolworths Supermarket,Household,Select Scrubbing Brush each,778088,$4.50,$4.50 / 1EA,https://www.woolworths.com.au/shop/productdetails/778088/select-scrubbing-brush,https://cdn0.woolworths.media/content/wowproductimages/medium/778088.jpg,2020-09-20 15:36:09,,0,,True
00c63a36-5c84-462e-a146-b9e0f29ba20e,Woolworths Supermarket,Household,Strike Scrubbing Brush With Handle each,778089,$5.00,$5.00 / 1EA,https://www.woolworths.com.au/shop/productdetails/778089/strike-scrubbing-brush-with-handle,https://cdn0.woolworths.media/content/wowproductimages/medium/778089.jpg,2020-09-20 15:36:09,,0,,True
7ea3a90f-c88e-4f9d-9bd5-2c976247138c,Woolworths Supermarket,Household,Essentials Sockettes Natural One Size 2 pack,778220,$3.00,,https://www.woolworths.com.au/shop/productdetails/778220/essentials-sockettes-natural-one-size,https://cdn0.woolworths.media/content/wowproductimages/medium/778220.jpg,2020-09-20 15:36:09,,0,,True
06e08001-f670-479f-889e-3007df0675d8,Woolworths Supermarket,Household,Essentials Anklet Pantyhose Black One Size 4 pack,778241,$3.00,,https://www.woolworths.com.au/shop/productdetails/778241/essentials-anklet-pantyhose-black-one-size,https://cdn0.woolworths.media/content/wowproductimages/medium/778241.jpg,2020-09-20 15:36:09,,0,,True
01a87941-bedc-4c49-8cd0-4bc9e3b1992c,Woolworths Supermarket,Household,Essentials Anklet Pantyhose Natural One Size 4 pack,778251,$3.00,,https://www.woolworths.com.au/shop/productdetails/778251/essentials-anklet-pantyhose-natural-one-size,https://cdn0.woolworths.media/content/wowproductimages/medium/778251.jpg,2020-09-20 15:36:09,,0,,True
28750397-d34b-4091-b0e2-c037a6230164,Woolworths Supermarket,Household,John Sands Wrap Kal Stripe each,778792,$4.99,,https://www.woolworths.com.au/shop/productdetails/778792/john-sands-wrap-kal-stripe,https://cdn0.woolworths.media/content/wowproductimages/medium/778792.jpg,2020-09-20 15:36:09,,0,,True
77741b5a-82ac-4d9c-9823-5e6992b609de,Woolworths Supermarket,Household,Clio Girl Summer Glow Tights Tan X/tall each,779351,$3.00,,https://www.woolworths.com.au/shop/productdetails/779351/clio-girl-summer-glow-tights-tan-x-tall,https://cdn0.woolworths.media/content/wowproductimages/medium/779351.jpg,2020-09-20 15:36:09,,0,,True
bc930d9d-a7db-478a-ad2d-bfaced8a2277,Woolworths Supermarket,Household,Woolworths Essentials Appliance Plastic Kettle 1.7l each,780141,$12.00,,https://www.woolworths.com.au/shop/productdetails/780141/woolworths-essentials-appliance-plastic-kettle,https://cdn0.woolworths.media/content/wowproductimages/medium/780141.jpg,2020-09-20 15:36:09,,0,,True
aa1baa35-c196-4876-b912-ec343c78c393,Woolworths Supermarket,Household,Woolworths Essentials Appliance Plastic Toaster 2 Slice each,780158,$14.00,,https://www.woolworths.com.au/shop/productdetails/780158/woolworths-essentials-appliance-plastic-toaster-2-slice,https://cdn0.woolworths.media/content/wowproductimages/medium/780158.jpg,2020-09-20 15:36:09,,0,,True
e51f3218-3b98-47f8-afd7-6ef3f8cc6b86,Woolworths Supermarket,Household,Adesso Stainless Steel Toaster 2 Slice each,780207,$25.00,,https://www.woolworths.com.au/shop/productdetails/780207/adesso-stainless-steel-toaster-2-slice,https://cdn0.woolworths.media/content/wowproductimages/medium/780207.jpg,2020-09-20 15:36:09,,0,,True
b8506400-996a-4a3e-aea6-64dda3cec07b,Woolworths Supermarket,Household,Hurricane Front Loader Liquid Lemon 2l,780300,$8.00,$4.00 / 1L,https://www.woolworths.com.au/shop/productdetails/780300/hurricane-front-loader-liquid-lemon,https://cdn0.woolworths.media/content/wowproductimages/medium/780300.jpg,2020-09-20 15:36:09,,0,,True
b8105fe1-01aa-4cd7-8350-bd0dbe2bcc0f,Woolworths Supermarket,Household,Earth Choice Front Loader Laundry Powder 2kg,780318,$11.00,$5.50 / 1KG,https://www.woolworths.com.au/shop/productdetails/780318/earth-choice-front-loader-laundry-powder,https://cdn0.woolworths.media/content/wowproductimages/medium/780318.jpg,2020-09-20 15:36:09,,0,,True
dae94050-4b2e-45eb-ba03-7de55ef4abc6,Woolworths Supermarket,Household,Earth Choice Front Loader Liquid 1l,780324,$6.00,$6.00 / 1L,https://www.woolworths.com.au/shop/productdetails/780324/earth-choice-front-loader-liquid,https://cdn0.woolworths.media/content/wowproductimages/medium/780324.jpg,2020-09-20 15:36:09,,0,Was $7.19 26/06/2017,True
3814a141-6cec-4a2b-8329-a52c1ab4b206,Woolworths Supermarket,Household,Cussons Radiant Front Loader Sharper Colour Laundry Powder 4kg,780466,$18.00,$4.50 / 1KG,https://www.woolworths.com.au/shop/productdetails/780466/cussons-radiant-front-loader-sharper-colour-laundry-powder,https://cdn0.woolworths.media/content/wowproductimages/medium/780466.jpg,2020-09-20 15:36:09,,0,Was $21.99 27/06/2016,True
7cb63784-4009-42a7-8ce8-b084c8e3393a,Woolworths Supermarket,Household,Inspire Non-stick 30cm Frypan each,782844,$10.00,,https://www.woolworths.com.au/shop/productdetails/782844/inspire-non-stick-30cm-frypan,https://cdn0.woolworths.media/content/wowproductimages/medium/782844.jpg,2020-09-20 15:36:09,,0,,True
e918cba9-4f65-4810-a4d7-5fed4d102b44,Woolworths Supermarket,Household,Inspire Non-stick 16cm Saucepan With Lid each,782846,$10.00,,https://www.woolworths.com.au/shop/productdetails/782846/inspire-non-stick-16cm-saucepan-with-lid,https://cdn0.woolworths.media/content/wowproductimages/medium/782846.jpg,2020-09-20 15:36:09,,0,,True
b9fbe8fa-c955-4833-80cb-0cfef08df4fb,Woolworths Supermarket,Household,Inspire Non-stick 20cm Saucepan With Lid each,782848,$14.00,,https://www.woolworths.com.au/shop/productdetails/782848/inspire-non-stick-20cm-saucepan-with-lid,https://cdn0.woolworths.media/content/wowproductimages/medium/782848.jpg,2020-09-20 15:36:09,,0,,True
19794ca2-a94d-48ad-b460-0302ea4ebb87,Woolworths Supermarket,Household,Earth Choice Top & Front Loader Liquid 4l,783347,$16.00,$4.00 / 1L,https://www.woolworths.com.au/shop/productdetails/783347/earth-choice-top-front-loader-liquid,https://cdn0.woolworths.media/content/wowproductimages/medium/783347.jpg,2020-09-20 15:36:09,,0,,True
5545148f-8c1e-4567-8ab9-06fdefb37e77,Woolworths Supermarket,Household,Earth Choice Top & Front Loader Liquid 2l,783362,$12.00,$6.00 / 1L,https://www.woolworths.com.au/shop/productdetails/783362/earth-choice-top-front-loader-liquid,https://cdn0.woolworths.media/content/wowproductimages/medium/783362.jpg,2020-09-20 15:36:09,,0,,True
daff1a3c-e98a-466b-a938-87c6e953ff07,Woolworths Supermarket,Household,3m Command Picture Hanging Strips Large Black each,783521,$7.50,$1.88 / 1EA,https://www.woolworths.com.au/shop/productdetails/783521/3m-command-picture-hanging-strips-large-black,https://cdn0.woolworths.media/content/wowproductimages/medium/783521.jpg,2020-09-20 15:36:09,,0,,True
eb50c9aa-dc15-40d4-9598-dd45e4c36d03,Woolworths Supermarket,Household,Kimmidoll Air Freshener each,783574,,,https://www.woolworths.com.au/shop/productdetails/783574/kimmidoll-air-freshener,https://cdn0.woolworths.media/content/wowproductimages/medium/783574.jpg,2020-09-20 15:36:09,,0,,False
44c88e0e-15dc-46ea-9372-491c8e7a5de4,Woolworths Supermarket,Household,Fluffy Divine Blends Ultra Fabric Softener Vanilla Coconut 900ml,785104,$7.00,$7.78 / 1L,https://www.woolworths.com.au/shop/productdetails/785104/fluffy-divine-blends-ultra-fabric-softener-vanilla-coconut,https://cdn0.woolworths.media/content/wowproductimages/medium/785104.jpg,2020-09-20 15:36:09,,0,,True
6e7ffdf6-bb79-4437-9a35-2a3a29839e06,Woolworths Supermarket,Household,Sorbent Toilet Tissue White 20 pack,785118,$8.00,$0.22 / 100SS,https://www.woolworths.com.au/shop/productdetails/785118/sorbent-toilet-tissue-white,https://cdn0.woolworths.media/content/wowproductimages/medium/785118.jpg,2020-09-20 15:36:09,,0,,True
3192f57e-6b19-4457-96eb-51824ae86bb1,Woolworths Supermarket,Household,Sorbent Toilet Tissue Hypo Allergenic 20 pack,785129,$8.00,$0.22 / 100SS,https://www.woolworths.com.au/shop/productdetails/785129/sorbent-toilet-tissue-hypo-allergenic,https://cdn0.woolworths.media/content/wowproductimages/medium/785129.jpg,2020-09-20 15:36:09,,0,,True
0e3f50c4-2521-4349-bce7-8376b2c4de86,Woolworths Supermarket,Household,Bic Kids Visa Colour Markers Xl 12 pack,785279,$4.90,,https://www.woolworths.com.au/shop/productdetails/785279/bic-kids-visa-colour-markers-xl,https://cdn0.woolworths.media/content/wowproductimages/medium/785279.jpg,2020-09-20 15:36:09,,0,,True
9acd097e-4bf8-48bf-a7d9-45ba5912b792,Woolworths Supermarket,Household,Bic Kids Crayons Turn & Colour 12 pack,785296,$4.00,,https://www.woolworths.com.au/shop/productdetails/785296/bic-kids-crayons-turn-colour,https://cdn0.woolworths.media/content/wowproductimages/medium/785296.jpg,2020-09-20 15:36:09,,0,,True
b8749608-07c6-4b19-901a-b8fa3db5bc20,Woolworths Supermarket,Household,Quilton Tuffy Paper Towel Triple Length 2 pack,785317,$6.00,$1.67 / 100SS,https://www.woolworths.com.au/shop/productdetails/785317/quilton-tuffy-paper-towel-triple-length,https://cdn0.woolworths.media/content/wowproductimages/medium/785317.jpg,2020-09-20 15:36:09,,0,Was $6.80 06/07/2020,True
55985f16-c9f0-4f90-ad79-f2981cc8d0bf,Woolworths Supermarket,Household,Adesso 6 Speed Hand Mixer each,785776,$19.00,,https://www.woolworths.com.au/shop/productdetails/785776/adesso-6-speed-hand-mixer,https://cdn0.woolworths.media/content/wowproductimages/medium/785776.jpg,2020-09-20 15:36:09,,0,,True
eee913b7-88f7-40da-86ef-45e8c9a2749b,Woolworths Supermarket,Household,Glen 20 Disinfectant Spray Summer Garden 300g,785900,$8.00,$2.67 / 100G,https://www.woolworths.com.au/shop/productdetails/785900/glen-20-disinfectant-spray-summer-garden,https://cdn0.woolworths.media/content/wowproductimages/medium/785900.jpg,2020-09-20 15:36:09,,0,,True
bdb2f7e8-2f8a-415d-ac92-5c5303230fc7,Woolworths Supermarket,Household,Glen 20 Disinfectant Spray Berry Breeze 300g,785902,$8.00,$2.67 / 100G,https://www.woolworths.com.au/shop/productdetails/785902/glen-20-disinfectant-spray-berry-breeze,https://cdn0.woolworths.media/content/wowproductimages/medium/785902.jpg,2020-09-20 15:36:09,,0,,True
69c2aff9-60e0-4f75-89b0-9736618fcac7,Woolworths Supermarket,Household,Glade Gel Decorative Lavender & Vanilla 170g,786049,$3.00,$0.18 / 10G,https://www.woolworths.com.au/shop/productdetails/786049/glade-gel-decorative-lavender-vanilla,https://cdn0.woolworths.media/content/wowproductimages/medium/786049.jpg,2020-09-20 15:36:09,,0,,True
eaac4693-6715-4b0f-9aa0-36342e972076,Woolworths Supermarket,Household,Duck Toilet Cleaner Fresh Disc Lavender Refill 72ml,786051,$8.00,$11.11 / 100ML,https://www.woolworths.com.au/shop/productdetails/786051/duck-toilet-cleaner-fresh-disc-lavender-refill,https://cdn0.woolworths.media/content/wowproductimages/medium/786051.jpg,2020-09-20 15:36:09,,0,Was $9.7 02/07/2018,True
ee7d3b72-6f3d-4829-b7d6-a2e1803c68a0,Woolworths Supermarket,Household,Glade Sense & Spray Automatic Spray Air Fresh Pmgranate&crnbry Rfl 12.2g,786059,$5.90,$4.84 / 10G,https://www.woolworths.com.au/shop/productdetails/786059/glade-sense-spray-automatic-spray-air-fresh-pmgranate-crnbry-rfl,https://cdn0.woolworths.media/content/wowproductimages/medium/786059.jpg,2020-09-20 15:36:09,,0,Was $6.25 27/03/2019,True
92ecf402-4300-48d0-bc96-6efdbc577d7e,Woolworths Supermarket,Household,Glade Gel Decorative Clean Linen 170g,786060,$3.00,$0.18 / 10G,https://www.woolworths.com.au/shop/productdetails/786060/glade-gel-decorative-clean-linen,https://cdn0.woolworths.media/content/wowproductimages/medium/786060.jpg,2020-09-20 15:36:09,,0,,True
82e7f8d0-bcc7-40a2-a1ff-eea97c7bf79f,Woolworths Supermarket,Household,Sellotape Tape Gift Dispenser each,787377,$3.20,,https://www.woolworths.com.au/shop/productdetails/787377/sellotape-tape-gift-dispenser,https://cdn0.woolworths.media/content/wowproductimages/medium/787377.jpg,2020-09-20 15:36:09,,0,,True
1819376b-42a5-40e6-9532-7adf72c63227,Woolworths Supermarket,Household,Essentials Tape Sticky Dispenser 18x25m each,787388,$2.00,,https://www.woolworths.com.au/shop/productdetails/787388/essentials-tape-sticky-dispenser-18x25m,https://cdn0.woolworths.media/content/wowproductimages/medium/787388.jpg,2020-09-20 15:36:09,,0,,True
50466af2-3f96-4391-9b1d-59d77790782d,Woolworths Supermarket,Household,Woolworths Plastic Bowls Mixed Colour 20 pack,787464,$3.00,$0.15 / 1EA,https://www.woolworths.com.au/shop/productdetails/787464/woolworths-plastic-bowls-mixed-colour,https://cdn0.woolworths.media/content/wowproductimages/medium/787464.jpg,2020-09-20 15:36:09,,0,Designs may vary,True
9c014040-9cce-4c52-afa9-2d6927e3a0e7,Woolworths Supermarket,Household,Woolworths Side Plates Mixed Colour 20 pack,787467,$3.50,$0.18 / 1EA,https://www.woolworths.com.au/shop/productdetails/787467/woolworths-side-plates-mixed-colour,https://cdn0.woolworths.media/content/wowproductimages/medium/787467.jpg,2020-09-20 15:36:09,,0,,True
9b4d589d-3468-4a55-957a-bf265295062b,Woolworths Supermarket,Household,Raid Insect Spray Earth Options 320g,788727,$7.00,$2.19 / 100G,https://www.woolworths.com.au/shop/productdetails/788727/raid-insect-spray-earth-options,https://cdn0.woolworths.media/content/wowproductimages/medium/788727.jpg,2020-09-20 15:36:09,,0,,True
0a3940a0-7561-423e-aff9-13a6cfdf67d8,Woolworths Supermarket,Household,Raid Insect Spray Ant Killer 375g,788751,$9.00,$2.40 / 100G,https://www.woolworths.com.au/shop/productdetails/788751/raid-insect-spray-ant-killer,https://cdn0.woolworths.media/content/wowproductimages/medium/788751.jpg,2020-09-20 15:36:09,,0,Was $10.00 24/09/2018,True
b35c573f-40af-4d35-b475-75aa936b06ef,Woolworths Supermarket,Household,Bosisto's Insect Spray Dust Mites Eucalyptus 200g,789017,$11.95,$5.98 / 100G,https://www.woolworths.com.au/shop/productdetails/789017/bosisto-s-insect-spray-dust-mites-eucalyptus,https://cdn0.woolworths.media/content/wowproductimages/medium/789017.jpg,2020-09-20 15:36:09,,0,,True
550545e3-b781-47b3-873d-8d1b6fc73995,Woolworths Supermarket,Household,Geelong Brush Broom Premium Outdoor Garden each,789023,,,https://www.woolworths.com.au/shop/productdetails/789023/geelong-brush-broom-premium-outdoor-garden,https://cdn0.woolworths.media/content/wowproductimages/medium/789023.jpg,2020-09-20 15:36:09,,0,Was $15.99 19/11/2018,False
535ca7da-e0b8-4a81-a900-918a6c053755,Woolworths Supermarket,Household,Essentials Microfibre Cloths Assorted 10 pack,789050,$4.49,$0.45 / 1EA,https://www.woolworths.com.au/shop/productdetails/789050/essentials-microfibre-cloths-assorted,https://cdn0.woolworths.media/content/wowproductimages/medium/789050.jpg,2020-09-20 15:36:09,,0,,True
e123109c-b898-42fd-ae55-272c944f358a,Woolworths Supermarket,Household,Essentials Paper Bowls Uncoated 20 pack,789144,$2.00,$0.10 / 1EA,https://www.woolworths.com.au/shop/productdetails/789144/essentials-paper-bowls-uncoated,https://cdn0.woolworths.media/content/wowproductimages/medium/789144.jpg,2020-09-20 15:36:09,,0,,True
44362946-e579-4404-a08b-e27706105510,Woolworths Supermarket,Household,Armada Lunch Serviettes 2ply White 50 pack,789404,$2.00,$0.04 / 1EA,https://www.woolworths.com.au/shop/productdetails/789404/armada-lunch-serviettes-2ply-white,https://cdn0.woolworths.media/content/wowproductimages/medium/789404.jpg,2020-09-20 15:36:09,,0,,True
75903d37-56b9-4163-b7e9-4e0919f21fdf,Woolworths Supermarket,Household,Talon Insect Control Ant Kill Gel 5g,789558,$8.00,$160.00 / 100G,https://www.woolworths.com.au/shop/productdetails/789558/talon-insect-control-ant-kill-gel,https://cdn0.woolworths.media/content/wowproductimages/medium/789558.jpg,2020-09-20 15:36:09,,0,,True
5468c676-aaaf-4b42-a4da-bd77f2af7302,Woolworths Supermarket,Household,Air Wick Pure Aerosol Fresh Berries 159g,789600,$3.50,$2.20 / 100G,https://www.woolworths.com.au/shop/productdetails/789600/air-wick-pure-aerosol-fresh-berries,https://cdn0.woolworths.media/content/wowproductimages/medium/789600.jpg,2020-09-20 15:36:09,,0,,True
c1aefaff-7706-4f82-b67e-d34e4a842eb8,Woolworths Supermarket,Household,Essentials Wonder Cloth 2 pack,789681,$3.49,$1.75 / 1EA,https://www.woolworths.com.au/shop/productdetails/789681/essentials-wonder-cloth,https://cdn0.woolworths.media/content/wowproductimages/medium/789681.jpg,2020-09-20 15:36:09,,0,,True
e35bc39e-2c98-4ee0-8b63-8ec431053a03,Woolworths Supermarket,Household,Essentials Cleaning Cloth 2 pack,789682,$1.99,$1.00 / 1EA,https://www.woolworths.com.au/shop/productdetails/789682/essentials-cleaning-cloth,https://cdn0.woolworths.media/content/wowproductimages/medium/789682.jpg,2020-09-20 15:36:09,,0,,True
385113a6-1caa-40ac-af2d-03ec44272c9b,Woolworths Supermarket,Household,Essentials Domestic Wipes Roll 50 pack,789683,$4.50,$0.09 / 1EA,https://www.woolworths.com.au/shop/productdetails/789683/essentials-domestic-wipes-roll,https://cdn0.woolworths.media/content/wowproductimages/medium/789683.jpg,2020-09-20 15:36:09,,0,Was $6.99 15/10/2018,True
04cd4aed-72af-4494-9d55-fba53775bedc,Woolworths Supermarket,Household,Woolworths Select Dish Brush each,789687,$1.50,$1.50 / 1EA,https://www.woolworths.com.au/shop/productdetails/789687/woolworths-select-dish-brush,https://cdn0.woolworths.media/content/wowproductimages/medium/789687.jpg,2020-09-20 15:36:09,,0,,True
1ef57c1a-e61b-440c-906c-7e92f8280192,Woolworths Supermarket,Household,Select Power Dish Brush each,789688,$3.00,$3.00 / 1EA,https://www.woolworths.com.au/shop/productdetails/789688/select-power-dish-brush,https://cdn0.woolworths.media/content/wowproductimages/medium/789688.jpg,2020-09-20 15:36:09,,0,,True
98413666-fdc7-448e-bcaa-e8e7946b7e22,Woolworths Supermarket,Household,Select 2 In 1 Dish Brush each,789690,$4.00,$4.00 / 1EA,https://www.woolworths.com.au/shop/productdetails/789690/select-2-in-1-dish-brush,https://cdn0.woolworths.media/content/wowproductimages/medium/789690.jpg,2020-09-20 15:36:09,,0,Was $4.71 25/08/2016,True
7bad727b-5666-45d1-b83e-5eb50e00903f,Woolworths Supermarket,Household,Illooms Balloons Led Light Up Faces 5 pack,789700,$6.00,$1.20 / 1EA,https://www.woolworths.com.au/shop/productdetails/789700/illooms-balloons-led-light-up-faces,https://cdn0.woolworths.media/content/wowproductimages/medium/789700.jpg,2020-09-20 15:36:09,,0,,True
c7759944-fd6f-426b-a8f0-462859758ef5,Woolworths Supermarket,Household,Illooms Led Light Up Balloons Happy Birthday 5 pack,789725,$6.00,$1.20 / 1EA,https://www.woolworths.com.au/shop/productdetails/789725/illooms-led-light-up-balloons-happy-birthday,https://cdn0.woolworths.media/content/wowproductimages/medium/789725.jpg,2020-09-20 15:36:09,,0,,True
0c04209d-8ed6-4839-b08a-2514eb265d06,Woolworths Supermarket,Household,Woolworths Party Costume Glow Sticks 4 pack,789748,$4.00,$1.00 / 1EA,https://www.woolworths.com.au/shop/productdetails/789748/woolworths-party-costume-glow-sticks,https://cdn0.woolworths.media/content/wowproductimages/medium/789748.jpg,2020-09-20 15:36:09,,0,,True
739c7f14-911b-47c9-bb62-5ca8168c5307,Woolworths Supermarket,Household,Woolworths Party Costume Glow Sword Wand each,789767,$2.00,,https://www.woolworths.com.au/shop/productdetails/789767/woolworths-party-costume-glow-sword-wand,https://cdn0.woolworths.media/content/wowproductimages/medium/789767.jpg,2020-09-20 15:36:09,,0,,True
406b746a-3ec5-4b94-9835-939ae8fd2495,Woolworths Supermarket,Household,Woolworths Party Glow Mega Party Pack 36 pack,789768,$10.00,$0.28 / 1EA,https://www.woolworths.com.au/shop/productdetails/789768/woolworths-party-glow-mega-party-pack,https://cdn0.woolworths.media/content/wowproductimages/medium/789768.jpg,2020-09-20 15:36:09,,0,,True
03aae022-356d-426a-b7c6-d9a9ee96df5b,Woolworths Supermarket,Household,Party Costume Glow Bracelets 10 pack,789770,$4.00,$0.40 / 1EA,https://www.woolworths.com.au/shop/productdetails/789770/party-costume-glow-bracelets,https://cdn0.woolworths.media/content/wowproductimages/medium/789770.jpg,2020-09-20 15:36:09,,0,,True
4d6dc4f2-6a36-4c69-9bbb-6fcf2f0ae966,Woolworths Supermarket,Household,Party Costume Glow Neckalces 4 pack,789781,$4.00,,https://www.woolworths.com.au/shop/productdetails/789781/party-costume-glow-neckalces,https://cdn0.woolworths.media/content/wowproductimages/medium/789781.jpg,2020-09-20 15:36:09,,0,,True
92cfec6f-792d-4024-bd0e-c709a8ceb5a2,Woolworths Supermarket,Household,Vileda Mop Easy Wring And Clean Refill each,789872,$11.50,$11.50 / 1EA,https://www.woolworths.com.au/shop/productdetails/789872/vileda-mop-easy-wring-and-clean-refill,https://cdn0.woolworths.media/content/wowproductimages/medium/789872.jpg,2020-09-20 15:36:09,,0,,True
605c932c-b1f1-4177-a7c9-71d46f65bc5a,Woolworths Supermarket,Household,Ansell Gloves Handy Fresh Disposable Large 100 pack,789884,$18.00,$0.18 / 1EA,https://www.woolworths.com.au/shop/productdetails/789884/ansell-gloves-handy-fresh-disposable-large,https://cdn0.woolworths.media/content/wowproductimages/medium/789884.jpg,2020-09-20 15:36:09,,0,,True
a21c830a-5cb1-4667-9e67-85c86cc10cda,Woolworths Supermarket,Household,Ansell Gloves Long Cuff Disposable 20 pack,789914,$6.00,$0.30 / 1EA,https://www.woolworths.com.au/shop/productdetails/789914/ansell-gloves-long-cuff-disposable,https://cdn0.woolworths.media/content/wowproductimages/medium/789914.jpg,2020-09-20 15:36:09,,0,,True
5e1aaf2f-626c-4016-9a07-a064d440592c,Woolworths Supermarket,Household,Armada Dinner Serviettes 2 Ply White 50 pack,790070,$4.00,$0.08 / 1EA,https://www.woolworths.com.au/shop/productdetails/790070/armada-dinner-serviettes-2-ply-white,https://cdn0.woolworths.media/content/wowproductimages/medium/790070.jpg,2020-09-20 15:36:09,,0,,True
0e9abb13-fe3d-49bd-8fdb-6dc3ef8b746c,Woolworths Supermarket,Household,Woolworths Select Coffee Cups 350ml 16 pack,790259,$8.00,$0.50 / 1EA,https://www.woolworths.com.au/shop/productdetails/790259/woolworths-select-coffee-cups-350ml,https://cdn0.woolworths.media/content/wowproductimages/medium/790259.jpg,2020-09-20 15:36:09,,0,,True
b341648c-d3af-4e7a-ba79-726aaa1e3c15,Woolworths Supermarket,Household,Woolworths Select Plates Mixed Colour 20 pack,790329,$4.50,$0.23 / 1EA,https://www.woolworths.com.au/shop/productdetails/790329/woolworths-select-plates-mixed-colour,https://cdn0.woolworths.media/content/wowproductimages/medium/790329.jpg,2020-09-20 15:36:09,,0,Designs may vary,True
e505e2a7-58ed-4638-844f-0c5cd84fa37f,Woolworths Supermarket,Household,Woolworths Plastic Plates Large Mixed Colour 20 pack,790451,$7.00,$0.35 / 1EA,https://www.woolworths.com.au/shop/productdetails/790451/woolworths-plastic-plates-large-mixed-colour,https://cdn0.woolworths.media/content/wowproductimages/medium/790451.jpg,2020-09-20 15:36:09,,0,Designs may vary,True
c71d30d1-787b-4cde-a1a5-4468ff0f6d1c,Woolworths Supermarket,Household,Inspire Non-stick 20cm Frypan each,790491,$6.00,,https://www.woolworths.com.au/shop/productdetails/790491/inspire-non-stick-20cm-frypan,https://cdn0.woolworths.media/content/wowproductimages/medium/790491.jpg,2020-09-20 15:36:09,,0,,True
c56d0ead-ad4f-47e0-8948-2570c56d05da,Woolworths Supermarket,Household,Woolworths Essentials Stainless Steel Basic Grater each,790604,$6.00,,https://www.woolworths.com.au/shop/productdetails/790604/woolworths-essentials-stainless-steel-basic-grater,https://cdn0.woolworths.media/content/wowproductimages/medium/790604.jpg,2020-09-20 15:36:09,,0,,True
ec1206c6-0f94-4fd7-a968-0627c897fbd4,Woolworths Supermarket,Household,Magic Stainless Steel Wipes Magic Wipes 20 pack,790904,$6.00,$0.30 / 1EA,https://www.woolworths.com.au/shop/productdetails/790904/magic-stainless-steel-wipes-magic-wipes,https://cdn0.woolworths.media/content/wowproductimages/medium/790904.jpg,2020-09-20 15:36:09,,0,,True
be6b359f-71f4-4cd8-a22f-2f28b406da6b,Woolworths Supermarket,Household,Pine O Cleen Disinfectant Spray Lemon Lime 750ml,790906,$5.00,$0.67 / 100ML,https://www.woolworths.com.au/shop/productdetails/790906/pine-o-cleen-disinfectant-spray-lemon-lime,https://cdn0.woolworths.media/content/wowproductimages/medium/790906.jpg,2020-09-20 15:36:09,,0,,True
72c53037-bc3e-4b1f-a5cd-c4c2056fecf2,Woolworths Supermarket,Household,Pine O Cleen Disinfectant Floor Cleaner Pomegranate 1l,790909,$5.00,$0.50 / 100ML,https://www.woolworths.com.au/shop/productdetails/790909/pine-o-cleen-disinfectant-floor-cleaner-pomegranate,https://cdn0.woolworths.media/content/wowproductimages/medium/790909.jpg,2020-09-20 15:36:09,,0,,True
0ca64ade-d28d-4f59-a6e5-6c92498bbfe6,Woolworths Supermarket,Household,Pine O Cleen Disinfectant Spray Apple Crisp 750ml,790915,$5.00,$0.67 / 100ML,https://www.woolworths.com.au/shop/productdetails/790915/pine-o-cleen-disinfectant-spray-apple-crisp,https://cdn0.woolworths.media/content/wowproductimages/medium/790915.jpg,2020-09-20 15:36:09,,0,,True
7932cef2-5bf3-4857-8949-81fe38d2e1fa,Woolworths Supermarket,Household,Ajax Professional Mould Power Household Cleaner Trigger 500ml,790962,$2.90,$0.58 / 100ML,https://www.woolworths.com.au/shop/productdetails/790962/ajax-professional-mould-power-household-cleaner-trigger,https://cdn0.woolworths.media/content/wowproductimages/medium/790962.jpg,2020-09-20 15:36:09,,0,,True
c01903dc-5eb3-4e26-a981-821ef8be446e,Woolworths Supermarket,Household,Dr Beckmann Floor Carpet Stain Remover 650ml,790964,$8.00,$1.23 / 100ML,https://www.woolworths.com.au/shop/productdetails/790964/dr-beckmann-floor-carpet-stain-remover,https://cdn0.woolworths.media/content/wowproductimages/medium/790964.jpg,2020-09-20 15:36:09,,0,,True
2a019c4b-f776-4d8d-9210-bf6ddb25053b,Woolworths Supermarket,Household,Sparkle Daily Shower Cleaner Spring Fresh 750ml,790987,$5.00,$0.67 / 100ML,https://www.woolworths.com.au/shop/productdetails/790987/sparkle-daily-shower-cleaner-spring-fresh,https://cdn0.woolworths.media/content/wowproductimages/medium/790987.jpg,2020-09-20 15:36:09,,0,,True
9b496ac3-dd94-481c-ae04-45df5a95e214,Woolworths Supermarket,Household,Oakwood Leather Wipes 16 pack,791333,$2.75,,https://www.woolworths.com.au/shop/productdetails/791333/oakwood-leather-wipes,https://cdn0.woolworths.media/content/wowproductimages/medium/791333.jpg,2020-09-20 15:36:09,,0,,True
48f3d6ae-578c-4e47-b8bf-0eee79be469a,Woolworths Supermarket,Household,Maseur Footcare Mens Ultra Gel Insole 1 pair,791390,$15.00,,https://www.woolworths.com.au/shop/productdetails/791390/maseur-footcare-mens-ultra-gel-insole,https://cdn0.woolworths.media/content/wowproductimages/medium/791390.jpg,2020-09-20 15:36:09,,0,,True
b1c56fbb-6b8b-49db-beb6-7f2580425a2f,Woolworths Supermarket,Household,Maseur Footcare Woman Ultra Gel Insole 1 pair,791401,$15.00,,https://www.woolworths.com.au/shop/productdetails/791401/maseur-footcare-woman-ultra-gel-insole,https://cdn0.woolworths.media/content/wowproductimages/medium/791401.jpg,2020-09-20 15:36:09,,0,,True
e741b24e-cdd8-474b-a2da-5b0b050157a2,Woolworths Supermarket,Household,Kiwi Shoe Care Laces Black 75cm each,791560,$2.00,,https://www.woolworths.com.au/shop/productdetails/791560/kiwi-shoe-care-laces-black-75cm,https://cdn0.woolworths.media/content/wowproductimages/medium/791560.jpg,2020-09-20 15:36:09,,0,,True
53c89069-612c-4d98-9d40-5596851dbb08,Woolworths Supermarket,Household,Kiwi Shoe Care Laces Brown 69cm 2pk,791567,$2.00,$1.00 / 1EA,https://www.woolworths.com.au/shop/productdetails/791567/kiwi-shoe-care-laces-brown-69cm,https://cdn0.woolworths.media/content/wowproductimages/medium/791567.jpg,2020-09-20 15:36:09,,0,,True
a6f9d153-91de-4f40-9e22-f7840bd852ec,Woolworths Supermarket,Household,Woolworths Lunch Serviettes 2ply Red 50 pack,791634,$3.00,$0.06 / 1EA,https://www.woolworths.com.au/shop/productdetails/791634/woolworths-lunch-serviettes-2ply-red,https://cdn0.woolworths.media/content/wowproductimages/medium/791634.jpg,2020-09-20 15:36:09,,0,,True
165bb5d4-3a4f-4a0b-99a9-bd4c950c1f33,Woolworths Supermarket,Household,Essentials Paper Plate Uncoated 20 pack,792009,$1.50,$0.08 / 1EA,https://www.woolworths.com.au/shop/productdetails/792009/essentials-paper-plate-uncoated,https://cdn0.woolworths.media/content/wowproductimages/medium/792009.jpg,2020-09-20 15:36:09,,0,,True
7e7e9daa-5e68-431f-8565-6ebccfbbf9af,Woolworths Supermarket,Household,Essentials Cup Paper 25 pack,792010,$3.00,$0.12 / 1EA,https://www.woolworths.com.au/shop/productdetails/792010/essentials-cup-paper,https://cdn0.woolworths.media/content/wowproductimages/medium/792010.jpg,2020-09-20 15:36:09,,0,,True
0cdfae2e-6242-473e-8a36-cfea1b3a82ae,Woolworths Supermarket,Household,Essentials Paper Side Uncoated 20 pack,792032,$1.50,$0.08 / 1EA,https://www.woolworths.com.au/shop/productdetails/792032/essentials-paper-side-uncoated,https://cdn0.woolworths.media/content/wowproductimages/medium/792032.jpg,2020-09-20 15:36:09,,0,,True
2d4bc154-bea0-44bd-8f12-5960ecff3de4,Woolworths Supermarket,Household,Kiwi Shoe Care Sports Whitener 75ml,792091,$4.85,$6.47 / 100ML,https://www.woolworths.com.au/shop/productdetails/792091/kiwi-shoe-care-sports-whitener,https://cdn0.woolworths.media/content/wowproductimages/medium/792091.jpg,2020-09-20 15:36:09,,0,,True
fc711d5c-27d5-4a29-a097-baf3eb7ef205,Woolworths Supermarket,Household,Paperclick Comfort Earphones each,792146,$6.00,,https://www.woolworths.com.au/shop/productdetails/792146/paperclick-comfort-earphones,https://cdn0.woolworths.media/content/wowproductimages/medium/792146.jpg,2020-09-20 15:36:09,,0,,True
8e108ffc-6f94-45be-a6b2-b81238845ac0,Woolworths Supermarket,Household,Decor Cook Refillable Oil Sprayer each,792483,$12.00,,https://www.woolworths.com.au/shop/productdetails/792483/decor-cook-refillable-oil-sprayer,https://cdn0.woolworths.media/content/wowproductimages/medium/792483.jpg,2020-09-20 15:36:09,,0,,True
7705198f-1ef1-4fdc-933c-65ab07bd7b51,Woolworths Supermarket,Household,Philips Led Globe Warm White 806 Lumen Bc Base each,792568,$8.00,$8.00 / 1EA,https://www.woolworths.com.au/shop/productdetails/792568/philips-led-globe-warm-white-806-lumen-bc-base,https://cdn0.woolworths.media/content/wowproductimages/medium/792568.jpg,2020-09-20 15:36:09,,0,Was $10.00 26/06/2019,True
e73b7b38-9313-4869-b7e1-3554e3572b5c,Woolworths Supermarket,Household,Philips Led 806 Lumen Light Bulb Warm White each,792577,$8.00,$8.00 / 1EA,https://www.woolworths.com.au/shop/productdetails/792577/philips-led-806-lumen-light-bulb-warm-white,https://cdn0.woolworths.media/content/wowproductimages/medium/792577.jpg,2020-09-20 15:36:09,,0,Was $10.00 26/06/2019,True
64ad4fa4-62a3-4596-b150-46b8ac87b481,Woolworths Supermarket,Household,Philips Led 806 Lumen Light Bulb Cool Daylight each,792578,$8.00,$8.00 / 1EA,https://www.woolworths.com.au/shop/productdetails/792578/philips-led-806-lumen-light-bulb-cool-daylight,https://cdn0.woolworths.media/content/wowproductimages/medium/792578.jpg,2020-09-20 15:36:09,,0,Was $10.00 26/06/2019,True
1599c830-153e-425d-97ba-7ba7aa9f494a,Woolworths Supermarket,Household,Binkill Insect Control 10.5g,794903,$9.50,$9.05 / 10G,https://www.woolworths.com.au/shop/productdetails/794903/binkill-insect-control,https://cdn0.woolworths.media/content/wowproductimages/medium/794903.jpg,2020-09-20 15:36:09,,0,,True
484eaf8c-5c65-488c-88cb-58a64d6a19f2,Woolworths Supermarket,Household,Energizer Advanced 9v Batteries 2 pack,795312,$14.00,$7.00 / 1EA,https://www.woolworths.com.au/shop/productdetails/795312/energizer-advanced-9v-batteries,https://cdn0.woolworths.media/content/wowproductimages/medium/795312.jpg,2020-09-20 15:36:09,,0,,True
160bdc81-0661-455d-add9-15ce99e237a5,Woolworths Supermarket,Household,Underworks Women's Invisible Socks 2 pack,795825,$6.00,$3.00 / 1EA,https://www.woolworths.com.au/shop/productdetails/795825/underworks-women-s-invisible-socks,https://cdn0.woolworths.media/content/wowproductimages/medium/795825.jpg,2020-09-20 15:36:09,,0,,True
6f6610fe-3101-40a5-a2c0-23eb631ea3fd,Woolworths Supermarket,Household,Underworks Men's Invisible Socks 2 pack,795868,$7.00,$3.50 / 1EA,https://www.woolworths.com.au/shop/productdetails/795868/underworks-men-s-invisible-socks,https://cdn0.woolworths.media/content/wowproductimages/medium/795868.jpg,2020-09-20 15:36:09,,0,,True
335333e7-ff26-40f1-ad48-82738e3882c3,Woolworths Supermarket,Household,Edco Handy Sponge 5 pack,797224,$2.70,$0.54 / 1EA,https://www.woolworths.com.au/shop/productdetails/797224/edco-handy-sponge,https://cdn0.woolworths.media/content/wowproductimages/medium/797224.jpg,2020-09-20 15:36:09,,0,Was $3.00 13/02/2017,True
b3f571eb-add0-4beb-8d1c-be1a19567c45,Woolworths Supermarket,Household,Inspire Microfibre Fitted Sheet Set Single Bed each,798224,$12.00,,https://www.woolworths.com.au/shop/productdetails/798224/inspire-microfibre-fitted-sheet-set-single-bed,https://cdn0.woolworths.media/content/wowproductimages/medium/798224.jpg,2020-09-20 15:36:09,,0,,True
466aafd8-cdb4-49d1-b41e-17abcaf82c3f,Woolworths Supermarket,Household,Inspire Peva Shower Curtain each,798358,$10.00,,https://www.woolworths.com.au/shop/productdetails/798358/inspire-peva-shower-curtain,https://cdn0.woolworths.media/content/wowproductimages/medium/798358.jpg,2020-09-20 15:36:09,,0,,True
3ef9582c-3fed-4a10-ac6e-5751ec43497b,Woolworths Supermarket,Household,Inspire Premium Face Washer Charcoal 2 pack,798623,$8.40,,https://www.woolworths.com.au/shop/productdetails/798623/inspire-premium-face-washer-charcoal,https://cdn0.woolworths.media/content/wowproductimages/medium/798623.jpg,2020-09-20 15:36:09,,0,,True
a70d677b-5c35-4fd2-9092-c482490f75cd,Woolworths Supermarket,Household,Inspire Premium Hand Towel Charcoal each,798626,$8.40,,https://www.woolworths.com.au/shop/productdetails/798626/inspire-premium-hand-towel-charcoal,https://cdn0.woolworths.media/content/wowproductimages/medium/798626.jpg,2020-09-20 15:36:09,,0,,True
db704cb0-672a-4d69-8d17-e7593ac71998,Woolworths Supermarket,Household,Smash Gel Ice Brick each,800163,$3.00,,https://www.woolworths.com.au/shop/productdetails/800163/smash-gel-ice-brick,https://cdn0.woolworths.media/content/wowproductimages/medium/800163.jpg,2020-09-20 15:36:09,,0,,True
62797015-c3a0-4c41-b02b-0ddb5b100d75,Woolworths Supermarket,Household,Eveready Dolphin Pico 1aa Light each,800621,$9.00,$9.00 / 1EA,https://www.woolworths.com.au/shop/productdetails/800621/eveready-dolphin-pico-1aa-light,https://cdn0.woolworths.media/content/wowproductimages/medium/800621.jpg,2020-09-20 15:36:09,,0,,True
8f384690-1d9f-4c28-9460-dd7c2fe1cd4d,Woolworths Supermarket,Household,Yates Thrive Houseplant Liquid Plant Food 500ml,801204,$10.00,$2.00 / 100ML,https://www.woolworths.com.au/shop/productdetails/801204/yates-thrive-houseplant-liquid-plant-food,https://cdn0.woolworths.media/content/wowproductimages/medium/801204.jpg,2020-09-20 15:36:09,,0,,True
61551dac-6512-4442-b7d0-328c51c11960,Woolworths Supermarket,Household,Vevelle Select White Toilet Tissue 3ply 190 Sheets 4 pack,801786,$2.50,$0.33 / 100SS,https://www.woolworths.com.au/shop/productdetails/801786/vevelle-select-white-toilet-tissue-3ply-190-sheets,https://cdn0.woolworths.media/content/wowproductimages/medium/801786.jpg,2020-09-20 15:36:09,,0,,True
4f3a395f-2460-47b5-87fa-df6331a9983c,Woolworths Supermarket,Household,Easy-off Bam Soap Scum & Shine Trigger 500ml,802100,$4.00,$0.80 / 100ML,https://www.woolworths.com.au/shop/productdetails/802100/easy-off-bam-soap-scum-shine-trigger,https://cdn0.woolworths.media/content/wowproductimages/medium/802100.jpg,2020-09-20 15:36:09,,0,,True
8d9416ad-81dd-4d53-9a5b-0a95599acba3,Woolworths Supermarket,Household,Barbie Career Doll Assortment Assorted each,802167,$13.00,,https://www.woolworths.com.au/shop/productdetails/802167/barbie-career-doll-assortment-assorted,https://cdn0.woolworths.media/content/wowproductimages/medium/802167.jpg,2020-09-20 15:36:09,,0,Designs may vary,True
93ceb890-f97e-495c-81ab-919a4d931991,Woolworths Supermarket,Household,Wiltshire Classico Stemless Glasses 435ml 4 pack,802439,$15.00,,https://www.woolworths.com.au/shop/productdetails/802439/wiltshire-classico-stemless-glasses-435ml,https://cdn0.woolworths.media/content/wowproductimages/medium/802439.jpg,2020-09-20 15:36:09,,0,,True
14eec79f-3e47-41d1-b74d-c9106a775f61,Woolworths Supermarket,Household,Sard Wonder Deo & Sweat Trigger Spray 420ml,802513,$4.00,$9.52 / 1L,https://www.woolworths.com.au/shop/productdetails/802513/sard-wonder-deo-sweat-trigger-spray,https://cdn0.woolworths.media/content/wowproductimages/medium/802513.jpg,2020-09-20 15:36:09,,0,Was $4.85 18/04/2017,True
4ee9e448-9b21-49ed-bfab-7bc16fb26be2,Woolworths Supermarket,Household,Wiltshire Red Wine Glasses 395ml 4 pack,802549,$15.00,,https://www.woolworths.com.au/shop/productdetails/802549/wiltshire-red-wine-glasses-395ml,https://cdn0.woolworths.media/content/wowproductimages/medium/802549.jpg,2020-09-20 15:36:09,,0,,True
0f404ba5-3210-4d6d-bbf3-3effbef0bb91,Woolworths Supermarket,Household,Wiltshire Classico Champagne Flute 175ml 4 pack,802602,$15.00,,https://www.woolworths.com.au/shop/productdetails/802602/wiltshire-classico-champagne-flute-175ml,https://cdn0.woolworths.media/content/wowproductimages/medium/802602.jpg,2020-09-20 15:36:09,,0,,True
8416ea73-e26d-411c-a212-e79118d4cbd4,Woolworths Supermarket,Household,Vanish Napisan Gold Pro White Stain Remover Powder 900g,802649,$12.00,$13.33 / 1KG,https://www.woolworths.com.au/shop/productdetails/802649/vanish-napisan-gold-pro-white-stain-remover-powder,https://cdn0.woolworths.media/content/wowproductimages/medium/802649.jpg,2020-09-20 15:36:09,,0,,True
793c11da-5eab-418e-9b4f-0aba0cd2860f,Woolworths Supermarket,Household,Vanish Napisan Gold Pro Stain Remover Powder 900g,802691,$12.00,$13.33 / 1KG,https://www.woolworths.com.au/shop/productdetails/802691/vanish-napisan-gold-pro-stain-remover-powder,https://cdn0.woolworths.media/content/wowproductimages/medium/802691.jpg,2020-09-20 15:36:09,,0,,True
f68e7613-ec08-44f7-969b-41bc7d7c21ac,Woolworths Supermarket,Household,Vanish Preen Gold Oxiaction Spray Refill 375ml,802693,$4.50,$12.00 / 1L,https://www.woolworths.com.au/shop/productdetails/802693/vanish-preen-gold-oxiaction-spray-refill,https://cdn0.woolworths.media/content/wowproductimages/medium/802693.jpg,2020-09-20 15:36:09,,0,,True
893c25e3-7be0-4a50-9733-346c1f55906c,Woolworths Supermarket,Household,Magic Stain Remover 250ml,802803,$8.00,$32.00 / 1L,https://www.woolworths.com.au/shop/productdetails/802803/magic-stain-remover,https://cdn0.woolworths.media/content/wowproductimages/medium/802803.jpg,2020-09-20 15:36:09,,0,,True
d79c2f5a-19f5-4bb6-b455-2e87946b10c0,Woolworths Supermarket,Household,Biozet Attack Plus Eliminator 2kg,802923,$22.00,$11.00 / 1KG,https://www.woolworths.com.au/shop/productdetails/802923/biozet-attack-plus-eliminator,https://cdn0.woolworths.media/content/wowproductimages/medium/802923.jpg,2020-09-20 15:36:09,,0,,True
94ed3b20-2ee3-4283-8881-ef1f673c8953,Woolworths Supermarket,Household,Vanish Napisan Gold Pro Stain Remover Powder 1.8kg,802964,$22.00,$12.22 / 1KG,https://www.woolworths.com.au/shop/productdetails/802964/vanish-napisan-gold-pro-stain-remover-powder,https://cdn0.woolworths.media/content/wowproductimages/medium/802964.jpg,2020-09-20 15:36:09,,0,,True
7270a3ef-2f15-49ae-91b9-0f03db3c066e,Woolworths Supermarket,Household,Magic Stain Remover Pen 10ml,802973,$5.00,$5.00 / 1EA,https://www.woolworths.com.au/shop/productdetails/802973/magic-stain-remover-pen,https://cdn0.woolworths.media/content/wowproductimages/medium/802973.jpg,2020-09-20 15:36:09,,0,,True
f545ed7a-fe5e-4906-84e9-88189eca987c,Woolworths Supermarket,Household,Vanish Napisan Gold Pro White Stain Remover Powder 1.8kg,802977,$22.00,$12.22 / 1KG,https://www.woolworths.com.au/shop/productdetails/802977/vanish-napisan-gold-pro-white-stain-remover-powder,https://cdn0.woolworths.media/content/wowproductimages/medium/802977.jpg,2020-09-20 15:36:09,,0,,True
a6e739ef-2724-4b5f-b64a-442d42b915fc,Woolworths Supermarket,Household,Vanish Napisan Gold Pro Stain Remover Powder 2.7kg,802978,$30.00,$11.11 / 1KG,https://www.woolworths.com.au/shop/productdetails/802978/vanish-napisan-gold-pro-stain-remover-powder,https://cdn0.woolworths.media/content/wowproductimages/medium/802978.jpg,2020-09-20 15:36:09,,0,,True
3bb7060a-6a17-4847-81a0-c4bc039f718f,Woolworths Supermarket,Household,Sonic B Bold Metal Wired Earphones each,803384,$15.00,,https://www.woolworths.com.au/shop/productdetails/803384/sonic-b-bold-metal-wired-earphones,https://cdn0.woolworths.media/content/wowproductimages/medium/803384.jpg,2020-09-20 15:36:09,,0,,True
a45e35a0-edc7-448c-aa3b-be4e90376eba,Woolworths Supermarket,Household,Sonic B Suave Wireless Bluetooth Earphones each,803388,$21.00,,https://www.woolworths.com.au/shop/productdetails/803388/sonic-b-suave-wireless-bluetooth-earphones,https://cdn0.woolworths.media/content/wowproductimages/medium/803388.jpg,2020-09-20 15:36:09,,0,,True
a68c984c-76d9-4f5a-8f3c-1dbf2e7f09ba,Woolworths Supermarket,Household,Sonic B Keen Wireless Bluetooth Headphones each,803458,$28.00,,https://www.woolworths.com.au/shop/productdetails/803458/sonic-b-keen-wireless-bluetooth-headphones,https://cdn0.woolworths.media/content/wowproductimages/medium/803458.jpg,2020-09-20 15:36:09,,0,,True
68c96d47-07a7-4d62-aaf0-51095c7a3137,Woolworths Supermarket,Household,Biozet Attack Plus Eliminator 2l,803466,$22.00,$11.00 / 1L,https://www.woolworths.com.au/shop/productdetails/803466/biozet-attack-plus-eliminator,https://cdn0.woolworths.media/content/wowproductimages/medium/803466.jpg,2020-09-20 15:36:09,,0,,True
7a88f896-479b-4cbf-b858-556cc9884cc9,Woolworths Supermarket,Household,Lexar High Performance 633x Sdmi Card 32gb each,803469,$25.00,,https://www.woolworths.com.au/shop/productdetails/803469/lexar-high-performance-633x-sdmi-card-32gb,https://cdn0.woolworths.media/content/wowproductimages/medium/803469.jpg,2020-09-20 15:36:09,,0,,True
004c83d9-9b16-47ec-9a0f-4023b844e02d,Woolworths Supermarket,Household,Lexar Usb 2.0 S50 32gb each,803490,$17.00,,https://www.woolworths.com.au/shop/productdetails/803490/lexar-usb-2-0-s50-32gb,https://cdn0.woolworths.media/content/wowproductimages/medium/803490.jpg,2020-09-20 15:36:09,,0,,True
bf6b3a1d-3629-4ef8-b28d-3812bdbb7897,Woolworths Supermarket,Household,Underworks Ladies Secret Sock Assorted Colours 5 pack,803669,$10.00,,https://www.woolworths.com.au/shop/productdetails/803669/underworks-ladies-secret-sock-assorted-colours,https://cdn0.woolworths.media/content/wowproductimages/medium/803669.jpg,2020-09-20 15:36:09,,0,,True
a9f05196-f136-4502-a13a-1f6b34a8fee9,Woolworths Supermarket,Household,Underworks Ladies Cushioned Socks No Show 5 pack,803678,$10.00,,https://www.woolworths.com.au/shop/productdetails/803678/underworks-ladies-cushioned-socks-no-show,https://cdn0.woolworths.media/content/wowproductimages/medium/803678.jpg,2020-09-20 15:36:09,,0,,True
125c8811-d95b-474a-83b3-2960e167931a,Woolworths Supermarket,Household,Omo Laundry Liquid Triple Capsules Active 30 pack,804121,$24.00,$0.80 / 1EA,https://www.woolworths.com.au/shop/productdetails/804121/omo-laundry-liquid-triple-capsules-active,https://cdn0.woolworths.media/content/wowproductimages/medium/804121.jpg,2020-09-20 15:36:09,,0,,True
cade28fd-11c1-4de9-ac97-2f426f52590d,Woolworths Supermarket,Household,Bref Blue Active 4in1 Flower Blossom 2 pack,805171,$7.00,$7.00 / 100G,https://www.woolworths.com.au/shop/productdetails/805171/bref-blue-active-4in1-flower-blossom,https://cdn0.woolworths.media/content/wowproductimages/medium/805171.jpg,2020-09-20 15:36:09,,0,,True
078e415a-5148-484b-b76a-1ce2d413de1d,Woolworths Supermarket,Household,Paramount Mission Impossible: Fallout Dvd each,805318,$13.00,,https://www.woolworths.com.au/shop/productdetails/805318/paramount-mission-impossible-fallout-dvd,https://cdn0.woolworths.media/content/wowproductimages/medium/805318.jpg,2020-09-20 15:36:09,,0,,True
e5be8ec3-2498-4404-b116-bd54ac34cc05,Woolworths Supermarket,Household,Duck Deep Action Gel Citrus 750ml,805480,$3.50,$0.47 / 100ML,https://www.woolworths.com.au/shop/productdetails/805480/duck-deep-action-gel-citrus,https://cdn0.woolworths.media/content/wowproductimages/medium/805480.jpg,2020-09-20 15:36:09,,0,,True
6b55ec53-cdbb-4339-b139-3039a134b01a,Woolworths Supermarket,Household,Duck Deep Action Gel Pine 750ml,805484,$3.50,$0.47 / 100ML,https://www.woolworths.com.au/shop/productdetails/805484/duck-deep-action-gel-pine,https://cdn0.woolworths.media/content/wowproductimages/medium/805484.jpg,2020-09-20 15:36:09,,0,,True
338aab9c-f782-4b9d-8f25-2298f84fa0b0,Woolworths Supermarket,Household,Duck Deep Action Gel Lavender 750ml,805633,$3.50,$0.47 / 100ML,https://www.woolworths.com.au/shop/productdetails/805633/duck-deep-action-gel-lavender,https://cdn0.woolworths.media/content/wowproductimages/medium/805633.jpg,2020-09-20 15:36:09,,0,,True
2f6f4200-5c1b-4376-996e-82acc4a7bb24,Woolworths Supermarket,Household,Duck Foaming Bleach Gel Marine 750ml,805636,$3.50,$0.47 / 100ML,https://www.woolworths.com.au/shop/productdetails/805636/duck-foaming-bleach-gel-marine,https://cdn0.woolworths.media/content/wowproductimages/medium/805636.jpg,2020-09-20 15:36:09,,0,,True
235c1ae0-9f5d-4578-93c0-20a0cdd017ff,Woolworths Supermarket,Household,Duck Deep Action Gel Limited Edition 750ml,805847,$3.50,$0.47 / 100ML,https://www.woolworths.com.au/shop/productdetails/805847/duck-deep-action-gel-limited-edition,https://cdn0.woolworths.media/content/wowproductimages/medium/805847.jpg,2020-09-20 15:36:09,,0,,True
7bf9e2d4-6c7d-498e-bcdc-61d095d3b86b,Woolworths Supermarket,Household,Hatchimals Colleggtibles 2 Eggs + Nest each,806276,$10.00,,https://www.woolworths.com.au/shop/productdetails/806276/hatchimals-colleggtibles-2-eggs-nest,https://cdn0.woolworths.media/content/wowproductimages/medium/806276.jpg,2020-09-20 15:36:09,,0,,True
066306ba-6f04-45f9-8ad6-65c2aa731c60,Woolworths Supermarket,Household,Essentials Essential Gravy Bowl each,806421,$5.00,,https://www.woolworths.com.au/shop/productdetails/806421/essentials-essential-gravy-bowl,https://cdn0.woolworths.media/content/wowproductimages/medium/806421.jpg,2020-09-20 15:36:09,,0,,True
2a95ab63-1af0-435a-b047-eb70061aa37e,Woolworths Supermarket,Household,Essentials Water Drop Shape Dip Plates 4 pack,806425,$5.00,,https://www.woolworths.com.au/shop/productdetails/806425/essentials-water-drop-shape-dip-plates,https://cdn0.woolworths.media/content/wowproductimages/medium/806425.jpg,2020-09-20 15:36:09,,0,,True
4cac5419-632e-4601-97ca-7b149ecf9f7d,Woolworths Supermarket,Household,Inspire Embossed Bowl With Lid Large each,806428,$10.00,,https://www.woolworths.com.au/shop/productdetails/806428/inspire-embossed-bowl-with-lid-large,https://cdn0.woolworths.media/content/wowproductimages/medium/806428.jpg,2020-09-20 15:36:09,,0,,True
187d683b-111d-4ad7-958b-aeee9fb6b96d,Woolworths Supermarket,Household,Inspire Espresso Set 4 pack,806451,$8.00,,https://www.woolworths.com.au/shop/productdetails/806451/inspire-espresso-set,https://cdn0.woolworths.media/content/wowproductimages/medium/806451.jpg,2020-09-20 15:36:09,,0,,True
e2095a58-6f6e-4528-a9f2-30324e423337,Woolworths Supermarket,Household,Vileda Lint Roller each,806575,$6.00,$6.00 / 1EA,https://www.woolworths.com.au/shop/productdetails/806575/vileda-lint-roller,https://cdn0.woolworths.media/content/wowproductimages/medium/806575.jpg,2020-09-20 15:36:09,,0,,True
c111dc72-eca4-4b88-82e9-c812249fd803,Woolworths Supermarket,Household,Oates Telescopic Indoor Broom each,806726,$12.50,$12.50 / 1EA,https://www.woolworths.com.au/shop/productdetails/806726/oates-telescopic-indoor-broom,https://cdn0.woolworths.media/content/wowproductimages/medium/806726.jpg,2020-09-20 15:36:09,,0,,True
7bd06508-d553-4547-98d8-f676e4fa396c,Woolworths Supermarket,Household,Oates Premium Antibacterial Mop each,806986,$15.00,$15.00 / 1EA,https://www.woolworths.com.au/shop/productdetails/806986/oates-premium-antibacterial-mop,https://cdn0.woolworths.media/content/wowproductimages/medium/806986.jpg,2020-09-20 15:36:09,,0,,True
3066c615-9f32-43ab-b2bb-3e6fd9ad0020,Woolworths Supermarket,Household,Vileda Scrub Magic each,807006,$3.00,$3.00 / 1EA,https://www.woolworths.com.au/shop/productdetails/807006/vileda-scrub-magic,https://cdn0.woolworths.media/content/wowproductimages/medium/807006.jpg,2020-09-20 15:36:09,,0,,True
7bca5435-8622-461c-8bd7-b502a1609c0d,Woolworths Supermarket,Household,Mint Salt & Pepper Grinder 20cm each,807194,$12.00,,https://www.woolworths.com.au/shop/productdetails/807194/mint-salt-pepper-grinder-20cm,https://cdn0.woolworths.media/content/wowproductimages/medium/807194.jpg,2020-09-20 15:36:09,,0,,True
cc9b2c92-0d44-46ca-a00b-1eb7c7d042ae,Woolworths Supermarket,Household,Mint Utility + Chef + Bread Knife Set 3 pack,807195,$16.00,,https://www.woolworths.com.au/shop/productdetails/807195/mint-utility-chef-bread-knife-set,https://cdn0.woolworths.media/content/wowproductimages/medium/807195.jpg,2020-09-20 15:36:09,,0,,True
f7b3abe0-7a09-4afc-b593-7728186510f8,Woolworths Supermarket,Household,Mint Nylon Soup Ladle each,807197,$4.00,,https://www.woolworths.com.au/shop/productdetails/807197/mint-nylon-soup-ladle,https://cdn0.woolworths.media/content/wowproductimages/medium/807197.jpg,2020-09-20 15:36:09,,0,,True
9ad5b3f1-ac5e-4a3d-9886-93abab0f0aca,Woolworths Supermarket,Household,Mint Nylon Slotted Spoon each,807198,$4.00,,https://www.woolworths.com.au/shop/productdetails/807198/mint-nylon-slotted-spoon,https://cdn0.woolworths.media/content/wowproductimages/medium/807198.jpg,2020-09-20 15:36:09,,0,,True
22c17e92-703e-4f24-ac78-ca29ada0f7b7,Woolworths Supermarket,Household,Mint Soft Grip Y Peeler each,807220,$4.00,,https://www.woolworths.com.au/shop/productdetails/807220/mint-soft-grip-y-peeler,https://cdn0.woolworths.media/content/wowproductimages/medium/807220.jpg,2020-09-20 15:36:09,,0,,True
fc1f8626-86ee-4a33-a5fb-8f79dbdadb78,Woolworths Supermarket,Household,Mint Peeling Knife each,807224,$2.00,,https://www.woolworths.com.au/shop/productdetails/807224/mint-peeling-knife,https://cdn0.woolworths.media/content/wowproductimages/medium/807224.jpg,2020-09-20 15:36:09,,0,,True
43c59874-1249-43cc-8334-b8552d110c31,Woolworths Supermarket,Household,Mint Utility Knife each,807225,$4.00,,https://www.woolworths.com.au/shop/productdetails/807225/mint-utility-knife,https://cdn0.woolworths.media/content/wowproductimages/medium/807225.jpg,2020-09-20 15:36:09,,0,,True
7cc08ac5-b181-412e-8b6c-822b7b9e5836,Woolworths Supermarket,Household,Mint Cheese Grater each,807226,,,https://www.woolworths.com.au/shop/productdetails/807226/mint-cheese-grater,https://cdn0.woolworths.media/content/wowproductimages/medium/807226.jpg,2020-09-20 15:36:09,,0,,False
573f59c5-326a-4869-bb60-2eb499fe3ff9,Woolworths Supermarket,Household,Mint Stainless Steel Teaspoon 4 pack,807230,$6.00,,https://www.woolworths.com.au/shop/productdetails/807230/mint-stainless-steel-teaspoon,https://cdn0.woolworths.media/content/wowproductimages/medium/807230.jpg,2020-09-20 15:36:09,,0,,True
c3acf8fd-0ec3-4e22-8898-a92e6700ec04,Woolworths Supermarket,Household,Mint Stainless Steel Forks 4 pack,807232,$6.00,,https://www.woolworths.com.au/shop/productdetails/807232/mint-stainless-steel-forks,https://cdn0.woolworths.media/content/wowproductimages/medium/807232.jpg,2020-09-20 15:36:09,,0,,True
f82c6572-ceb7-49ea-bfb4-4a394ba30f38,Woolworths Supermarket,Household,Mint Stainless Steel Knifes 4 pack,807234,$6.00,,https://www.woolworths.com.au/shop/productdetails/807234/mint-stainless-steel-knifes,https://cdn0.woolworths.media/content/wowproductimages/medium/807234.jpg,2020-09-20 15:36:09,,0,,True
d42a9706-d6b5-4941-9b14-2bda33c2152a,Woolworths Supermarket,Household,Mint Steak Knife Set 4 pack,807235,$10.00,,https://www.woolworths.com.au/shop/productdetails/807235/mint-steak-knife-set,https://cdn0.woolworths.media/content/wowproductimages/medium/807235.jpg,2020-09-20 15:36:09,,0,,True
766c4bc1-707a-4ded-8569-22ae24e5276d,Woolworths Supermarket,Household,Mint Beechwood Stirring Spoon each,807237,$3.00,,https://www.woolworths.com.au/shop/productdetails/807237/mint-beechwood-stirring-spoon,https://cdn0.woolworths.media/content/wowproductimages/medium/807237.jpg,2020-09-20 15:36:09,,0,,True
3b5cea4a-ef10-47b1-be88-66ba482d56c6,Woolworths Supermarket,Household,Mint Beechwood Mixing Spoon each,807238,$3.00,,https://www.woolworths.com.au/shop/productdetails/807238/mint-beechwood-mixing-spoon,https://cdn0.woolworths.media/content/wowproductimages/medium/807238.jpg,2020-09-20 15:36:09,,0,,True
24844f89-e194-49cc-9e3a-859dad817668,Woolworths Supermarket,Household,Mint Rolling Pin each,807240,$5.00,,https://www.woolworths.com.au/shop/productdetails/807240/mint-rolling-pin,https://cdn0.woolworths.media/content/wowproductimages/medium/807240.jpg,2020-09-20 15:36:09,,0,,True
dbc05a5e-346b-4ef3-81d0-628df5a83894,Woolworths Supermarket,Household,Mint Pastry Brush each,807241,$3.00,,https://www.woolworths.com.au/shop/productdetails/807241/mint-pastry-brush,https://cdn0.woolworths.media/content/wowproductimages/medium/807241.jpg,2020-09-20 15:36:09,,0,,True
0ee01378-86d2-4219-8c1d-6aa85bc99835,Woolworths Supermarket,Household,Mint Bamboo Skewer 25cm 200 pack,807242,$2.00,,https://www.woolworths.com.au/shop/productdetails/807242/mint-bamboo-skewer-25cm,https://cdn0.woolworths.media/content/wowproductimages/medium/807242.jpg,2020-09-20 15:36:09,,0,,True
1c816602-e921-413f-a3a1-ad1f4e2794df,Woolworths Supermarket,Household,Mint Bamboo Skewer 16cm 100 pack,807243,$3.00,,https://www.woolworths.com.au/shop/productdetails/807243/mint-bamboo-skewer-16cm,https://cdn0.woolworths.media/content/wowproductimages/medium/807243.jpg,2020-09-20 15:36:09,,0,,True
6d44f052-896b-4089-916e-4a295ceb3da0,Woolworths Supermarket,Household,Mint Toothpicks Holder 300 pack,807244,$3.00,,https://www.woolworths.com.au/shop/productdetails/807244/mint-toothpicks-holder,https://cdn0.woolworths.media/content/wowproductimages/medium/807244.jpg,2020-09-20 15:36:09,,0,,True
08b50ac8-d29d-4648-8864-d7c2e4d5d3fd,Woolworths Supermarket,Household,Mint Bamboo Chopboard 40x30cm each,807245,$14.00,,https://www.woolworths.com.au/shop/productdetails/807245/mint-bamboo-chopboard-40x30cm,https://cdn0.woolworths.media/content/wowproductimages/medium/807245.jpg,2020-09-20 15:36:09,,0,,True
94350ebc-7824-4e6b-82ce-671fe20172ca,Woolworths Supermarket,Household,Mint Bamboo Chopboard 30x20cm each,807246,$10.00,,https://www.woolworths.com.au/shop/productdetails/807246/mint-bamboo-chopboard-30x20cm,https://cdn0.woolworths.media/content/wowproductimages/medium/807246.jpg,2020-09-20 15:36:09,,0,,True
aeb881d8-7b95-4e7d-8d50-3fe3b710e0ae,Woolworths Supermarket,Household,Mint Acacia Chopboard 37.5x30cm each,807247,$20.00,,https://www.woolworths.com.au/shop/productdetails/807247/mint-acacia-chopboard-37-5x30cm,https://cdn0.woolworths.media/content/wowproductimages/medium/807247.jpg,2020-09-20 15:36:09,,0,,True
6e4f359a-373d-4350-a042-9c6532fcea2d,Woolworths Supermarket,Household,Mint Double Hinged Waiter's Friend Corkscrew each,807253,$4.00,,https://www.woolworths.com.au/shop/productdetails/807253/mint-double-hinged-waiter-s-friend-corkscrew,https://cdn0.woolworths.media/content/wowproductimages/medium/807253.jpg,2020-09-20 15:36:09,,0,,True
9d39b1fc-d119-4546-a65e-4ca32d9e1675,Woolworths Supermarket,Household,Mint Tongs 23cm 2 pack,807257,$2.10,,https://www.woolworths.com.au/shop/productdetails/807257/mint-tongs-23cm,https://cdn0.woolworths.media/content/wowproductimages/medium/807257.jpg,2020-09-20 15:36:09,,0,,True
79fdc89b-a9ab-4bb2-ae73-03d2d45c96ac,Woolworths Supermarket,Household,Mint Tea / Coffee Strainer each,807258,$3.00,,https://www.woolworths.com.au/shop/productdetails/807258/mint-tea-coffee-strainer,https://cdn0.woolworths.media/content/wowproductimages/medium/807258.jpg,2020-09-20 15:36:09,,0,,True
f472d723-933d-4e51-83b6-1ac5cf6bea4e,Woolworths Supermarket,Household,Mint Cotton Cooking Twine 100 Meters each,807260,$3.00,,https://www.woolworths.com.au/shop/productdetails/807260/mint-cotton-cooking-twine-100-meters,https://cdn0.woolworths.media/content/wowproductimages/medium/807260.jpg,2020-09-20 15:36:09,,0,,True
32266ae3-00f1-4981-bf9f-8f12bc5c41e4,Woolworths Supermarket,Household,Mint Measuring Jug 3 pack,807261,$6.00,,https://www.woolworths.com.au/shop/productdetails/807261/mint-measuring-jug,https://cdn0.woolworths.media/content/wowproductimages/medium/807261.jpg,2020-09-20 15:36:09,,0,,True
654db300-f467-4748-8ef0-a928f4e90236,Woolworths Supermarket,Household,Mint Coloured Bowl Set 6 pack,807263,$15.00,,https://www.woolworths.com.au/shop/productdetails/807263/mint-coloured-bowl-set,https://cdn0.woolworths.media/content/wowproductimages/medium/807263.jpg,2020-09-20 15:36:09,,0,,True
1d37d957-0454-4f8e-959a-502f48221cda,Woolworths Supermarket,Household,Mint Cutting Boards Colour Coded 4 pack,807264,$14.00,,https://www.woolworths.com.au/shop/productdetails/807264/mint-cutting-boards-colour-coded,https://cdn0.woolworths.media/content/wowproductimages/medium/807264.jpg,2020-09-20 15:36:09,,0,,True
cf791013-197c-48aa-88ff-5c169ad24ff2,Woolworths Supermarket,Household,Mint Cutting Mat Colour Coded 4 pack,807265,$5.60,,https://www.woolworths.com.au/shop/productdetails/807265/mint-cutting-mat-colour-coded,https://cdn0.woolworths.media/content/wowproductimages/medium/807265.jpg,2020-09-20 15:36:09,,0,,True
0dd6778b-8b60-48db-9edb-0054ed1c1b86,Woolworths Supermarket,Household,Mint Easy Pop Out Ice Cube Tray each,807266,$4.20,,https://www.woolworths.com.au/shop/productdetails/807266/mint-easy-pop-out-ice-cube-tray,https://cdn0.woolworths.media/content/wowproductimages/medium/807266.jpg,2020-09-20 15:36:09,,0,,True
e45e876e-c96d-4fed-8c02-3e3cfd64e065,Woolworths Supermarket,Household,Mint Kitchen Scissors each,807267,$10.00,,https://www.woolworths.com.au/shop/productdetails/807267/mint-kitchen-scissors,https://cdn0.woolworths.media/content/wowproductimages/medium/807267.jpg,2020-09-20 15:36:09,,0,,True
4bebbeab-1af4-4aad-9f66-f78d9e468501,Woolworths Supermarket,Household,Mint Silicone Tongs 30cm each,807269,$5.00,,https://www.woolworths.com.au/shop/productdetails/807269/mint-silicone-tongs-30cm,https://cdn0.woolworths.media/content/wowproductimages/medium/807269.jpg,2020-09-20 15:36:09,,0,,True
0ae24963-1c77-42ef-945b-b7f9ad3453ae,Woolworths Supermarket,Household,Mint Silicone Tongs 22cm each,807270,$5.00,,https://www.woolworths.com.au/shop/productdetails/807270/mint-silicone-tongs-22cm,https://cdn0.woolworths.media/content/wowproductimages/medium/807270.jpg,2020-09-20 15:36:09,,0,,True
73f127b5-8e1b-45cb-ba66-a3a637b341a7,Woolworths Supermarket,Household,Mint Stainless Steel Potato Masher each,807272,$6.00,,https://www.woolworths.com.au/shop/productdetails/807272/mint-stainless-steel-potato-masher,https://cdn0.woolworths.media/content/wowproductimages/medium/807272.jpg,2020-09-20 15:36:09,,0,,True
aaa236c3-d183-439d-ad9c-1c0ce8ae6908,Woolworths Supermarket,Household,Mint Soft Grip Straight Peeler each,807274,$2.80,,https://www.woolworths.com.au/shop/productdetails/807274/mint-soft-grip-straight-peeler,https://cdn0.woolworths.media/content/wowproductimages/medium/807274.jpg,2020-09-20 15:36:09,,0,,True
a2bf6217-01c9-4f16-82c9-17d59ab9576f,Woolworths Supermarket,Household,Mint Measuring Cup 4 pack,807275,$12.00,,https://www.woolworths.com.au/shop/productdetails/807275/mint-measuring-cup,https://cdn0.woolworths.media/content/wowproductimages/medium/807275.jpg,2020-09-20 15:36:09,,0,,True
4ff32c10-81f5-45c6-bb45-b01cf5306e20,Woolworths Supermarket,Household,Mint Measuring Spoon 4 pack,807276,$6.00,,https://www.woolworths.com.au/shop/productdetails/807276/mint-measuring-spoon,https://cdn0.woolworths.media/content/wowproductimages/medium/807276.jpg,2020-09-20 15:36:09,,0,,True
58a01e8f-c3ed-4aea-b1cd-b27f785c9a18,Woolworths Supermarket,Household,Mint Stainless Steel Strainer 20cm each,807277,$10.00,,https://www.woolworths.com.au/shop/productdetails/807277/mint-stainless-steel-strainer-20cm,https://cdn0.woolworths.media/content/wowproductimages/medium/807277.jpg,2020-09-20 15:36:09,,0,,True
f8115a7b-8445-47c5-ad71-bfd67f2ef496,Woolworths Supermarket,Household,Mint Pizza Cutter each,807279,$6.00,,https://www.woolworths.com.au/shop/productdetails/807279/mint-pizza-cutter,https://cdn0.woolworths.media/content/wowproductimages/medium/807279.jpg,2020-09-20 15:36:09,,0,,True
036e82aa-db93-4957-8c62-db8c5c7d62fc,Woolworths Supermarket,Household,Mint Stainless Steel Whisk each,807280,$2.80,,https://www.woolworths.com.au/shop/productdetails/807280/mint-stainless-steel-whisk,https://cdn0.woolworths.media/content/wowproductimages/medium/807280.jpg,2020-09-20 15:36:09,,0,,True
99ef48ea-37e8-4a3e-824e-795282f48855,Woolworths Supermarket,Household,Mint Stainless Steel Skimmer each,807281,$6.00,,https://www.woolworths.com.au/shop/productdetails/807281/mint-stainless-steel-skimmer,https://cdn0.woolworths.media/content/wowproductimages/medium/807281.jpg,2020-09-20 15:36:09,,0,,True
c99e5742-3fe6-410b-be67-b261f6f54dd6,Woolworths Supermarket,Household,Mint Soft Grip Slotted Turner each,807283,$4.20,,https://www.woolworths.com.au/shop/productdetails/807283/mint-soft-grip-slotted-turner,https://cdn0.woolworths.media/content/wowproductimages/medium/807283.jpg,2020-09-20 15:36:09,,0,,True
b02b6a8f-41b9-4fdb-8b10-df5ecc48a75f,Woolworths Supermarket,Household,Mint Soft Grip Garlic Crusher each,807284,$6.00,,https://www.woolworths.com.au/shop/productdetails/807284/mint-soft-grip-garlic-crusher,https://cdn0.woolworths.media/content/wowproductimages/medium/807284.jpg,2020-09-20 15:36:09,,0,,True
84207526-5a7c-4b79-823f-77fee8556479,Woolworths Supermarket,Household,Mint Soft Grip Can Opener each,807286,$6.00,,https://www.woolworths.com.au/shop/productdetails/807286/mint-soft-grip-can-opener,https://cdn0.woolworths.media/content/wowproductimages/medium/807286.jpg,2020-09-20 15:36:09,,0,,True
eb382745-4277-4b4b-80e1-bf4a4dc6cee4,Woolworths Supermarket,Household,Mint Soft Grip Solid Spoon each,807288,$2.80,,https://www.woolworths.com.au/shop/productdetails/807288/mint-soft-grip-solid-spoon,https://cdn0.woolworths.media/content/wowproductimages/medium/807288.jpg,2020-09-20 15:36:09,,0,,True
79fffa78-e1be-440e-a3f6-b63d094cba17,Woolworths Supermarket,Household,Mint Soft Grip Flexible Turner each,807289,$4.00,,https://www.woolworths.com.au/shop/productdetails/807289/mint-soft-grip-flexible-turner,https://cdn0.woolworths.media/content/wowproductimages/medium/807289.jpg,2020-09-20 15:36:09,,0,,True
b3586e0a-de05-40a0-84b0-522f29eec253,Woolworths Supermarket,Household,Mint Soft Grip Ice Cream Scoop each,807294,$4.20,,https://www.woolworths.com.au/shop/productdetails/807294/mint-soft-grip-ice-cream-scoop,https://cdn0.woolworths.media/content/wowproductimages/medium/807294.jpg,2020-09-20 15:36:09,,0,,True
005d8298-d727-480a-9858-35fc758893dd,Woolworths Supermarket,Household,Mint Non-stick Coating Saucepan 20cm each,807303,$18.00,,https://www.woolworths.com.au/shop/productdetails/807303/mint-non-stick-coating-saucepan-20cm,https://cdn0.woolworths.media/content/wowproductimages/medium/807303.jpg,2020-09-20 15:36:09,,0,,True
e37597e5-ab41-4665-9984-8e8a7480e7bf,Woolworths Supermarket,Household,Mint Non-stick Coating Casserole 24cm each,807308,$24.00,,https://www.woolworths.com.au/shop/productdetails/807308/mint-non-stick-coating-casserole-24cm,https://cdn0.woolworths.media/content/wowproductimages/medium/807308.jpg,2020-09-20 15:36:09,,0,,True
e8e68886-64d3-434a-87db-fbcff64b869d,Woolworths Supermarket,Household,Mint Non-stick Coating Baking Tray 37.5cm each,807309,$5.60,,https://www.woolworths.com.au/shop/productdetails/807309/mint-non-stick-coating-baking-tray-37-5cm,https://cdn0.woolworths.media/content/wowproductimages/medium/807309.jpg,2020-09-20 15:36:09,,0,,True
b2b288c7-bd8a-438d-99e8-73c7afc1064f,Woolworths Supermarket,Household,Mint Non-stick Coating Pizza Tray 29cm each,807310,$4.20,,https://www.woolworths.com.au/shop/productdetails/807310/mint-non-stick-coating-pizza-tray-29cm,https://cdn0.woolworths.media/content/wowproductimages/medium/807310.jpg,2020-09-20 15:36:09,,0,,True
f89eccbd-0066-4eec-a907-47e1bcb15c8d,Woolworths Supermarket,Household,Mint Non-stick Coating Slice Tray each,807311,$4.20,,https://www.woolworths.com.au/shop/productdetails/807311/mint-non-stick-coating-slice-tray,https://cdn0.woolworths.media/content/wowproductimages/medium/807311.jpg,2020-09-20 15:36:09,,0,,True
389da94f-e1d3-45f7-b2c8-b8b7e82a1d06,Woolworths Supermarket,Household,Mint Non-stick Coating Muffin Pan 12 Cups each,807312,$5.60,,https://www.woolworths.com.au/shop/productdetails/807312/mint-non-stick-coating-muffin-pan-12-cups,https://cdn0.woolworths.media/content/wowproductimages/medium/807312.jpg,2020-09-20 15:36:09,,0,,True
cc891283-b97f-425f-9ead-d94457924e83,Woolworths Supermarket,Household,Mint Non-stick Coating Medium Roaster Pan each,807314,$7.00,,https://www.woolworths.com.au/shop/productdetails/807314/mint-non-stick-coating-medium-roaster-pan,https://cdn0.woolworths.media/content/wowproductimages/medium/807314.jpg,2020-09-20 15:36:09,,0,,True
42b73037-5539-4fb3-aa69-d2a707fbe109,Woolworths Supermarket,Household,Mint Non-stick Coating Rectangular Cooling Rack each,807316,$4.20,,https://www.woolworths.com.au/shop/productdetails/807316/mint-non-stick-coating-rectangular-cooling-rack,https://cdn0.woolworths.media/content/wowproductimages/medium/807316.jpg,2020-09-20 15:36:09,,0,,True
de2358d3-d7ac-4427-ad0f-d9a9ecc09a00,Woolworths Supermarket,Household,Mint Non-stick Coating Loaf Pan each,807317,$4.20,,https://www.woolworths.com.au/shop/productdetails/807317/mint-non-stick-coating-loaf-pan,https://cdn0.woolworths.media/content/wowproductimages/medium/807317.jpg,2020-09-20 15:36:09,,0,,True
b9695465-7646-4a7f-a912-26451283d557,Woolworths Supermarket,Household,Mint Non-stick Coating Mini Muffin Pan 24 Cups each,807320,$5.60,,https://www.woolworths.com.au/shop/productdetails/807320/mint-non-stick-coating-mini-muffin-pan-24-cups,https://cdn0.woolworths.media/content/wowproductimages/medium/807320.jpg,2020-09-20 15:36:09,,0,,True
3e40a6ce-7042-4745-a62f-761634e7f903,Woolworths Supermarket,Household,Mint Non-stick Coating Large Roaster Pan each,807321,$8.40,,https://www.woolworths.com.au/shop/productdetails/807321/mint-non-stick-coating-large-roaster-pan,https://cdn0.woolworths.media/content/wowproductimages/medium/807321.jpg,2020-09-20 15:36:09,,0,,True
32427dc6-8ec5-43da-bbe2-21a29892991c,Woolworths Supermarket,Household,Mint Non-stick Coating Small Roaster Pan each,807322,$5.60,,https://www.woolworths.com.au/shop/productdetails/807322/mint-non-stick-coating-small-roaster-pan,https://cdn0.woolworths.media/content/wowproductimages/medium/807322.jpg,2020-09-20 15:36:09,,0,,True
f7f82d77-e642-45f0-8ca6-0b2aae9e0154,Woolworths Supermarket,Household,Mint Non-stick Coating Roaster Pan With V Rack each,807323,$20.00,,https://www.woolworths.com.au/shop/productdetails/807323/mint-non-stick-coating-roaster-pan-with-v-rack,https://cdn0.woolworths.media/content/wowproductimages/medium/807323.jpg,2020-09-20 15:36:09,,0,,True
557b2053-4c17-42b3-ac20-e7666a2f4111,Woolworths Supermarket,Household,Mint Non-stick Coating Bundt Tin each,807328,$6.00,,https://www.woolworths.com.au/shop/productdetails/807328/mint-non-stick-coating-bundt-tin,https://cdn0.woolworths.media/content/wowproductimages/medium/807328.jpg,2020-09-20 15:36:09,,0,,True
662b969d-5b29-4b0f-924e-d0aad3d289a3,Woolworths Supermarket,Household,Mint Non-stick Coating Saute Pan 30cm With Lid each,807334,$16.80,,https://www.woolworths.com.au/shop/productdetails/807334/mint-non-stick-coating-saute-pan-30cm-with-lid,https://cdn0.woolworths.media/content/wowproductimages/medium/807334.jpg,2020-09-20 15:36:09,,0,,True
f04ae6cb-3f93-4a6e-840c-0a3549bf236f,Woolworths Supermarket,Household,Essentials Measuring Set each,807339,$2.00,,https://www.woolworths.com.au/shop/productdetails/807339/essentials-measuring-set,https://cdn0.woolworths.media/content/wowproductimages/medium/807339.jpg,2020-09-20 15:36:09,,0,,True
0d2c84fd-a1b3-40b8-83cc-994c86d82160,Woolworths Supermarket,Household,Sabco Slide-to-wring Flat Mop each,807430,$30.00,$30.00 / 1EA,https://www.woolworths.com.au/shop/productdetails/807430/sabco-slide-to-wring-flat-mop,https://cdn0.woolworths.media/content/wowproductimages/medium/807430.jpg,2020-09-20 15:36:09,,0,,True
80bfcf99-269d-4a0b-9101-b3b882911157,Woolworths Supermarket,Household,Sabco Duex Scrub & Wipe Kitchen Sponge 3 pack,807441,$2.75,$0.92 / 1EA,https://www.woolworths.com.au/shop/productdetails/807441/sabco-duex-scrub-wipe-kitchen-sponge,https://cdn0.woolworths.media/content/wowproductimages/medium/807441.jpg,2020-09-20 15:36:09,,0,,True
ac7bb564-2858-4285-b6f9-84ab45f0a0bb,Woolworths Supermarket,Household,Sabco Soft Grip Rainbow Duster each,807442,$4.00,$4.00 / 1EA,https://www.woolworths.com.au/shop/productdetails/807442/sabco-soft-grip-rainbow-duster,https://cdn0.woolworths.media/content/wowproductimages/medium/807442.jpg,2020-09-20 15:36:09,,0,,True
091ddd74-c729-4767-aaf8-adb687613c2e,Woolworths Supermarket,Household,Mirabella Genio Led Es Ww 800lm each,807784,$20.00,$20.00 / 1EA,https://www.woolworths.com.au/shop/productdetails/807784/mirabella-genio-led-es-ww-800lm,https://cdn0.woolworths.media/content/wowproductimages/medium/807784.jpg,2020-09-20 15:36:09,,0,,True
66114eef-c004-4655-bf60-eb55719dd54c,Woolworths Supermarket,Household,Mirabella Genio Led Bc Ww 800lm each,807785,$20.00,$20.00 / 1EA,https://www.woolworths.com.au/shop/productdetails/807785/mirabella-genio-led-bc-ww-800lm,https://cdn0.woolworths.media/content/wowproductimages/medium/807785.jpg,2020-09-20 15:36:09,,0,,True
58afaba5-a28d-4eca-8f90-2ccf731072b2,Woolworths Supermarket,Household,Mirabella Genio Led Bc Cw 800lm each,807787,$20.00,$20.00 / 1EA,https://www.woolworths.com.au/shop/productdetails/807787/mirabella-genio-led-bc-cw-800lm,https://cdn0.woolworths.media/content/wowproductimages/medium/807787.jpg,2020-09-20 15:36:09,,0,,True
179c1a6c-08c9-4406-b158-d6b7b12c18db,Woolworths Supermarket,Household,Mirabella Genio Led Es Rgbw 800lm each,807850,$30.00,$30.00 / 1EA,https://www.woolworths.com.au/shop/productdetails/807850/mirabella-genio-led-es-rgbw-800lm,https://cdn0.woolworths.media/content/wowproductimages/medium/807850.jpg,2020-09-20 15:36:09,,0,,True
747d17ac-2bc4-4808-b74d-a950c44c6ce9,Woolworths Supermarket,Household,Mirabella Genio Led Bc Rgbw 800lm each,807851,$30.00,$30.00 / 1EA,https://www.woolworths.com.au/shop/productdetails/807851/mirabella-genio-led-bc-rgbw-800lm,https://cdn0.woolworths.media/content/wowproductimages/medium/807851.jpg,2020-09-20 15:36:09,,0,,True
1249fc2e-e6b1-452d-a593-2fa130376692,Woolworths Supermarket,Household,Philips 1.7w E14 Led Mini Globe Warm White each,808136,$9.00,$9.00 / 1EA,https://www.woolworths.com.au/shop/productdetails/808136/philips-1-7w-e14-led-mini-globe-warm-white,https://cdn0.woolworths.media/content/wowproductimages/medium/808136.jpg,2020-09-20 15:36:09,,0,,True
93b22353-336d-471f-8396-04dd70e29592,Woolworths Supermarket,Household,Philips 10w R80 Led Reflector Globe Warm White each,808137,$12.50,$12.50 / 1EA,https://www.woolworths.com.au/shop/productdetails/808137/philips-10w-r80-led-reflector-globe-warm-white,https://cdn0.woolworths.media/content/wowproductimages/medium/808137.jpg,2020-09-20 15:36:09,,0,,True
c892a7a6-3e9b-4a97-83db-e57201feaad0,Woolworths Supermarket,Household,Philips 2.5w G9 Led Capsule Globe Soft White each,808146,$15.00,$15.00 / 1EA,https://www.woolworths.com.au/shop/productdetails/808146/philips-2-5w-g9-led-capsule-globe-soft-white,https://cdn0.woolworths.media/content/wowproductimages/medium/808146.jpg,2020-09-20 15:36:09,,0,,True
99b61c5f-4d8a-4b94-8a2e-f577fa1b3c69,Woolworths Supermarket,Household,Philips 4w R50 Led Reflector Globe Warm White each,808147,$10.40,$10.40 / 1EA,https://www.woolworths.com.au/shop/productdetails/808147/philips-4w-r50-led-reflector-globe-warm-white,https://cdn0.woolworths.media/content/wowproductimages/medium/808147.jpg,2020-09-20 15:36:09,,0,,True
28d7ae71-2ba2-487d-9ca0-f7e020ce45ed,Woolworths Supermarket,Household,Essentials Essential Ceramic Spoon 6 pack,808326,$5.00,,https://www.woolworths.com.au/shop/productdetails/808326/essentials-essential-ceramic-spoon,https://cdn0.woolworths.media/content/wowproductimages/medium/808326.jpg,2020-09-20 15:36:09,,0,,True
d1770835-a4cd-40c1-8397-f94e565f004f,Woolworths Supermarket,Household,Elmer's Washable School Glue Non Toxic 946ml,809406,$14.00,,https://www.woolworths.com.au/shop/productdetails/809406/elmer-s-washable-school-glue-non-toxic,https://cdn0.woolworths.media/content/wowproductimages/medium/809406.jpg,2020-09-20 15:36:09,,0,,True
83412ea9-a754-46fe-936c-303060e90105,Woolworths Supermarket,Household,Multix Greener Mini Plant Based Compostable Bags 28 pack,809584,$4.00,$0.14 / 1EA,https://www.woolworths.com.au/shop/productdetails/809584/multix-greener-mini-plant-based-compostable-bags,https://cdn0.woolworths.media/content/wowproductimages/medium/809584.jpg,2020-09-20 15:36:09,,0,,True
7fecd2b1-e147-44b8-96bd-c26245f36a15,Woolworths Supermarket,Household,White Magic Stay Fresh Fridge Mat each,810521,$5.50,,https://www.woolworths.com.au/shop/productdetails/810521/white-magic-stay-fresh-fridge-mat,https://cdn0.woolworths.media/content/wowproductimages/medium/810521.jpg,2020-09-20 15:36:09,,0,,True
efc5e47d-30ce-4e4d-88ad-b02f03c80f18,Woolworths Supermarket,Household,Optus Mobile Prepaid Mobile Phone Sim each,811311,$2.00,,https://www.woolworths.com.au/shop/productdetails/811311/optus-mobile-prepaid-mobile-phone-sim,https://cdn0.woolworths.media/content/wowproductimages/medium/811311.jpg,2020-09-20 15:36:09,,0,,True
29b03a81-e070-4d12-9697-6ab30d8d36ce,Woolworths Supermarket,Household,Freezer Tote Cooler 25l each,814432,$9.00,,https://www.woolworths.com.au/shop/productdetails/814432/freezer-tote-cooler-25l,https://cdn0.woolworths.media/content/wowproductimages/medium/814432.jpg,2020-09-20 15:36:09,,0,Designs may vary,True
18be58fd-3450-4a56-a0af-c69c01eaf2cd,Woolworths Supermarket,Household,Polly Pocket Tiny Pocket Places Assorted each,814461,$7.00,,https://www.woolworths.com.au/shop/productdetails/814461/polly-pocket-tiny-pocket-places-assorted,https://cdn0.woolworths.media/content/wowproductimages/medium/814461.jpg,2020-09-20 15:36:09,,0,,True
679f5f67-a9ce-45b1-94ad-439b673f358b,Woolworths Supermarket,Household,Propert Digital Kitchen Scale 3kg Round Glass Top each,814536,$20.00,,https://www.woolworths.com.au/shop/productdetails/814536/propert-digital-kitchen-scale-3kg-round-glass-top,https://cdn0.woolworths.media/content/wowproductimages/medium/814536.jpg,2020-09-20 15:36:09,,0,Designs may vary,True
f0be9e13-e370-4ee5-9b92-ec2ee500fb37,Woolworths Supermarket,Household,Soften Fabric Softner Sensitive 2l,816219,$7.00,$3.50 / 1L,https://www.woolworths.com.au/shop/productdetails/816219/soften-fabric-softner-sensitive,https://cdn0.woolworths.media/content/wowproductimages/medium/816219.jpg,2020-09-20 15:36:09,Average product rating out of 5: 4.0. Product score is based on 247 ratings,247,,True
76d3385a-e301-4a01-b0f7-73685506c01c,Woolworths Supermarket,Household,Air Wick Pure Cherry Blossom Electric Primary 19ml,816968,$5.50,$2.89 / 10ML,https://www.woolworths.com.au/shop/productdetails/816968/air-wick-pure-cherry-blossom-electric-primary,https://cdn0.woolworths.media/content/wowproductimages/medium/816968.jpg,2020-09-20 15:36:09,,0,,True
7d5d683a-dbca-4f45-aa9e-f062a926c3a7,Woolworths Supermarket,Household,Air Wick Pure Spring Delight Electric Primary 19ml,816969,$5.50,$28.95 / 100ML,https://www.woolworths.com.au/shop/productdetails/816969/air-wick-pure-spring-delight-electric-primary,https://cdn0.woolworths.media/content/wowproductimages/medium/816969.jpg,2020-09-20 15:36:09,,0,,True
21914ef2-d9dd-40cb-8e30-feb12bb95d39,Woolworths Supermarket,Household,Air Wick Essential Oil Turquoise Oasis Electric Twin Refill 19ml,816990,$9.99,$2.63 / 10ML,https://www.woolworths.com.au/shop/productdetails/816990/air-wick-essential-oil-turquoise-oasis-electric-twin-refill,https://cdn0.woolworths.media/content/wowproductimages/medium/816990.jpg,2020-09-20 15:36:09,,0,,True
9636e582-a612-4a60-8645-13efffc5e239,Woolworths Supermarket,Household,Air Wick Essential Oil Freshmatic Refill Vanilla 174g,816991,$8.00,$4.60 / 100G,https://www.woolworths.com.au/shop/productdetails/816991/air-wick-essential-oil-freshmatic-refill-vanilla,https://cdn0.woolworths.media/content/wowproductimages/medium/816991.jpg,2020-09-20 15:36:09,,0,2 for $13.00 $3.74/100G,True
fec08a55-bf38-40fc-8416-702ddd2952eb,Woolworths Supermarket,Household,Air Wick Pure Cherry Blossom Electric Twin Refill 19ml,817000,$9.99,$5.26 / 10ML,https://www.woolworths.com.au/shop/productdetails/817000/air-wick-pure-cherry-blossom-electric-twin-refill,https://cdn0.woolworths.media/content/wowproductimages/medium/817000.jpg,2020-09-20 15:36:09,,0,,True
92c806d8-9a1e-43ed-9433-c4e1e406a3c2,Woolworths Supermarket,Household,Air Wick Pure Spring Delight Electric Twin Refill 19ml,817002,$9.99,$5.26 / 10ML,https://www.woolworths.com.au/shop/productdetails/817002/air-wick-pure-spring-delight-electric-twin-refill,https://cdn0.woolworths.media/content/wowproductimages/medium/817002.jpg,2020-09-20 15:36:09,,0,,True
7582f64b-d016-4cfe-9c57-f4830d3986f1,Woolworths Supermarket,Household,Air Wick Freshmatic Essential Oil Vanilla Primary 174g,817003,$15.00,$8.62 / 100G,https://www.woolworths.com.au/shop/productdetails/817003/air-wick-freshmatic-essential-oil-vanilla-primary,https://cdn0.woolworths.media/content/wowproductimages/medium/817003.jpg,2020-09-20 15:36:09,,0,,True
82b0f99c-b88b-416b-9c4b-f66795469e44,Woolworths Supermarket,Household,Air Wick Essential Oil Freshmatic Refill Frangipani 174g,817004,$8.00,$4.60 / 100G,https://www.woolworths.com.au/shop/productdetails/817004/air-wick-essential-oil-freshmatic-refill-frangipani,https://cdn0.woolworths.media/content/wowproductimages/medium/817004.jpg,2020-09-20 15:36:09,,0,2 for $13.00 $3.74/100G,True
5dc2ca31-21e4-4400-a6b5-0809375ca963,Woolworths Supermarket,Household,Air Wick Essential Oil Freshmatic Refill Lavender 174g,817005,$8.00,$4.60 / 100G,https://www.woolworths.com.au/shop/productdetails/817005/air-wick-essential-oil-freshmatic-refill-lavender,https://cdn0.woolworths.media/content/wowproductimages/medium/817005.jpg,2020-09-20 15:36:09,,0,2 for $13.00 $3.74/100G,True
bca51896-16a5-41a1-95b5-8d03a84fd65b,Woolworths Supermarket,Household,Air Wick Pure Freshmatic Refill Spring Delight 157g,817006,$8.00,$5.10 / 100G,https://www.woolworths.com.au/shop/productdetails/817006/air-wick-pure-freshmatic-refill-spring-delight,https://cdn0.woolworths.media/content/wowproductimages/medium/817006.jpg,2020-09-20 15:36:09,,0,2 for $13.00 $4.14/100G,True
228ac6c5-66de-494c-9a27-612ccea5eaee,Woolworths Supermarket,Household,Armada Baking Paper 30cm x 50m,819751,$7.50,$0.15 / 1M,https://www.woolworths.com.au/shop/productdetails/819751/armada-baking-paper,https://cdn0.woolworths.media/content/wowproductimages/medium/819751.jpg,2020-09-20 15:36:09,Average product rating out of 5: 4.6. Product score is based on 456 ratings,456,,True
337cdaff-ab23-4735-a957-73b16712d7dc,Woolworths Supermarket,Household,Armada Oven Bags Extra Large 4 pack,819758,$1.50,$0.38 / 1EA,https://www.woolworths.com.au/shop/productdetails/819758/armada-oven-bags-extra-large,https://cdn0.woolworths.media/content/wowproductimages/medium/819758.jpg,2020-09-20 15:36:09,Average product rating out of 5: 4.6. Product score is based on 433 ratings,433,,True
846b1bea-16fc-462c-b590-d0404ff8b34c,Woolworths Supermarket,Household,Armada Storage Bag Large Slider 15 pack,819759,$2.00,$0.13 / 1EA,https://www.woolworths.com.au/shop/productdetails/819759/armada-storage-bag-large-slider,https://cdn0.woolworths.media/content/wowproductimages/medium/819759.jpg,2020-09-20 15:36:09,Average product rating out of 5: 4.4. Product score is based on 451 ratings,451,,True
15a95b94-374a-45b0-bcba-591610578f2c,Woolworths Supermarket,Household,Armada Kitchen Tidy Roll Medium 35 pack,819761,$2.00,$0.06 / 1EA,https://www.woolworths.com.au/shop/productdetails/819761/armada-kitchen-tidy-roll-medium,https://cdn0.woolworths.media/content/wowproductimages/medium/819761.jpg,2020-09-20 15:36:09,,0,,True
47042367-950f-439f-b3f2-2129e0d70b42,Woolworths Supermarket,Household,Hasbro Walkalots Lil Wags Assorted each,820742,$15.00,,https://www.woolworths.com.au/shop/productdetails/820742/hasbro-walkalots-lil-wags-assorted,https://cdn0.woolworths.media/content/wowproductimages/medium/820742.jpg,2020-09-20 15:36:09,,0,,True
f122cfe2-17b7-4b95-9562-394bc0e14f85,Woolworths Supermarket,Household,Hair Dooz Shampoo Pack each,820765,$13.00,,https://www.woolworths.com.au/shop/productdetails/820765/hair-dooz-shampoo-pack,https://cdn0.woolworths.media/content/wowproductimages/medium/820765.jpg,2020-09-20 15:36:09,,0,,True
31d22d58-9e70-49ed-9e64-84e8d4afdd04,Woolworths Supermarket,Household,Clean Laundry Capsules Oriental Kiss 20 pack,820818,$8.00,$0.40 / 1EA,https://www.woolworths.com.au/shop/productdetails/820818/clean-laundry-capsules-oriental-kiss,https://cdn0.woolworths.media/content/wowproductimages/medium/820818.jpg,2020-09-20 15:36:09,Average product rating out of 5: 3.8. Product score is based on 52 ratings,52,,True
b76f12d7-2b04-4113-a640-1b42c68c6322,Woolworths Supermarket,Household,Olsent Led Gls Es 15w 1400lm Cw 2 pack,821295,$12.00,$6.00 / 1EA,https://www.woolworths.com.au/shop/productdetails/821295/olsent-led-gls-es-15w-1400lm-cw,https://cdn0.woolworths.media/content/wowproductimages/medium/821295.jpg,2020-09-20 15:36:09,,0,,True
226bb2cc-ce3d-49ee-a5be-996d4d68aa22,Woolworths Supermarket,Household,Marvel Ooshies Xl Capsule each,821347,,,https://www.woolworths.com.au/shop/productdetails/821347/marvel-ooshies-xl-capsule,https://cdn0.woolworths.media/content/wowproductimages/medium/821347.jpg,2020-09-20 15:36:09,,0,,False
00c44a2b-a22b-419b-b00a-26bf27212775,Woolworths Supermarket,Household,Glade Hang It Fresh Cool Fresh 8g,824209,$2.50,$3.13 / 10G,https://www.woolworths.com.au/shop/productdetails/824209/glade-hang-it-fresh-cool-fresh,https://cdn0.woolworths.media/content/wowproductimages/medium/824209.jpg,2020-09-20 15:36:09,,0,,True
b0c95c5c-a2bd-4f46-8d6b-f4d7d78943b8,Woolworths Supermarket,Household,Energizer A27 Alkaline Battery each,825151,$2.49,$2.49 / 1EA,https://www.woolworths.com.au/shop/productdetails/825151/energizer-a27-alkaline-battery,https://cdn0.woolworths.media/content/wowproductimages/medium/825151.jpg,2020-09-20 15:36:09,,0,,True
34b4e977-ca19-4b70-8782-7e281e1d0eae,Woolworths Supermarket,Household,Essentials Bamboo Chopsticks 20 pack,825517,$2.00,$0.10 / 1EA,https://www.woolworths.com.au/shop/productdetails/825517/essentials-bamboo-chopsticks,https://cdn0.woolworths.media/content/wowproductimages/medium/825517.jpg,2020-09-20 15:36:09,,0,,True
44f732cb-cab1-4246-a13e-7f0ebf90b981,Woolworths Supermarket,Household,Oakwood Wood Wipes 20 pack,825739,$5.00,$0.25 / 1EA,https://www.woolworths.com.au/shop/productdetails/825739/oakwood-wood-wipes,https://cdn0.woolworths.media/content/wowproductimages/medium/825739.jpg,2020-09-20 15:36:09,,0,,True
e8de7e03-5335-4f1f-8a81-e9b9fd9b6921,Woolworths Supermarket,Household,Armada Premium Napkins 20 pack,825774,$3.00,$0.15 / 1EA,https://www.woolworths.com.au/shop/productdetails/825774/armada-premium-napkins,https://cdn0.woolworths.media/content/wowproductimages/medium/825774.jpg,2020-09-20 15:36:09,,0,Designs may vary,True
0611253a-c17e-464b-89db-79b54600627b,Woolworths Supermarket,Household,Armada Plastic Spoons 20 pack,825810,$2.00,$0.10 / 1EA,https://www.woolworths.com.au/shop/productdetails/825810/armada-plastic-spoons,https://cdn0.woolworths.media/content/wowproductimages/medium/825810.jpg,2020-09-20 15:36:09,,0,,True
de7e2aee-26bb-47a9-a51f-7ff8fef8066f,Woolworths Supermarket,Household,Armada Plastic Forks 20 pack,825890,$2.00,$0.10 / 1EA,https://www.woolworths.com.au/shop/productdetails/825890/armada-plastic-forks,https://cdn0.woolworths.media/content/wowproductimages/medium/825890.jpg,2020-09-20 15:36:09,,0,,True
96446c45-beb4-402a-b92c-45132aaf3296,Woolworths Supermarket,Household,Smash Wetsuit Pencil Case Medium each,825904,$5.00,,https://www.woolworths.com.au/shop/productdetails/825904/smash-wetsuit-pencil-case-medium,https://cdn0.woolworths.media/content/wowproductimages/medium/825904.jpg,2020-09-20 15:36:09,,0,,True
b0dbb1b9-8e6a-474e-b261-7994a5a262e2,Woolworths Supermarket,Household,Armada Plastic Knives 20 pack,825962,$2.00,$0.10 / 1EA,https://www.woolworths.com.au/shop/productdetails/825962/armada-plastic-knives,https://cdn0.woolworths.media/content/wowproductimages/medium/825962.jpg,2020-09-20 15:36:09,,0,,True
b4c183bb-c17d-4f3e-96ec-ede60fe613a2,Woolworths Supermarket,Household,Armada Paper Table Cover each,825967,$5.00,$5.00 / 1EA,https://www.woolworths.com.au/shop/productdetails/825967/armada-paper-table-cover,https://cdn0.woolworths.media/content/wowproductimages/medium/825967.jpg,2020-09-20 15:36:09,,0,,True
e97db518-cd07-4152-bbd1-196459fbcbd5,Woolworths Supermarket,Household,Bonds Comfy Tops Semi Opaque Knee High Black 1 Size each,828610,$5.00,,https://www.woolworths.com.au/shop/productdetails/828610/bonds-comfy-tops-semi-opaque-knee-high-black-1-size,https://cdn0.woolworths.media/content/wowproductimages/medium/828610.jpg,2020-09-20 15:36:09,,0,,True
f74fe364-0d13-4f50-b607-d063db16a92d,Woolworths Supermarket,Household,Bonds Comfy Tops Semi Opaque Knee High Nude 1 Size each,828655,$5.00,,https://www.woolworths.com.au/shop/productdetails/828655/bonds-comfy-tops-semi-opaque-knee-high-nude-1-size,https://cdn0.woolworths.media/content/wowproductimages/medium/828655.jpg,2020-09-20 15:36:09,,0,,True
7bb9cffa-f997-43e8-9835-9d5550cc1be4,Woolworths Supermarket,Household,Bonds Comfy Tops Semi Opaque Tights Black Med-lge each,828671,$8.00,,https://www.woolworths.com.au/shop/productdetails/828671/bonds-comfy-tops-semi-opaque-tights-black-med-lge,https://cdn0.woolworths.media/content/wowproductimages/medium/828671.jpg,2020-09-20 15:36:09,,0,Designs may vary,True
20fa60c1-83c2-4adb-9e1d-e078adc26a1e,Woolworths Supermarket,Household,Bonds Comfy Tops Semi Opaque Tights Black Sml-med each,828673,$8.00,,https://www.woolworths.com.au/shop/productdetails/828673/bonds-comfy-tops-semi-opaque-tights-black-sml-med,https://cdn0.woolworths.media/content/wowproductimages/medium/828673.jpg,2020-09-20 15:36:09,,0,,True
42d28d1d-115e-4e43-9f26-cce5efa9d47c,Woolworths Supermarket,Household,Bonds Comfy Tops Very Opaque Tights Black Med-lge each,828683,$12.00,,https://www.woolworths.com.au/shop/productdetails/828683/bonds-comfy-tops-very-opaque-tights-black-med-lge,https://cdn0.woolworths.media/content/wowproductimages/medium/828683.jpg,2020-09-20 15:36:09,,0,,True
dcebaa31-3b88-4373-ae55-150f52e98215,Woolworths Supermarket,Household,Bonds Comfy Tops Very Opaque Tights Black Sml-med each,828686,$12.00,,https://www.woolworths.com.au/shop/productdetails/828686/bonds-comfy-tops-very-opaque-tights-black-sml-med,https://cdn0.woolworths.media/content/wowproductimages/medium/828686.jpg,2020-09-20 15:36:09,,0,,True
2e0a85d9-3e4e-42c1-84ef-e72916a89bb3,Woolworths Supermarket,Household,Bonds Comfy Tops Slimming Sheer Tights Black Lge each,828720,$8.00,,https://www.woolworths.com.au/shop/productdetails/828720/bonds-comfy-tops-slimming-sheer-tights-black-lge,https://cdn0.woolworths.media/content/wowproductimages/medium/828720.jpg,2020-09-20 15:36:09,,0,,True
85d62778-9e76-45ec-a322-18fdbef1d04e,Woolworths Supermarket,Household,Bonds Low Cut Heel Grip Footlets Nude each,828722,$6.00,,https://www.woolworths.com.au/shop/productdetails/828722/bonds-low-cut-heel-grip-footlets-nude,https://cdn0.woolworths.media/content/wowproductimages/medium/828722.jpg,2020-09-20 15:36:09,,0,,True
8eba2f22-2d3b-4969-89ad-e4b8dc73c453,Woolworths Supermarket,Household,Bonds Comfy Tops Slimming Sheer Tights Black Med each,828724,$8.00,,https://www.woolworths.com.au/shop/productdetails/828724/bonds-comfy-tops-slimming-sheer-tights-black-med,https://cdn0.woolworths.media/content/wowproductimages/medium/828724.jpg,2020-09-20 15:36:09,,0,,True
2bf02ca3-2ee5-4623-a406-7a89a34d6b40,Woolworths Supermarket,Household,Bonds Comfy Tops Slimming Sheer Tights Nude Lge each,828725,$8.00,,https://www.woolworths.com.au/shop/productdetails/828725/bonds-comfy-tops-slimming-sheer-tights-nude-lge,https://cdn0.woolworths.media/content/wowproductimages/medium/828725.jpg,2020-09-20 15:36:09,,0,,True
19f74b7b-8360-449d-98fd-3551a423ce7a,Woolworths Supermarket,Household,Bonds Comfy Tops Slimming Sheer Tights Black Sml each,828726,$8.00,,https://www.woolworths.com.au/shop/productdetails/828726/bonds-comfy-tops-slimming-sheer-tights-black-sml,https://cdn0.woolworths.media/content/wowproductimages/medium/828726.jpg,2020-09-20 15:36:09,,0,,True
f01d128f-587e-44da-aad7-83a3cf8755eb,Woolworths Supermarket,Household,Essentials Matte Tights Black 120d Xtall each,829008,$9.00,,https://www.woolworths.com.au/shop/productdetails/829008/essentials-matte-tights-black-120d-xtall,https://cdn0.woolworths.media/content/wowproductimages/medium/829008.jpg,2020-09-20 15:36:09,,0,,True
97694a6d-9e1c-4c9e-a92f-cff4c2db1070,Woolworths Supermarket,Household,Woolworths Matte Tights Black 120d Tall each,829010,$9.00,,https://www.woolworths.com.au/shop/productdetails/829010/woolworths-matte-tights-black-120d-tall,https://cdn0.woolworths.media/content/wowproductimages/medium/829010.jpg,2020-09-20 15:36:09,,0,,True
4cf43fb5-aacf-41bc-b1fb-7f66a294e794,Woolworths Supermarket,Household,Bonds Comfy Tops Fleecy Leggings Black Tl-xl each,829050,$20.00,,https://www.woolworths.com.au/shop/productdetails/829050/bonds-comfy-tops-fleecy-leggings-black-tl-xl,https://cdn0.woolworths.media/content/wowproductimages/medium/829050.jpg,2020-09-20 15:36:09,,0,Designs may vary,True
1a6db740-4e0a-4c98-aaf5-69207ce7a6d0,Woolworths Supermarket,Household,Essentials Wooden Hangers 5 pack,829152,$5.00,$5.00 / 1EA,https://www.woolworths.com.au/shop/productdetails/829152/essentials-wooden-hangers,https://cdn0.woolworths.media/content/wowproductimages/medium/829152.jpg,2020-09-20 15:36:09,,0,,True
61607cbb-b1f0-4675-8d99-23db5e0f90e0,Woolworths Supermarket,Household,Essentials Plastic Coated Wire Hangers each,829153,$3.00,,https://www.woolworths.com.au/shop/productdetails/829153/essentials-plastic-coated-wire-hangers,https://cdn0.woolworths.media/content/wowproductimages/medium/829153.jpg,2020-09-20 15:36:09,,0,,True
2e8ce7a4-8945-40fa-9504-d25dee4a35f7,Woolworths Supermarket,Household,Essentials Plastic Kids Hangers 6 pack,829154,$2.00,,https://www.woolworths.com.au/shop/productdetails/829154/essentials-plastic-kids-hangers,https://cdn0.woolworths.media/content/wowproductimages/medium/829154.jpg,2020-09-20 15:36:09,,0,,True
eb808660-1363-49d7-a0e5-750902e302f4,Woolworths Supermarket,Household,Essentials Plastic Hangers 12 pack,829156,$3.00,,https://www.woolworths.com.au/shop/productdetails/829156/essentials-plastic-hangers,https://cdn0.woolworths.media/content/wowproductimages/medium/829156.jpg,2020-09-20 15:36:09,,0,,True
7f32a7da-26aa-449c-9da0-200a9ed755a8,Woolworths Supermarket,Household,Essentials Ironing Board Cover each,829325,$10.00,$10.00 / 1EA,https://www.woolworths.com.au/shop/productdetails/829325/essentials-ironing-board-cover,https://cdn0.woolworths.media/content/wowproductimages/medium/829325.jpg,2020-09-20 15:36:09,,0,Designs may vary,True
a8e2e2ff-488e-474d-beda-4ca49b72d749,Woolworths Supermarket,Household,Finish Powder Concentrate Classic Lemon 2kg,829467,$19.50,$0.98 / 100G,https://www.woolworths.com.au/shop/productdetails/829467/finish-powder-concentrate-classic-lemon,https://cdn0.woolworths.media/content/wowproductimages/medium/829467.jpg,2020-09-20 15:36:09,,0,,True
a64c04c7-7029-429b-9e39-9b165e1dd01b,Woolworths Supermarket,Household,Morning Fresh Dishwashing Liquid Original 400ml,829544,$4.30,$1.08 / 100ML,https://www.woolworths.com.au/shop/productdetails/829544/morning-fresh-dishwashing-liquid-original,https://cdn0.woolworths.media/content/wowproductimages/medium/829544.jpg,2020-09-20 15:36:09,,0,,True
6bdcc24a-b3b5-4bef-849b-de5ba522e0c1,Woolworths Supermarket,Household,Morning Fresh Dishwashing Liquid Lemon Fresh 400ml,829558,$4.30,$1.08 / 100ML,https://www.woolworths.com.au/shop/productdetails/829558/morning-fresh-dishwashing-liquid-lemon-fresh,https://cdn0.woolworths.media/content/wowproductimages/medium/829558.jpg,2020-09-20 15:36:09,,0,,True
06d49d1d-e365-416a-8e2d-a1e6dad1f01a,Woolworths Supermarket,Household,Morning Fresh Dishwashing Liquid Peach & Tangerine 400ml,829570,$4.30,$1.08 / 100ML,https://www.woolworths.com.au/shop/productdetails/829570/morning-fresh-dishwashing-liquid-peach-tangerine,https://cdn0.woolworths.media/content/wowproductimages/medium/829570.jpg,2020-09-20 15:36:09,,0,,True
aed8a194-4ae8-4332-94af-7110bd272f89,Woolworths Supermarket,Household,Essentials Wire Skirt & Trouser Hangers 3 pack,829600,$3.75,$1.25 / 1EA,https://www.woolworths.com.au/shop/productdetails/829600/essentials-wire-skirt-trouser-hangers,https://cdn0.woolworths.media/content/wowproductimages/medium/829600.jpg,2020-09-20 15:36:09,,0,,True
815f93ba-0d80-4260-bcce-097c105ffe98,Woolworths Supermarket,Household,Quilton Facial Tissues Soft White 95pk,829630,$1.25,$1.32 / 100SS,https://www.woolworths.com.au/shop/productdetails/829630/quilton-facial-tissues-soft-white,https://cdn0.woolworths.media/content/wowproductimages/medium/829630.jpg,2020-09-20 15:36:09,,0,,True
3e844b1d-8616-4ca9-b3e1-2a368297a5c1,Woolworths Supermarket,Household,Bonds Comfy Tops Very Opaque Leggings Sml-med each,829794,$13.00,,https://www.woolworths.com.au/shop/productdetails/829794/bonds-comfy-tops-very-opaque-leggings-sml-med,https://cdn0.woolworths.media/content/wowproductimages/medium/829794.jpg,2020-09-20 15:36:09,,0,,True
ff39c8e3-cac9-48f9-a81d-8d54726cc3fe,Woolworths Supermarket,Household,Bonds Comfy Tops Very Opaque Leggings Med-lge each,829803,$13.00,,https://www.woolworths.com.au/shop/productdetails/829803/bonds-comfy-tops-very-opaque-leggings-med-lge,https://cdn0.woolworths.media/content/wowproductimages/medium/829803.jpg,2020-09-20 15:36:09,,0,,True
3e9630e4-8109-4394-a4fa-39f9a6cdacd6,Woolworths Supermarket,Household,Essentials Pegs 60 pack,829999,$3.50,$0.06 / 1EA,https://www.woolworths.com.au/shop/productdetails/829999/essentials-pegs,https://cdn0.woolworths.media/content/wowproductimages/medium/829999.jpg,2020-09-20 15:36:09,,0,,True
0f140a2b-23c3-49c0-a686-d26764206172,Woolworths Supermarket,Household,Essentials Collapsible Compact Airer each,830053,$5.00,,https://www.woolworths.com.au/shop/productdetails/830053/essentials-collapsible-compact-airer,https://cdn0.woolworths.media/content/wowproductimages/medium/830053.jpg,2020-09-20 15:36:09,,0,,True
9c36848f-d3d8-4559-95be-fea0852e80f8,Woolworths Supermarket,Household,Smash Glass Barista Buddy Buddy each,830173,$12.00,,https://www.woolworths.com.au/shop/productdetails/830173/smash-glass-barista-buddy-buddy,https://cdn0.woolworths.media/content/wowproductimages/medium/830173.jpg,2020-09-20 15:36:09,,0,,True
5dc25a71-6e57-4779-8f6c-733ad79df3c4,Woolworths Supermarket,Household,Thomas & Friends Colour & Activity Book each,830813,$4.00,,https://www.woolworths.com.au/shop/productdetails/830813/thomas-friends-colour-activity-book,https://cdn0.woolworths.media/content/wowproductimages/medium/830813.jpg,2020-09-20 15:36:09,,0,,True
f5426b17-4261-45a2-9deb-6c931fab7cfc,Woolworths Supermarket,Household,Surf 2in1 Laundry Liquid Detergent Tropical Lily 1l,841315,$4.99,$4.99 / 1L,https://www.woolworths.com.au/shop/productdetails/841315/surf-2in1-laundry-liquid-detergent-tropical-lily,https://cdn0.woolworths.media/content/wowproductimages/medium/841315.jpg,2020-09-20 15:36:09,,0,,True
76bcf7a9-68b4-468f-bafc-07c0293eeec6,Woolworths Supermarket,Household,Surf Front & Top Loader Laundry Liquid Detergent Tropical Lily 2l,841319,$8.00,$4.00 / 1L,https://www.woolworths.com.au/shop/productdetails/841319/surf-front-top-loader-laundry-liquid-detergent-tropical-lily,https://cdn0.woolworths.media/content/wowproductimages/medium/841319.jpg,2020-09-20 15:36:09,,0,Was $8.99 28/08/2017,True
654d66e8-8377-46e5-a273-2338f0cb7e40,Woolworths Supermarket,Household,Eveready Led Metal Light each,841689,$5.00,$5.00 / 1EA,https://www.woolworths.com.au/shop/productdetails/841689/eveready-led-metal-light,https://cdn0.woolworths.media/content/wowproductimages/medium/841689.jpg,2020-09-20 15:36:09,,0,,True
77c53344-8772-4930-affd-8f2ef4623605,Woolworths Supermarket,Household,Air Wick Pure Vanilla Car Single 2.5ml,841860,$3.00,$3.00 / 1EA,https://www.woolworths.com.au/shop/productdetails/841860/air-wick-pure-vanilla-car-single,https://cdn0.woolworths.media/content/wowproductimages/medium/841860.jpg,2020-09-20 15:36:09,,0,,True
b209dcb4-6019-4797-8257-33b0b34a5051,Woolworths Supermarket,Household,Scholl Gelactiv Insoles Men's Work 1 pair,842218,$28.00,,https://www.woolworths.com.au/shop/productdetails/842218/scholl-gelactiv-insoles-men-s-work,https://cdn0.woolworths.media/content/wowproductimages/medium/842218.jpg,2020-09-20 15:36:09,,0,,True
f835bef0-289f-4775-8c86-3b6103a00181,Woolworths Supermarket,Household,Scholl Gelactiv Insoles Women's Everyday 1pk,842221,$28.00,,https://www.woolworths.com.au/shop/productdetails/842221/scholl-gelactiv-insoles-women-s-everyday,https://cdn0.woolworths.media/content/wowproductimages/medium/842221.jpg,2020-09-20 15:36:09,,0,,True
dfbefaf2-c32b-4353-84ae-1dcb716bd5db,Woolworths Supermarket,Household,Scholl Gelactiv Insoles Women's Sport 1 pair,842222,$28.00,,https://www.woolworths.com.au/shop/productdetails/842222/scholl-gelactiv-insoles-women-s-sport,https://cdn0.woolworths.media/content/wowproductimages/medium/842222.jpg,2020-09-20 15:36:09,,0,,True
31205e93-c460-4d0e-965b-221e5b442b84,Woolworths Supermarket,Household,Scholl Gelactiv Insoles Men's Everyday 1pk,842226,$28.00,,https://www.woolworths.com.au/shop/productdetails/842226/scholl-gelactiv-insoles-men-s-everyday,https://cdn0.woolworths.media/content/wowproductimages/medium/842226.jpg,2020-09-20 15:36:09,,0,,True
1a3cf256-2bb8-4c61-b362-695cc7115747,Woolworths Supermarket,Household,Scholl Gelactiv Insoles Women's Work 1 pair,842228,$28.00,,https://www.woolworths.com.au/shop/productdetails/842228/scholl-gelactiv-insoles-women-s-work,https://cdn0.woolworths.media/content/wowproductimages/medium/842228.jpg,2020-09-20 15:36:09,,0,,True
6525b5b5-747e-4592-bd49-7fae7ca82993,Woolworths Supermarket,Household,Air Wick Pure Relaxing With Essential Oil Aerosol 159g,843995,$3.50,$2.20 / 100G,https://www.woolworths.com.au/shop/productdetails/843995/air-wick-pure-relaxing-with-essential-oil-aerosol,https://cdn0.woolworths.media/content/wowproductimages/medium/843995.jpg,2020-09-20 15:36:09,,0,,True
cbdb5f40-04e0-4871-b97a-a32429fe2d64,Woolworths Supermarket,Household,Air Wick Essential Oil Freshmatic Satin Moon Refill 174g,844652,$8.00,$4.60 / 100G,https://www.woolworths.com.au/shop/productdetails/844652/air-wick-essential-oil-freshmatic-satin-moon-refill,https://cdn0.woolworths.media/content/wowproductimages/medium/844652.jpg,2020-09-20 15:36:09,,0,2 for $13.00 $3.74/100G,True
42034d19-645a-4fa0-a7d3-7f414c61b2ec,Woolworths Supermarket,Household,Scotts Osmocote Plus Organics 800g,847742,$8.00,$1.00 / 100G,https://www.woolworths.com.au/shop/productdetails/847742/scotts-osmocote-plus-organics,https://cdn0.woolworths.media/content/wowproductimages/medium/847742.jpg,2020-09-20 15:36:09,,0,,True
210b205e-a34f-40f2-af04-19a1c1b8eda0,Woolworths Supermarket,Household,Energizer Max Aaa Aaa Batteries 24 pack,848417,$25.00,$1.04 / 1EA,https://www.woolworths.com.au/shop/productdetails/848417/energizer-max-aaa-aaa-batteries,https://cdn0.woolworths.media/content/wowproductimages/medium/848417.jpg,2020-09-20 15:36:09,,0,,True
cd794765-09e1-4f0d-a96e-76eccb0a4777,Woolworths Supermarket,Household,Wiltshire Loaf Pan 24cm each,848421,$9.00,,https://www.woolworths.com.au/shop/productdetails/848421/wiltshire-loaf-pan-24cm,https://cdn0.woolworths.media/content/wowproductimages/medium/848421.jpg,2020-09-20 15:36:09,,0,,True
14074640-352b-488d-af29-159f0d234211,Woolworths Supermarket,Household,Wiltshire Slice Brownie Pan each,848422,$9.00,,https://www.woolworths.com.au/shop/productdetails/848422/wiltshire-slice-brownie-pan,https://cdn0.woolworths.media/content/wowproductimages/medium/848422.jpg,2020-09-20 15:36:09,,0,,True
610c58af-a7e9-467c-963f-7f163e821872,Woolworths Supermarket,Household,Wiltshire Square Pan 20cm each,848424,$8.00,,https://www.woolworths.com.au/shop/productdetails/848424/wiltshire-square-pan-20cm,https://cdn0.woolworths.media/content/wowproductimages/medium/848424.jpg,2020-09-20 15:36:09,,0,,True
97c1ee38-b558-45d9-9773-a722dbfbdfb6,Woolworths Supermarket,Household,Wiltshire Round Pan 20cm each,848425,$8.00,,https://www.woolworths.com.au/shop/productdetails/848425/wiltshire-round-pan-20cm,https://cdn0.woolworths.media/content/wowproductimages/medium/848425.jpg,2020-09-20 15:36:09,,0,,True
914fc72a-9c50-4746-86ec-86888df52328,Woolworths Supermarket,Household,Energizer Max Aa Batteries 30 pack,848427,$25.00,$0.83 / 1EA,https://www.woolworths.com.au/shop/productdetails/848427/energizer-max-aa-batteries,https://cdn0.woolworths.media/content/wowproductimages/medium/848427.jpg,2020-09-20 15:36:09,,0,,True
61fa2201-e6ad-4b5b-98a9-a107315bd973,Woolworths Supermarket,Household,Wiltshire Cookie Sheet 34cm each,848435,$9.00,,https://www.woolworths.com.au/shop/productdetails/848435/wiltshire-cookie-sheet-34cm,https://cdn0.woolworths.media/content/wowproductimages/medium/848435.jpg,2020-09-20 15:36:09,,0,,True
ba3e3f7f-548d-48c7-8e10-10e53c75638b,Woolworths Supermarket,Household,Wiltshire Roast Pan 37cm X 26.5cm each,848477,$16.00,,https://www.woolworths.com.au/shop/productdetails/848477/wiltshire-roast-pan-37cm-x-26-5cm,https://cdn0.woolworths.media/content/wowproductimages/medium/848477.jpg,2020-09-20 15:36:09,,0,,True
b2d597e1-dd1f-4396-9ff5-d50888e07a44,Woolworths Supermarket,Household,Sistema Mini Bites Stackable Containers Bpa Free 3x130ml,850092,$6.00,,https://www.woolworths.com.au/shop/productdetails/850092/sistema-mini-bites-stackable-containers-bpa-free,https://cdn0.woolworths.media/content/wowproductimages/medium/850092.jpg,2020-09-20 15:36:09,,0,Designs may vary,True
c8fbbe59-0659-4a3b-8811-ff608de91bdc,Woolworths Supermarket,Household,Quilton Toilet Tissue 3 Ply White 180 Sheets 24 pack,851925,$12.00,$0.28 / 100SS,https://www.woolworths.com.au/shop/productdetails/851925/quilton-toilet-tissue-3-ply-white-180-sheets,https://cdn0.woolworths.media/content/wowproductimages/medium/851925.jpg,2020-09-20 15:36:09,,0,,True
49824c34-f26f-448b-aa49-b8968bbafbf0,Woolworths Supermarket,Household,Ajax Eco Antibacterial Disinfectant Cleaning Wipes Lemon 110 pack,852031,$8.00,$0.07 / 1EA,https://www.woolworths.com.au/shop/productdetails/852031/ajax-eco-antibacterial-disinfectant-cleaning-wipes-lemon,https://cdn0.woolworths.media/content/wowproductimages/medium/852031.jpg,2020-09-20 15:36:09,,0,,True
613efbe6-4df0-4684-b401-69fceb21986c,Woolworths Supermarket,Household,Ajax Eco Antibacterial Disinfectant Cleaning Wipes Vanilla 110 pack,852032,$8.00,$0.07 / 1EA,https://www.woolworths.com.au/shop/productdetails/852032/ajax-eco-antibacterial-disinfectant-cleaning-wipes-vanilla,https://cdn0.woolworths.media/content/wowproductimages/medium/852032.jpg,2020-09-20 15:36:09,,0,,True
578f41ee-0d05-45dc-a4a2-978fe0a2eb94,Woolworths Supermarket,Household,Finish All In 1 Max Dishwashing Fast Dissolving Gel Lemon 1l,852178,$14.00,$1.40 / 100ML,https://www.woolworths.com.au/shop/productdetails/852178/finish-all-in-1-max-dishwashing-fast-dissolving-gel-lemon,https://cdn0.woolworths.media/content/wowproductimages/medium/852178.jpg,2020-09-20 15:36:09,,0,Was $15.00 10/06/2019,True
d9636835-016b-4142-a6bf-a9d1e27657bb,Woolworths Supermarket,Household,Essentials Nylon Spoon each,853992,$2.00,,https://www.woolworths.com.au/shop/productdetails/853992/essentials-nylon-spoon,https://cdn0.woolworths.media/content/wowproductimages/medium/853992.jpg,2020-09-20 15:36:09,,0,,True
ff34b6d9-69bf-4eea-a658-df9a9d8c5633,Woolworths Supermarket,Household,Dynamo Professional Dual Capsules 26 pack,854140,$12.00,$0.46 / 1EA,https://www.woolworths.com.au/shop/productdetails/854140/dynamo-professional-dual-capsules,https://cdn0.woolworths.media/content/wowproductimages/medium/854140.jpg,2020-09-20 15:36:09,,0,,True
dc79ef6d-b5cd-4c6b-83bc-e786baa3e73b,Woolworths Supermarket,Household,Lovable Care & Refresh Laundry Liquid 1.5l,854141,$6.00,$4.00 / 1L,https://www.woolworths.com.au/shop/productdetails/854141/lovable-care-refresh-laundry-liquid,https://cdn0.woolworths.media/content/wowproductimages/medium/854141.jpg,2020-09-20 15:36:09,,0,,True
af898f9e-c6a5-4144-832b-c82c3a4aff95,Woolworths Supermarket,Household,Woolworths Essentials Slotted Turner Nylon each,854195,$2.00,,https://www.woolworths.com.au/shop/productdetails/854195/woolworths-essentials-slotted-turner-nylon,https://cdn0.woolworths.media/content/wowproductimages/medium/854195.jpg,2020-09-20 15:36:09,,0,,True
2a6ef0fd-0686-47a7-b8c6-a81a982b7538,Woolworths Supermarket,Household,Yates Tomato & Veg Dust 500g,856314,$10.40,$2.08 / 100G,https://www.woolworths.com.au/shop/productdetails/856314/yates-tomato-veg-dust,https://cdn0.woolworths.media/content/wowproductimages/medium/856314.jpg,2020-09-20 15:36:09,,0,,True
50e82fd1-3350-412a-a7ce-e7ff74dd05b9,Woolworths Supermarket,Household,Green Gardener Secateurs each,860140,$6.00,,https://www.woolworths.com.au/shop/productdetails/860140/green-gardener-secateurs,https://cdn0.woolworths.media/content/wowproductimages/medium/860140.jpg,2020-09-20 15:36:09,,0,,True
22793d85-4398-44fe-8064-5d2df684c3f9,Woolworths Supermarket,Household,Crayola Color & Sticker Book Frozen each,860180,$5.00,,https://www.woolworths.com.au/shop/productdetails/860180/crayola-color-sticker-book-frozen,https://cdn0.woolworths.media/content/wowproductimages/medium/860180.jpg,2020-09-20 15:36:09,,0,,True
20c591dd-f34c-472d-afb4-75638aa3e54e,Woolworths Supermarket,Household,Essentials Heavy Duty Sponge Scourer 3 pack,861174,$1.99,$0.66 / 1EA,https://www.woolworths.com.au/shop/productdetails/861174/essentials-heavy-duty-sponge-scourer,https://cdn0.woolworths.media/content/wowproductimages/medium/861174.jpg,2020-09-20 15:36:09,,0,,True
2ff5a710-d69a-4ff2-9ba6-3131ee09d57f,Woolworths Supermarket,Household,Comfort Fabric Conditioner Vanilla Orchid 750ml,861324,$6.99,$9.32 / 1L,https://www.woolworths.com.au/shop/productdetails/861324/comfort-fabric-conditioner-vanilla-orchid,https://cdn0.woolworths.media/content/wowproductimages/medium/861324.jpg,2020-09-20 15:36:09,,0,,True
b3ebe355-4699-49b0-9627-570d44bc2744,Woolworths Supermarket,Household,Essentials Non Scratch Sponge Scourers 3 pack,861620,$1.99,$0.66 / 1EA,https://www.woolworths.com.au/shop/productdetails/861620/essentials-non-scratch-sponge-scourers,https://cdn0.woolworths.media/content/wowproductimages/medium/861620.jpg,2020-09-20 15:36:09,Average product rating out of 5: 4.3. Product score is based on 631 ratings,631,,True
f543acf4-f129-489e-8245-7dcc3ea7c301,Woolworths Supermarket,Household,Fab Laundry Liquid Essential Oils Indian Nights 1.8l,862634,$8.00,$4.44 / 1L,https://www.woolworths.com.au/shop/productdetails/862634/fab-laundry-liquid-essential-oils-indian-nights,https://cdn0.woolworths.media/content/wowproductimages/medium/862634.jpg,2020-09-20 15:36:09,,0,,True
63bf903b-ddae-4dfc-9807-e8148b41fb14,Woolworths Supermarket,Household,Fab Laundry Powder Essential Oils Indian Nights 1.8kg,862635,$7.00,$3.89 / 1KG,https://www.woolworths.com.au/shop/productdetails/862635/fab-laundry-powder-essential-oils-indian-nights,https://cdn0.woolworths.media/content/wowproductimages/medium/862635.jpg,2020-09-20 15:36:09,,0,,True
6be58f66-e555-423c-8190-8f8f63198306,Woolworths Supermarket,Household,Fab Laundry Liquid Fresh Blossom 2l,862708,$8.00,$4.00 / 1L,https://www.woolworths.com.au/shop/productdetails/862708/fab-laundry-liquid-fresh-blossom,https://cdn0.woolworths.media/content/wowproductimages/medium/862708.jpg,2020-09-20 15:36:09,,0,Was $9.00 17/06/2019,True
1b4f7c93-b05f-4fe2-a970-2d6f4d726fdd,Woolworths Supermarket,Household,Dynamo Laundry Dual Capsules Odour Eliminating 26 pack,862714,$12.00,$0.46 / 1EA,https://www.woolworths.com.au/shop/productdetails/862714/dynamo-laundry-dual-capsules-odour-eliminating,https://cdn0.woolworths.media/content/wowproductimages/medium/862714.jpg,2020-09-20 15:36:09,,0,,True
f2e6f0b9-e57b-4f09-b931-f9cb3765ff9d,Woolworths Supermarket,Household,Cuddly Concentrate Fabric Softener Charcoal & Lime 900ml,862899,$4.49,$4.99 / 1L,https://www.woolworths.com.au/shop/productdetails/862899/cuddly-concentrate-fabric-softener-charcoal-lime,https://cdn0.woolworths.media/content/wowproductimages/medium/862899.jpg,2020-09-20 15:36:09,,0,,True
d0f06b0b-5f52-4006-8626-2f473d80b84f,Woolworths Supermarket,Household,Cuddly Fabric Softener Japanese Cherry Blossom 1.9l,863000,$15.00,$7.89 / 1L,https://www.woolworths.com.au/shop/productdetails/863000/cuddly-fabric-softener-japanese-cherry-blossom,https://cdn0.woolworths.media/content/wowproductimages/medium/863000.jpg,2020-09-20 15:36:09,,0,,True
373bd4b0-67d2-4dc1-a372-f678ea5bd88a,Woolworths Supermarket,Household,Fluffy Fabric Softener Divine Blends Vanilla & Coconut 1.9l,863045,$13.00,$6.84 / 1L,https://www.woolworths.com.au/shop/productdetails/863045/fluffy-fabric-softener-divine-blends-vanilla-coconut,https://cdn0.woolworths.media/content/wowproductimages/medium/863045.jpg,2020-09-20 15:36:09,,0,,True
bfa2cdac-bd5d-46b2-9c9b-816b19064aa4,Woolworths Supermarket,Household,Spotgo Surface / Bbq Degreaser 500ml,863127,$8.00,$1.60 / 100ML,https://www.woolworths.com.au/shop/productdetails/863127/spotgo-surface-bbq-degreaser,https://cdn0.woolworths.media/content/wowproductimages/medium/863127.jpg,2020-09-20 15:36:09,,0,,True
1dea402f-8e76-4f3c-b623-d5a59bf438a4,Woolworths Supermarket,Household,Fluffy Pure Scents Fabric Softener Creamy Coconut 1l,863218,$7.00,$7.00 / 1L,https://www.woolworths.com.au/shop/productdetails/863218/fluffy-pure-scents-fabric-softener-creamy-coconut,https://cdn0.woolworths.media/content/wowproductimages/medium/863218.jpg,2020-09-20 15:36:09,,0,,True
3a4230e1-7ea3-4034-b58e-887105c4b13c,Woolworths Supermarket,Household,Finish Max In 1 Dishwashing Gel 650ml,863729,$10.00,$1.54 / 100ML,https://www.woolworths.com.au/shop/productdetails/863729/finish-max-in-1-dishwashing-gel,https://cdn0.woolworths.media/content/wowproductimages/medium/863729.jpg,2020-09-20 15:36:09,,0,Was $10.99 07/11/16,True
f2090d99-3554-42f1-ac6c-08fbe5e1b409,Woolworths Supermarket,Household,Huggie Quick Dry Fabric Softener Honeysuckle 1l,863885,$8.00,$8.00 / 1L,https://www.woolworths.com.au/shop/productdetails/863885/huggie-quick-dry-fabric-softener-honeysuckle,https://cdn0.woolworths.media/content/wowproductimages/medium/863885.jpg,2020-09-20 15:36:09,,0,,True
9a46ddce-9865-440b-908e-95eacb0eecf1,Woolworths Supermarket,Household,Softly Fabric Softener Woolwash Eucalyptus 1.25l,863920,$5.65,$4.52 / 1L,https://www.woolworths.com.au/shop/productdetails/863920/softly-fabric-softener-woolwash-eucalyptus,https://cdn0.woolworths.media/content/wowproductimages/medium/863920.jpg,2020-09-20 15:36:09,,0,,True
9f6efd0e-80c8-4a5e-92dd-c1900cefd42f,Woolworths Supermarket,Household,Bosisto's Sensitive Laundry Liquid 1.2l,864345,$7.70,$6.42 / 1L,https://www.woolworths.com.au/shop/productdetails/864345/bosisto-s-sensitive-laundry-liquid,https://cdn0.woolworths.media/content/wowproductimages/medium/864345.jpg,2020-09-20 15:36:09,,0,,True
8338877e-877a-443e-bdcb-cb5393b71e98,Woolworths Supermarket,Household,Thomas & Friends Metal Engine Assorted each,864805,$5.00,,https://www.woolworths.com.au/shop/productdetails/864805/thomas-friends-metal-engine-assorted,https://cdn0.woolworths.media/content/wowproductimages/medium/864805.jpg,2020-09-20 15:36:09,,0,,True
44b76072-f133-4f74-a811-c6d7a70026a3,Woolworths Supermarket,Household,Orange Power Spot & Goo Remover 110ml,864937,$5.30,$4.82 / 100ML,https://www.woolworths.com.au/shop/productdetails/864937/orange-power-spot-goo-remover,https://cdn0.woolworths.media/content/wowproductimages/medium/864937.jpg,2020-09-20 15:36:09,,0,,True
ea0214de-8d80-4814-bb11-2080c24a48e1,Woolworths Supermarket,Household,Multix Greener 60% Plant Based Kitchen Tidy Garbage Bags M 25 pack,866360,$4.50,$0.18 / 1EA,https://www.woolworths.com.au/shop/productdetails/866360/multix-greener-60-plant-based-kitchen-tidy-garbage-bags-m,https://cdn0.woolworths.media/content/wowproductimages/medium/866360.jpg,2020-09-20 15:36:09,,0,,True
57cd0878-c706-4dcd-a1a9-de545e02d426,Woolworths Supermarket,Household,Dettol Healthy Clean Antibacterial Kitchen Cleaner Trigger Spray 500ml,866763,$4.50,$0.90 / 100ML,https://www.woolworths.com.au/shop/productdetails/866763/dettol-healthy-clean-antibacterial-kitchen-cleaner-trigger-spray,https://cdn0.woolworths.media/content/wowproductimages/medium/866763.jpg,2020-09-20 15:36:09,,0,,True
114d4952-a115-4539-a932-e2eae0428f6f,Woolworths Supermarket,Household,Dettol Healthy Clean Antibacterial Bathroom Cleaner Trigger Spray 500ml,866834,$4.50,$0.90 / 100ML,https://www.woolworths.com.au/shop/productdetails/866834/dettol-healthy-clean-antibacterial-bathroom-cleaner-trigger-spray,https://cdn0.woolworths.media/content/wowproductimages/medium/866834.jpg,2020-09-20 15:36:09,,0,,True
d17d8ae4-a59c-4d67-bca6-1c4f0616ecac,Woolworths Supermarket,Household,Discovery Garden Kids Garden Tools each,866878,$5.00,,https://www.woolworths.com.au/shop/productdetails/866878/discovery-garden-kids-garden-tools,https://cdn0.woolworths.media/content/wowproductimages/medium/866878.jpg,2020-09-20 15:36:09,,0,Designs may vary,True
843091a4-f584-4a70-9849-5c03495d6eb2,Woolworths Supermarket,Household,Surf Laundry Powder Floral Spice Orchid Vanilla 2kg,867106,$7.00,$3.50 / 1KG,https://www.woolworths.com.au/shop/productdetails/867106/surf-laundry-powder-floral-spice-orchid-vanilla,https://cdn0.woolworths.media/content/wowproductimages/medium/867106.jpg,2020-09-20 15:36:09,,0,Was $8.50 30/05/2016,True
97eb1200-8e4b-44b5-8e97-9401331074eb,Woolworths Supermarket,Household,Omo Ultimate Laundry Powder 1.8kg,867137,$22.00,$12.22 / 1KG,https://www.woolworths.com.au/shop/productdetails/867137/omo-ultimate-laundry-powder,https://cdn0.woolworths.media/content/wowproductimages/medium/867137.jpg,2020-09-20 15:36:09,,0,,True
e57f1e72-a083-40ac-b307-f4e2a298a7ff,Woolworths Supermarket,Household,Radiant Defence Laundry Liquid 1.8l,867312,$8.00,$4.44 / 1L,https://www.woolworths.com.au/shop/productdetails/867312/radiant-defence-laundry-liquid,https://cdn0.woolworths.media/content/wowproductimages/medium/867312.jpg,2020-09-20 15:36:09,,0,,True
6bfffdd6-a3bd-4d38-86c6-b2cf8aa463f7,Woolworths Supermarket,Household,Biozet Laundry Liquid Attack Plus Quick Wash 2l,867313,$22.00,$11.00 / 1L,https://www.woolworths.com.au/shop/productdetails/867313/biozet-laundry-liquid-attack-plus-quick-wash,https://cdn0.woolworths.media/content/wowproductimages/medium/867313.jpg,2020-09-20 15:36:09,,0,,True
b099494d-4d72-4b36-b4ef-dad0896d3448,Woolworths Supermarket,Household,Vileda Microfibre Duster each,870364,$14.00,$14.00 / 1EA,https://www.woolworths.com.au/shop/productdetails/870364/vileda-microfibre-duster,https://cdn0.woolworths.media/content/wowproductimages/medium/870364.jpg,2020-09-20 15:36:09,,0,,True
1c1a5f7f-c425-42af-840b-26e9c997dd42,Woolworths Supermarket,Household,For Him Men's Garden Shoes each,870876,$5.00,,https://www.woolworths.com.au/shop/productdetails/870876/for-him-men-s-garden-shoes,https://cdn0.woolworths.media/content/wowproductimages/medium/870876.jpg,2020-09-20 15:36:09,,0,Designs may vary,True
d3027dc2-e48d-4677-a8a7-ea88a45e878d,Woolworths Supermarket,Household,Strike Bath & Shower Cleaner 750ml,870885,$2.50,$0.33 / 100ML,https://www.woolworths.com.au/shop/productdetails/870885/strike-bath-shower-cleaner,https://cdn0.woolworths.media/content/wowproductimages/medium/870885.jpg,2020-09-20 15:36:09,,0,,True
82102875-4d4e-42ca-98aa-2b6daa51d94f,Woolworths Supermarket,Household,Strike Glass Cleaner 750ml,870920,$1.70,$0.23 / 100ML,https://www.woolworths.com.au/shop/productdetails/870920/strike-glass-cleaner,https://cdn0.woolworths.media/content/wowproductimages/medium/870920.jpg,2020-09-20 15:36:09,,0,,True
49f76eb3-d61e-457a-a741-3a65f2d0ab39,Woolworths Supermarket,Household,Monopoly Deal Card Game 1ea,870997,$10.00,,https://www.woolworths.com.au/shop/productdetails/870997/monopoly-deal-card-game,https://cdn0.woolworths.media/content/wowproductimages/medium/870997.jpg,2020-09-20 15:36:09,,0,,True
fd5445fa-2db6-49ae-a232-4cf100c607ca,Woolworths Supermarket,Household,Philips Led 470lm Warm Es 2 pack,871331,$13.00,$6.50 / 1EA,https://www.woolworths.com.au/shop/productdetails/871331/philips-led-470lm-warm-es,https://cdn0.woolworths.media/content/wowproductimages/medium/871331.jpg,2020-09-20 15:36:09,,0,,True
3b24770b-4172-41d5-a39b-d95629044579,Woolworths Supermarket,Household,Philips Led 470lm Warm Bc 2 pack,871580,$13.00,$6.50 / 1EA,https://www.woolworths.com.au/shop/productdetails/871580/philips-led-470lm-warm-bc,https://cdn0.woolworths.media/content/wowproductimages/medium/871580.jpg,2020-09-20 15:36:09,,0,,True
e7551a94-f9eb-49fb-a467-b47a272dc6a4,Woolworths Supermarket,Household,Philips Led 806lm Cool Bc 2 pack,871588,$13.00,$6.50 / 1EA,https://www.woolworths.com.au/shop/productdetails/871588/philips-led-806lm-cool-bc,https://cdn0.woolworths.media/content/wowproductimages/medium/871588.jpg,2020-09-20 15:36:09,,0,,True
03aced7a-7eb4-4e00-b0b1-54f3b299e991,Woolworths Supermarket,Household,Philips Led 470lm Cool Es 2 pack,871590,$13.00,$6.50 / 1EA,https://www.woolworths.com.au/shop/productdetails/871590/philips-led-470lm-cool-es,https://cdn0.woolworths.media/content/wowproductimages/medium/871590.jpg,2020-09-20 15:36:09,,0,,True
84559a1c-763f-401f-966a-3ec74e1669cf,Woolworths Supermarket,Household,Philips Led 806lm Warm Es 2 pack,871591,$13.00,$6.50 / 1EA,https://www.woolworths.com.au/shop/productdetails/871591/philips-led-806lm-warm-es,https://cdn0.woolworths.media/content/wowproductimages/medium/871591.jpg,2020-09-20 15:36:09,,0,,True
09b7b390-2f68-4093-bccd-04257c501476,Woolworths Supermarket,Household,Philips Led 806lm Warm Bc 2 pack,871592,$13.00,$6.50 / 1EA,https://www.woolworths.com.au/shop/productdetails/871592/philips-led-806lm-warm-bc,https://cdn0.woolworths.media/content/wowproductimages/medium/871592.jpg,2020-09-20 15:36:09,,0,,True
ec44be63-4423-46ae-aaf8-7e3f2d642e95,Woolworths Supermarket,Household,Philips Led 806lm Cool Es 2 pack,871593,$13.00,$6.50 / 1EA,https://www.woolworths.com.au/shop/productdetails/871593/philips-led-806lm-cool-es,https://cdn0.woolworths.media/content/wowproductimages/medium/871593.jpg,2020-09-20 15:36:09,,0,,True
0664b63d-a830-4e4d-b9f3-892cabc46d75,Woolworths Supermarket,Household,Philips Led 1055lm Cool Es 2 pack,871594,$13.00,$6.50 / 1EA,https://www.woolworths.com.au/shop/productdetails/871594/philips-led-1055lm-cool-es,https://cdn0.woolworths.media/content/wowproductimages/medium/871594.jpg,2020-09-20 15:36:09,,0,,True
35e4b9c6-6e83-4fe3-bae9-834f8339383e,Woolworths Supermarket,Household,Philips Led 1400lm Cool Bc 2 pack,871596,$15.00,$7.50 / 1EA,https://www.woolworths.com.au/shop/productdetails/871596/philips-led-1400lm-cool-bc,https://cdn0.woolworths.media/content/wowproductimages/medium/871596.jpg,2020-09-20 15:36:09,,0,,True
9955f8f7-e948-4c69-81f7-4341092aaddb,Woolworths Supermarket,Household,Philips Led 470lm Ses Candle Ww Frosted each,871598,$6.50,$6.50 / 1EA,https://www.woolworths.com.au/shop/productdetails/871598/philips-led-470lm-ses-candle-ww-frosted,https://cdn0.woolworths.media/content/wowproductimages/medium/871598.jpg,2020-09-20 15:36:09,,0,,True
7e458fea-4aa5-46ff-9a70-e3e5fd07ecdb,Woolworths Supermarket,Household,Philips Led 470lm Bc Fancy Round Ww Frosted each,871599,$6.50,$6.50 / 1EA,https://www.woolworths.com.au/shop/productdetails/871599/philips-led-470lm-bc-fancy-round-ww-frosted,https://cdn0.woolworths.media/content/wowproductimages/medium/871599.jpg,2020-09-20 15:36:09,,0,,True
1a3c8c59-317e-4051-b7ba-85e1d4e55f81,Woolworths Supermarket,Household,Philips Led 1055lm Warm Es 2 pack,871600,$13.00,$6.50 / 1EA,https://www.woolworths.com.au/shop/productdetails/871600/philips-led-1055lm-warm-es,https://cdn0.woolworths.media/content/wowproductimages/medium/871600.jpg,2020-09-20 15:36:09,,0,,True
53510189-7734-4017-ab6d-0c2f89497dca,Woolworths Supermarket,Household,Philips Led 1055lm Warm Bc 2 pack,871601,$13.00,$6.50 / 1EA,https://www.woolworths.com.au/shop/productdetails/871601/philips-led-1055lm-warm-bc,https://cdn0.woolworths.media/content/wowproductimages/medium/871601.jpg,2020-09-20 15:36:09,,0,,True
23cdd927-4e32-4c5d-a90f-d0196359d529,Woolworths Supermarket,Household,Philips Led 1055lm Cool Bc 2 pack,871608,$13.00,$6.50 / 1EA,https://www.woolworths.com.au/shop/productdetails/871608/philips-led-1055lm-cool-bc,https://cdn0.woolworths.media/content/wowproductimages/medium/871608.jpg,2020-09-20 15:36:09,,0,,True
fd995249-cd9d-42b9-bd21-1c57011ca03e,Woolworths Supermarket,Household,Philips Led 1400lm Warm Bc 2 pack,871611,$15.00,$7.50 / 1EA,https://www.woolworths.com.au/shop/productdetails/871611/philips-led-1400lm-warm-bc,https://cdn0.woolworths.media/content/wowproductimages/medium/871611.jpg,2020-09-20 15:36:09,,0,,True
df6c8b32-b490-4580-b520-1bd90fea26f6,Woolworths Supermarket,Household,Philips Led 1400lm Cool Es 2 pack,871612,$15.00,$7.50 / 1EA,https://www.woolworths.com.au/shop/productdetails/871612/philips-led-1400lm-cool-es,https://cdn0.woolworths.media/content/wowproductimages/medium/871612.jpg,2020-09-20 15:36:09,,0,,True
3745f38b-a86a-480d-aec8-8df9175fde1d,Woolworths Supermarket,Household,Philips Led 470lm Bc Candle Ww Frosted each,871623,$6.50,$6.50 / 1EA,https://www.woolworths.com.au/shop/productdetails/871623/philips-led-470lm-bc-candle-ww-frosted,https://cdn0.woolworths.media/content/wowproductimages/medium/871623.jpg,2020-09-20 15:36:09,,0,,True
7cc037e4-2e82-4455-b8d6-8ab3450a9693,Woolworths Supermarket,Household,Philips Led 470lm Sbc Candle Ww Clear each,871624,$6.50,$6.50 / 1EA,https://www.woolworths.com.au/shop/productdetails/871624/philips-led-470lm-sbc-candle-ww-clear,https://cdn0.woolworths.media/content/wowproductimages/medium/871624.jpg,2020-09-20 15:36:09,,0,,True
eb77223a-51a1-40e4-b4e1-3defa2203357,Woolworths Supermarket,Household,Philips Led 470lm Ses Candle Ww Clear each,871625,$6.50,$6.50 / 1EA,https://www.woolworths.com.au/shop/productdetails/871625/philips-led-470lm-ses-candle-ww-clear,https://cdn0.woolworths.media/content/wowproductimages/medium/871625.jpg,2020-09-20 15:36:09,,0,,True
4d09e78c-bae4-4876-b9ea-5e097fba5782,Woolworths Supermarket,Household,Philips Led 470lm Bc Candle Ww Clear each,871637,$6.50,$6.50 / 1EA,https://www.woolworths.com.au/shop/productdetails/871637/philips-led-470lm-bc-candle-ww-clear,https://cdn0.woolworths.media/content/wowproductimages/medium/871637.jpg,2020-09-20 15:36:09,,0,,True
1f8cb327-ad35-4cdf-87f5-edd9287db826,Woolworths Supermarket,Household,Philips Led 250lm Fancy Round Bc Ww Clear each,872058,$6.50,$6.50 / 1EA,https://www.woolworths.com.au/shop/productdetails/872058/philips-led-250lm-fancy-round-bc-ww-clear,https://cdn0.woolworths.media/content/wowproductimages/medium/872058.jpg,2020-09-20 15:36:09,,0,,True
a064634b-81dc-4dbb-98c0-cf8fa27a8084,Woolworths Supermarket,Household,Philips Led Reflector R39 each,872059,$10.50,$10.50 / 1EA,https://www.woolworths.com.au/shop/productdetails/872059/philips-led-reflector-r39,https://cdn0.woolworths.media/content/wowproductimages/medium/872059.jpg,2020-09-20 15:36:09,,0,,True
26aadcfa-8873-42a9-8e85-fb32341db096,Woolworths Supermarket,Household,Naturoma Long Lasting Gel Air Freshener 220g,875113,$3.00,$1.36 / 100G,https://www.woolworths.com.au/shop/productdetails/875113/naturoma-long-lasting-gel-air-freshener,https://cdn0.woolworths.media/content/wowproductimages/medium/875113.jpg,2020-09-20 15:36:09,,0,Designs may vary,True
7e545e85-85b5-4f30-8a4b-4eb28e223879,Woolworths Supermarket,Household,Mirabella Genio Wifi Dimmable 9w Led Light Bulb each,877102,$20.00,$20.00 / 1EA,https://www.woolworths.com.au/shop/productdetails/877102/mirabella-genio-wifi-dimmable-9w-led-light-bulb,https://cdn0.woolworths.media/content/wowproductimages/medium/877102.jpg,2020-09-20 15:36:09,,0,,True
e783088e-0175-4da3-9034-350ff0be7f9c,Woolworths Supermarket,Household,Lego Mixed Assorted 2019 each,878566,$16.00,,https://www.woolworths.com.au/shop/productdetails/878566/lego-mixed-assorted-2019,https://cdn0.woolworths.media/content/wowproductimages/medium/878566.jpg,2020-09-20 15:36:09,,0,Designs may vary,True
c0cd17a5-d127-4f6b-ac27-e9667ebe7563,Woolworths Supermarket,Household,Elle Magazine Special Bonus Gift With Purchase each,879093,$9.99,,https://www.woolworths.com.au/shop/productdetails/879093/elle-magazine-special-bonus-gift-with-purchase,https://cdn0.woolworths.media/content/wowproductimages/medium/879093.jpg,2020-09-20 15:36:09,,0,,True
f3abf516-ee32-40af-aa30-216e00bb3ed4,Woolworths Supermarket,Household,Clean Boost Laundry Sanitiser 1l,879665,$4.00,$4.00 / 1L,https://www.woolworths.com.au/shop/productdetails/879665/clean-boost-laundry-sanitiser,https://cdn0.woolworths.media/content/wowproductimages/medium/879665.jpg,2020-09-20 15:36:09,,0,,True
3bc8367d-00a4-463e-9ef7-b8c21c8e24f1,Woolworths Supermarket,Household,Fab Sunshine Fresh Front & Top Loader Laundry Powder 1kg,879965,$4.49,$4.49 / 1KG,https://www.woolworths.com.au/shop/productdetails/879965/fab-sunshine-fresh-front-top-loader-laundry-powder,https://cdn0.woolworths.media/content/wowproductimages/medium/879965.jpg,2020-09-20 15:36:09,,0,,True
d8ccd762-4cb8-48e1-a907-2846fdc53b64,Woolworths Supermarket,Household,Fab Frangipani Front & Top Loader Laundry Powder 1kg,880018,$4.49,$4.49 / 1KG,https://www.woolworths.com.au/shop/productdetails/880018/fab-frangipani-front-top-loader-laundry-powder,https://cdn0.woolworths.media/content/wowproductimages/medium/880018.jpg,2020-09-20 15:36:09,,0,,True
7f4bd523-0de9-44ca-a3a7-0ec8ae3611b8,Woolworths Supermarket,Household,Fab Frangipani Front & Top Loader Laundry Powder 4kg,880026,$12.99,$3.25 / 1KG,https://www.woolworths.com.au/shop/productdetails/880026/fab-frangipani-front-top-loader-laundry-powder,https://cdn0.woolworths.media/content/wowproductimages/medium/880026.jpg,2020-09-20 15:36:09,,0,,True
e3e79b1e-af25-459b-bd60-1673861d3c8b,Woolworths Supermarket,Household,Fairy Platinum Plus Dishwasher Tablets Lemon 45 pack,880197,$35.00,$0.78 / 1EA,https://www.woolworths.com.au/shop/productdetails/880197/fairy-platinum-plus-dishwasher-tablets-lemon,https://cdn0.woolworths.media/content/wowproductimages/medium/880197.jpg,2020-09-20 15:36:09,,0,,True
365952dc-df44-46f8-9632-ff2b22e420fd,Woolworths Supermarket,Household,Woolworths Highlighters Assorted Colours 6 pack,881328,$4.00,,https://www.woolworths.com.au/shop/productdetails/881328/woolworths-highlighters-assorted-colours,https://cdn0.woolworths.media/content/wowproductimages/medium/881328.jpg,2020-09-20 15:36:09,,0,,True
ac19993b-ccc8-43a0-b38a-1b6211e60845,Woolworths Supermarket,Household,Bonds Mens Work Crew Socks Size 6+ 3 pack,881352,$16.00,,https://www.woolworths.com.au/shop/productdetails/881352/bonds-mens-work-crew-socks-size-6-,https://cdn0.woolworths.media/content/wowproductimages/medium/881352.jpg,2020-09-20 15:36:09,,0,,True
54457b12-94ae-45a9-b051-3908a3a8df4a,Woolworths Supermarket,Household,Woolworths A4 Exercise Book 96 Page 3 pack,882122,$4.00,,https://www.woolworths.com.au/shop/productdetails/882122/woolworths-a4-exercise-book-96-page,https://cdn0.woolworths.media/content/wowproductimages/medium/882122.jpg,2020-09-20 15:36:09,,0,,True
6ba92d63-c3b3-4a64-b692-b1544da01dc9,Woolworths Supermarket,Household,Woolworths 5 Subject Lecture Book A4 each,882241,$6.00,,https://www.woolworths.com.au/shop/productdetails/882241/woolworths-5-subject-lecture-book-a4,https://cdn0.woolworths.media/content/wowproductimages/medium/882241.jpg,2020-09-20 15:36:09,,0,,True
26733566-2f63-4583-9785-b2648f4c00bf,Woolworths Supermarket,Household,Woolworths Notebook A4 120pg 5pk,882279,$9.00,,https://www.woolworths.com.au/shop/productdetails/882279/woolworths-notebook-a4,https://cdn0.woolworths.media/content/wowproductimages/medium/882279.jpg,2020-09-20 15:36:09,,0,,True
425ccb06-4a91-47da-b1bf-e3d8912b899f,Woolworths Supermarket,Household,Woolworths A4 Display Book 20 Pockets each,882364,$2.50,,https://www.woolworths.com.au/shop/productdetails/882364/woolworths-a4-display-book-20-pockets,https://cdn0.woolworths.media/content/wowproductimages/medium/882364.jpg,2020-09-20 15:36:09,,0,,True
6c7d813c-8393-4e5e-b01a-517ccf9a9d96,Woolworths Supermarket,Household,Woolworths Kids Jumbo Chalk 10 pack,882389,$2.50,,https://www.woolworths.com.au/shop/productdetails/882389/woolworths-kids-jumbo-chalk,https://cdn0.woolworths.media/content/wowproductimages/medium/882389.jpg,2020-09-20 15:36:09,,0,,True
d5c563fe-9417-411f-9fe2-5cea2dfc1246,Woolworths Supermarket,Household,Woolworths Staples No. 26/6 2 pack,882393,$2.00,,https://www.woolworths.com.au/shop/productdetails/882393/woolworths-staples-no-26-6,https://cdn0.woolworths.media/content/wowproductimages/medium/882393.jpg,2020-09-20 15:36:09,,0,,True
9992ce8c-85f9-493b-9f08-aedecc7830dc,Woolworths Supermarket,Household,Woolworths A4 Writing Pad 3 pack,884792,$5.00,,https://www.woolworths.com.au/shop/productdetails/884792/woolworths-a4-writing-pad,https://cdn0.woolworths.media/content/wowproductimages/medium/884792.jpg,2020-09-20 15:36:09,,0,,True
ec98aad0-36f6-4a87-b7b3-c33f6948a210,Woolworths Supermarket,Household,Vileda Dish Wash Cloth 3 pack,888591,$4.00,$1.33 / 1EA,https://www.woolworths.com.au/shop/productdetails/888591/vileda-dish-wash-cloth,https://cdn0.woolworths.media/content/wowproductimages/medium/888591.jpg,2020-09-20 15:36:09,,0,,True
bcbb1930-a98d-43a7-81cf-7ba8f23ce00b,Woolworths Supermarket,Household,Waxworks Mozzie Coils 10 pack,889382,$5.00,,https://www.woolworths.com.au/shop/productdetails/889382/waxworks-mozzie-coils,https://cdn0.woolworths.media/content/wowproductimages/medium/889382.jpg,2020-09-20 15:36:09,,0,,True
cf77d644-1efe-400b-9998-4cf5b54de36d,Woolworths Supermarket,Household,Combat Roach Killing Bait Strips 20g,900112,$12.00,$60.00 / 100G,https://www.woolworths.com.au/shop/productdetails/900112/combat-roach-killing-bait-strips,https://cdn0.woolworths.media/content/wowproductimages/medium/900112.jpg,2020-09-20 15:36:09,,0,,True
2bb7beb2-28e9-4c8a-a27a-2b48e2674261,Woolworths Supermarket,Household,Mortein Peaceful Nights Automatic Plug In each,900304,$22.00,$22.00 / 1EA,https://www.woolworths.com.au/shop/productdetails/900304/mortein-peaceful-nights-automatic-plug-in,https://cdn0.woolworths.media/content/wowproductimages/medium/900304.jpg,2020-09-20 15:36:09,,0,,True
96d0e41b-7099-4241-b0b7-5d6c0ba72b66,Woolworths Supermarket,Household,Mortein Peaceful Nights Automatic Plug In Refill each,900305,$13.00,$13.00 / 1EA,https://www.woolworths.com.au/shop/productdetails/900305/mortein-peaceful-nights-automatic-plug-in-refill,https://cdn0.woolworths.media/content/wowproductimages/medium/900305.jpg,2020-09-20 15:36:09,,0,,True
e7f9f22c-a15d-4ead-b3cf-21129c7071a0,Woolworths Supermarket,Household,Aerogard Heavy Duty 40% Deet 40% Deet 150g,900325,$12.50,$8.33 / 100G,https://www.woolworths.com.au/shop/productdetails/900325/aerogard-heavy-duty-40-deet-40-deet,https://cdn0.woolworths.media/content/wowproductimages/medium/900325.jpg,2020-09-20 15:36:09,,0,,True
0cd39d9e-ddb6-440d-9d57-b0b556040973,Woolworths Supermarket,Household,Bic Mega Lighter each,922478,$4.90,$4.90 / 1EA,https://www.woolworths.com.au/shop/productdetails/922478/bic-mega-lighter,https://cdn0.woolworths.media/content/wowproductimages/medium/922478.jpg,2020-09-20 15:36:09,,0,,True
c0f914f2-5f95-43a1-a9b2-3e609383ba38,Woolworths Supermarket,Household,Decor Microsafe Container Noodle Bowl each,922933,$8.00,,https://www.woolworths.com.au/shop/productdetails/922933/decor-microsafe-container-noodle-bowl,https://cdn0.woolworths.media/content/wowproductimages/medium/922933.jpg,2020-09-20 15:36:09,,0,,True
ef80160a-2b0b-4d1b-a555-e2151ecbbfca,Woolworths Supermarket,Household,Wiltshire 3 Stage Knife Sharpener each,923966,$20.00,,https://www.woolworths.com.au/shop/productdetails/923966/wiltshire-3-stage-knife-sharpener,https://cdn0.woolworths.media/content/wowproductimages/medium/923966.jpg,2020-09-20 15:36:09,,0,,True
734402f7-7059-43d9-8fef-007e59dd8a4b,Woolworths Supermarket,Household,Wiltshire Spring Form Pan 25cm each,928100,$16.00,,https://www.woolworths.com.au/shop/productdetails/928100/wiltshire-spring-form-pan-25cm,https://cdn0.woolworths.media/content/wowproductimages/medium/928100.jpg,2020-09-20 15:36:09,,0,,True
828dc034-1ed6-4400-be74-8a000edee419,Woolworths Supermarket,Household,Valvoline Engine Armour 15w-40 1l,929328,$14.75,$1.48 / 100ML,https://www.woolworths.com.au/shop/productdetails/929328/valvoline-engine-armour-15w-40,https://cdn0.woolworths.media/content/wowproductimages/medium/929328.jpg,2020-09-20 15:36:09,,0,,True
d06bc9ba-19d5-4dc7-84e7-13e8d08e35ca,Woolworths Supermarket,Household,Bic Ball Point Pen Shine 4 Colour each,930103,,,https://www.woolworths.com.au/shop/productdetails/930103/bic-ball-point-pen-shine-4-colour,https://cdn0.woolworths.media/content/wowproductimages/medium/930103.jpg,2020-09-20 15:36:09,,0,,False
2528337a-d024-4917-935a-e322622987b5,Woolworths Supermarket,Household,Sharpie Marker Neon Fine Assorted 5 pack,931360,$7.70,,https://www.woolworths.com.au/shop/productdetails/931360/sharpie-marker-neon-fine-assorted,https://cdn0.woolworths.media/content/wowproductimages/medium/931360.jpg,2020-09-20 15:36:09,,0,,True
ff387675-275e-41e0-a1d8-11a385e72a58,Woolworths Supermarket,Household,Sharpie Marker Extreme 2 pack,931401,$4.00,,https://www.woolworths.com.au/shop/productdetails/931401/sharpie-marker-extreme,https://cdn0.woolworths.media/content/wowproductimages/medium/931401.jpg,2020-09-20 15:36:09,,0,,True
535a13c5-1fa1-4034-9c34-52b6f96e252f,Woolworths Supermarket,Household,Sharpie Ultra Fine Marker 2 pack,931408,$3.50,,https://www.woolworths.com.au/shop/productdetails/931408/sharpie-ultra-fine-marker,https://cdn0.woolworths.media/content/wowproductimages/medium/931408.jpg,2020-09-20 15:36:09,,0,,True
c23cd58a-7d39-4781-a134-ce95279c2812,Woolworths Supermarket,Household,Vanish Preen Odour Neutralising Trigger 375ml,933676,$5.00,$13.33 / 1L,https://www.woolworths.com.au/shop/productdetails/933676/vanish-preen-odour-neutralising-trigger,https://cdn0.woolworths.media/content/wowproductimages/medium/933676.jpg,2020-09-20 15:36:09,,0,,True
3fe0b262-a983-4021-a0d5-40f435f99859,Woolworths Supermarket,Household,Faber-castell Coloured Pencils 24 pack,933690,$5.50,,https://www.woolworths.com.au/shop/productdetails/933690/faber-castell-coloured-pencils,https://cdn0.woolworths.media/content/wowproductimages/medium/933690.jpg,2020-09-20 15:36:09,,0,,True
892ccc9f-f44d-448a-ba56-9082fcb21071,Woolworths Supermarket,Household,Spirax Pocket Notebook 76x112mm Assorted Colours 112pg each,935602,$3.75,,https://www.woolworths.com.au/shop/productdetails/935602/spirax-pocket-notebook-76x112mm-assorted-colours,https://cdn0.woolworths.media/content/wowproductimages/medium/935602.jpg,2020-09-20 15:36:09,,0,,True
8a4be76e-d238-471c-be28-5f459d6dcef4,Woolworths Supermarket,Household,Spirax Notebook A5 Assorted Colours 200pg each,935620,$4.50,,https://www.woolworths.com.au/shop/productdetails/935620/spirax-notebook-a5-assorted-colours,https://cdn0.woolworths.media/content/wowproductimages/medium/935620.jpg,2020-09-20 15:36:09,,0,,True
bff6ba69-abb0-4739-be2e-cf3978329280,Woolworths Supermarket,Household,Spirax Reporter Notebook 203x127mm Assorted Colours 200pg each,936475,$3.00,,https://www.woolworths.com.au/shop/productdetails/936475/spirax-reporter-notebook-203x127mm-assorted-colours,https://cdn0.woolworths.media/content/wowproductimages/medium/936475.jpg,2020-09-20 15:36:09,,0,,True
df5c69b3-dd3d-4360-8d78-21539c40f6ac,Woolworths Supermarket,Household,Sharpie Markers Metallic 3 pack,936520,$9.00,,https://www.woolworths.com.au/shop/productdetails/936520/sharpie-markers-metallic,https://cdn0.woolworths.media/content/wowproductimages/medium/936520.jpg,2020-09-20 15:36:09,,0,,True
07e13d07-446d-4be0-83e5-4d8882bc79f7,Woolworths Supermarket,Household,Sharpie Markers Metal Bullet Black 2 pack,936521,$3.85,,https://www.woolworths.com.au/shop/productdetails/936521/sharpie-markers-metal-bullet-black,https://cdn0.woolworths.media/content/wowproductimages/medium/936521.jpg,2020-09-20 15:36:09,,0,,True
836bceaa-5328-47dd-bb99-93101ab4be4e,Woolworths Supermarket,Household,Sorbent Toilet Tissue White 10 pack,938184,$7.50,$0.42 / 100SS,https://www.woolworths.com.au/shop/productdetails/938184/sorbent-toilet-tissue-white,https://cdn0.woolworths.media/content/wowproductimages/medium/938184.jpg,2020-09-20 15:36:09,,0,,True
6957d393-f0ea-4fc7-9bca-344a2f6c7ece,Woolworths Supermarket,Household,Jastek Desktop Calculator Compact each,938805,$9.00,,https://www.woolworths.com.au/shop/productdetails/938805/jastek-desktop-calculator-compact,https://cdn0.woolworths.media/content/wowproductimages/medium/938805.jpg,2020-09-20 15:36:09,,0,,True
f7ea32f3-a964-46b6-bc1e-bb9334c202b4,Woolworths Supermarket,Household,Jastek Scientific Calculator each,938810,$15.00,,https://www.woolworths.com.au/shop/productdetails/938810/jastek-scientific-calculator,https://cdn0.woolworths.media/content/wowproductimages/medium/938810.jpg,2020-09-20 15:36:09,,0,,True
ff3bf463-0ece-4ce6-9d46-e629609a8a2d,Woolworths Supermarket,Household,Sharpie Black Chisel 1pk,940035,$3.50,,https://www.woolworths.com.au/shop/productdetails/940035/sharpie-black-chisel,https://cdn0.woolworths.media/content/wowproductimages/medium/940035.jpg,2020-09-20 15:36:09,,0,,True
65f702a3-b61c-4ddb-9cf0-0080013d2ccb,Woolworths Supermarket,Household,Armada Plastic Side Plate 20 pack,941046,$2.50,$0.13 / 1EA,https://www.woolworths.com.au/shop/productdetails/941046/armada-plastic-side-plate,https://cdn0.woolworths.media/content/wowproductimages/medium/941046.jpg,2020-09-20 15:36:09,,0,,True
936f4c00-f29b-4e62-9560-66f3be9c1506,Woolworths Supermarket,Household,Jackson 4 Outlet Surge Protected Powerboard With 1 Metre Lead each,958886,$25.00,,https://www.woolworths.com.au/shop/productdetails/958886/jackson-4-outlet-surge-protected-powerboard-with-1-metre-lead,https://cdn0.woolworths.media/content/wowproductimages/medium/958886.jpg,2020-09-20 15:36:09,,0,,True
9fb7efbc-6996-403d-8ba1-c1291417094e,Woolworths Supermarket,Household,Energizer Specialty E96 Aaaa 2 pack,962222,$8.00,$4.00 / 1EA,https://www.woolworths.com.au/shop/productdetails/962222/energizer-specialty-e96-aaaa,https://cdn0.woolworths.media/content/wowproductimages/medium/962222.jpg,2020-09-20 15:36:09,,0,,True
9a4e714a-ca2f-44ef-bf53-5ccc09091398,Woolworths Supermarket,Household,Energizer Vision Hd Plus Headlight each,970032,$35.00,$35.00 / 1EA,https://www.woolworths.com.au/shop/productdetails/970032/energizer-vision-hd-plus-headlight,https://cdn0.woolworths.media/content/wowproductimages/medium/970032.jpg,2020-09-20 15:36:09,,0,,True
e86abf32-5d6c-4dd3-8e83-10abf94f1be9,Woolworths Supermarket,Household,Essentials 40cm Pedestal Fan each,005261,$15.00,,https://www.woolworths.com.au/shop/productdetails/5261/essentials-40cm-pedestal-fan,https://cdn0.woolworths.media/content/wowproductimages/medium/005261.jpg,2020-09-20 15:36:09,,0,,True
38737072-2a60-4abc-89fb-b1b79ef3c48f,Woolworths Supermarket,Household,Sperling Door Mat 60cm X 40cm each,012250,$10.00,,https://www.woolworths.com.au/shop/productdetails/12250/sperling-door-mat-60cm-x-40cm,https://cdn0.woolworths.media/content/wowproductimages/medium/012250.jpg,2020-09-20 15:36:09,,0,,True
fb210fab-0c8c-46c5-b1b1-558fda6f5d36,Woolworths Supermarket,Household,Sellotape Packaging Tape Brown 36mmx20m each,016113,$3.00,,https://www.woolworths.com.au/shop/productdetails/16113/sellotape-packaging-tape-brown-36mmx20m,https://cdn0.woolworths.media/content/wowproductimages/medium/016113.jpg,2020-09-20 15:36:09,,0,,True
7977d3b1-0f1e-4e21-b5c4-7961dc6ddcbf,Woolworths Supermarket,Household,Woolworths Folder Paper A4 Reinforced Refills 100 pack,016240,$3.00,,https://www.woolworths.com.au/shop/productdetails/16240/woolworths-folder-paper-a4-reinforced-refills,https://cdn0.woolworths.media/content/wowproductimages/medium/016240.jpg,2020-09-20 15:36:09,,0,,True
0130d5f1-c73f-4fbc-8266-21a8056762f6,Woolworths Supermarket,Household,Bonds Boys Briefs 8-12 4 pack,017858,$14.00,,https://www.woolworths.com.au/shop/productdetails/17858/bonds-boys-briefs-8-12,https://cdn0.woolworths.media/content/wowproductimages/medium/017858.jpg,2020-09-20 15:36:09,,0,,True
83caff60-7ab6-461e-8e74-33becb230684,Woolworths Supermarket,Household,Razzamatazz Luxe Anklet Pxo Size 1 each,017872,$4.00,,https://www.woolworths.com.au/shop/productdetails/17872/razzamatazz-luxe-anklet-pxo-size-1,https://cdn0.woolworths.media/content/wowproductimages/medium/017872.jpg,2020-09-20 15:36:09,,0,,True
17adc7c4-40b7-4e1a-a787-5f3ec171996d,Woolworths Supermarket,Household,Razzamatazz Luxe Knee Hi One Size Soft Black each,017886,$5.00,,https://www.woolworths.com.au/shop/productdetails/17886/razzamatazz-luxe-knee-hi-one-size-soft-black,https://cdn0.woolworths.media/content/wowproductimages/medium/017886.jpg,2020-09-20 15:36:09,,0,,True
a798660a-7e79-4f8b-ae31-5f8faed249c4,Woolworths Supermarket,Household,Razzamatazz Luxe Knee Hi Pxo Size 1 each,017909,$5.00,,https://www.woolworths.com.au/shop/productdetails/17909/razzamatazz-luxe-knee-hi-pxo-size-1,https://cdn0.woolworths.media/content/wowproductimages/medium/017909.jpg,2020-09-20 15:36:09,,0,,True
b33befa5-e0cf-4d03-a6f5-ac0f2443d9a4,Woolworths Supermarket,Household,Bar Keepers Friend Cleanser & Polish 340g,018289,$8.00,$2.35 / 100G,https://www.woolworths.com.au/shop/productdetails/18289/bar-keepers-friend-cleanser-polish,https://cdn0.woolworths.media/content/wowproductimages/medium/018289.jpg,2020-09-20 15:36:09,,0,,True
b22dd984-8fb2-4ee0-a61a-0848821064ce,Woolworths Supermarket,Household,Woolworths Door Draught Stopper each,021456,$4.00,,https://www.woolworths.com.au/shop/productdetails/21456/woolworths-door-draught-stopper,https://cdn0.woolworths.media/content/wowproductimages/medium/021456.jpg,2020-09-20 15:36:09,,0,,True
3590902b-4958-449f-837a-824f5053846f,Woolworths Supermarket,Household,Duck Blue Plus Primary Toilet Cleaner 40g,022452,$2.45,$6.13 / 100G,https://www.woolworths.com.au/shop/productdetails/22452/duck-blue-plus-primary-toilet-cleaner,https://cdn0.woolworths.media/content/wowproductimages/medium/022452.jpg,2020-09-20 15:36:09,,0,,True
4a8651b1-8446-45da-b383-32546ba7f4c3,Woolworths Supermarket,Household,Bonds Womens Underwear Cottontails Size 18 2 pack,024460,$14.00,,https://www.woolworths.com.au/shop/productdetails/24460/bonds-womens-underwear-cottontails-size-18,https://cdn0.woolworths.media/content/wowproductimages/medium/024460.jpg,2020-09-20 15:36:09,,0,Designs may vary,True
2437b99a-d32b-4593-b311-ae978aa41cc9,Woolworths Supermarket,Household,Bref Duo Active Mediterranean Lemon 50ml,026907,$3.50,$7.00 / 100ML,https://www.woolworths.com.au/shop/productdetails/26907/bref-duo-active-mediterranean-lemon,https://cdn0.woolworths.media/content/wowproductimages/medium/026907.jpg,2020-09-20 15:36:09,,0,,True
8c1ffe65-2b35-4f61-9245-96ed1d6ee121,Woolworths Supermarket,Household,Yates Zero Natural Weed Killer Ready To Use 750ml,028584,$12.00,$1.60 / 100ML,https://www.woolworths.com.au/shop/productdetails/28584/yates-zero-natural-weed-killer-ready-to-use,https://cdn0.woolworths.media/content/wowproductimages/medium/028584.jpg,2020-09-20 15:36:09,,0,,True
ad6fb67a-a64a-4656-8746-e53fee2a3e85,Woolworths Supermarket,Household,Australian Women's Weekly Food Magazine each,031572,$9.99,,https://www.woolworths.com.au/shop/productdetails/31572/australian-women-s-weekly-food-magazine,https://cdn0.woolworths.media/content/wowproductimages/medium/031572.jpg,2020-09-20 15:36:09,,0,,True
56813c8d-dcb4-4a7e-a9c6-e24fa6967250,Woolworths Supermarket,Household,Naturale Toilet Tissue 2 Ply 12 pack,032652,$6.00,$0.22 / 100SS,https://www.woolworths.com.au/shop/productdetails/32652/naturale-toilet-tissue-2-ply,https://cdn0.woolworths.media/content/wowproductimages/medium/032652.jpg,2020-09-20 15:36:09,,0,,True
ff07c1b4-cb93-472b-bb5a-444fb5bd3452,Woolworths Supermarket,Household,Multix Drawtight Roll Garbage Bags 56l 20pk,072563,$4.00,$0.20 / 1EA,https://www.woolworths.com.au/shop/productdetails/72563/multix-drawtight-roll-garbage-bags,https://cdn0.woolworths.media/content/wowproductimages/medium/072563.jpg,2020-09-20 15:36:09,,0,,True
30293170-44a6-4592-a53b-aa7cc04b861a,Woolworths Supermarket,Household,Viva Paper Towel White 3 pack,249921,$4.00,$2.22 / 100SS,https://www.woolworths.com.au/shop/productdetails/249921/viva-paper-towel-white,https://cdn0.woolworths.media/content/wowproductimages/medium/249921.jpg,2020-09-20 15:36:09,,0,Was $4.90 26/10/2017,True
c8a99d61-800e-4865-8319-adb0e65dc61f,Woolworths Supermarket,Household,Morning Fresh Dishwashing Liquid Raspberry & Crisp Apple 900ml,588994,$3.75,$0.42 / 100ML,https://www.woolworths.com.au/shop/productdetails/588994/morning-fresh-dishwashing-liquid-raspberry-crisp-apple,https://cdn0.woolworths.media/content/wowproductimages/medium/588994.jpg,2020-09-20 15:36:09,,0,,True
07e75534-f527-40f6-adbf-f1fff3389e05,Woolworths Supermarket,Household,Glad Baking Paper 25m,299138,$6.00,$0.24 / 1M,https://www.woolworths.com.au/shop/productdetails/299138/glad-baking-paper,https://cdn0.woolworths.media/content/wowproductimages/medium/299138.jpg,2020-09-20 15:36:09,,0,,True
67998a9b-512e-45b8-a5de-ec5e47fd5ae7,Woolworths Supermarket,Household,Glen 20 Disinfectant Spray Original Scent 300g,015587,$8.00,$2.67 / 100G,https://www.woolworths.com.au/shop/productdetails/15587/glen-20-disinfectant-spray-original-scent,https://cdn0.woolworths.media/content/wowproductimages/medium/015587.jpg,2020-09-20 15:36:09,,0,,True
f7096121-7558-4804-a21d-370cf152018c,Woolworths Supermarket,Household,Shine Rinse Aid 500ml,686173,$2.90,$0.58 / 100ML,https://www.woolworths.com.au/shop/productdetails/686173/shine-rinse-aid,https://cdn0.woolworths.media/content/wowproductimages/medium/686173.jpg,2020-09-20 15:36:09,Average product rating out of 5: 4.8. Product score is based on 19 ratings,19,,True
686511dc-539b-484f-9ab9-b46ea2c40d90,Woolworths Supermarket,Household,Handee Ultra Paper Towel White 2 pack,019787,$3.50,$2.92 / 100SS,https://www.woolworths.com.au/shop/productdetails/19787/handee-ultra-paper-towel-white,https://cdn0.woolworths.media/content/wowproductimages/medium/019787.jpg,2020-09-20 15:36:09,,0,,True
c1b6fdb1-b739-4d63-86c3-d46e6db1b6f0,Woolworths Supermarket,Household,Finish Powder Concentrate Classic Lemon 1kg,705056,$12.00,$1.20 / 100G,https://www.woolworths.com.au/shop/productdetails/705056/finish-powder-concentrate-classic-lemon,https://cdn0.woolworths.media/content/wowproductimages/medium/705056.jpg,2020-09-20 15:36:09,,0,,True
871a15ad-b633-4470-b205-e151021ae107,Woolworths Supermarket,Household,Essentials Facial Tissues 224 pack,759496,$1.00,$0.45 / 100SS,https://www.woolworths.com.au/shop/productdetails/759496/essentials-facial-tissues,https://cdn0.woolworths.media/content/wowproductimages/medium/759496.jpg,2020-09-20 15:36:09,Average product rating out of 5: 3.9. Product score is based on 672 ratings,672,,True
fc354af6-a60a-4fed-94c7-2be80361711c,Woolworths Supermarket,Household,Quilton Tuffy Paper Towel Triple Length 2 pack,785317,$6.00,$1.67 / 100SS,https://www.woolworths.com.au/shop/productdetails/785317/quilton-tuffy-paper-towel-triple-length,https://cdn0.woolworths.media/content/wowproductimages/medium/785317.jpg,2020-09-20 15:36:09,,0,Was $6.80 06/07/2020,True
7c1f19ab-c5a3-481b-b2eb-e75e8c807fae,Woolworths Supermarket,Household,Omo Ultimate Laundry Detergent Powder Front & Top Loader 5kg,430629,$30.00,$6.00 / 1KG,https://www.woolworths.com.au/shop/productdetails/430629/omo-ultimate-laundry-detergent-powder-front-top-loader,https://cdn0.woolworths.media/content/wowproductimages/medium/430629.jpg,2020-09-20 15:36:09,,0,,True
0668ab41-c418-4631-bbc9-ed40dbc7e1ad,Woolworths Supermarket,Household,Omo Sensitive Laundry Detergent Powder Front & Top Loader 2kg,471182,$11.00,$5.50 / 1KG,https://www.woolworths.com.au/shop/productdetails/471182/omo-sensitive-laundry-detergent-powder-front-top-loader,https://cdn0.woolworths.media/content/wowproductimages/medium/471182.jpg,2020-09-20 15:36:09,,0,,True
4b71ff8e-ff09-4ea4-bbc0-9f65cfa05f82,Woolworths Supermarket,Household,Handee Ultra Paper Towel White 3 pack,252037,$4.40,$2.44 / 100SS,https://www.woolworths.com.au/shop/productdetails/252037/handee-ultra-paper-towel-white,https://cdn0.woolworths.media/content/wowproductimages/medium/252037.jpg,2020-09-20 15:36:09,,0,,True
5ccedb29-ad10-4de7-b11c-81a8f072718f,Woolworths Supermarket,Household,Comfort Fabric Conditioner Vanilla Orchid 750ml,861324,$6.99,$9.32 / 1L,https://www.woolworths.com.au/shop/productdetails/861324/comfort-fabric-conditioner-vanilla-orchid,https://cdn0.woolworths.media/content/wowproductimages/medium/861324.jpg,2020-09-20 15:36:09,,0,,True
b78593f9-0b2f-4ca2-998e-338caec11716,Woolworths Supermarket,Household,Ecostore Fragrance Free Auto Dishwasher 50 tablets,774416,$19.00,$0.38 / 1EA,https://www.woolworths.com.au/shop/productdetails/774416/ecostore-fragrance-free-auto-dishwasher,https://cdn0.woolworths.media/content/wowproductimages/medium/774416.jpg,2020-09-20 15:36:09,,0,,True
f9df2b72-d3c7-4375-ad42-715ac89c1957,Woolworths Supermarket,Household,Kleenex Facial Tissues Aloe Vera 140 pack,032969,$3.00,$2.14 / 100SS,https://www.woolworths.com.au/shop/productdetails/32969/kleenex-facial-tissues-aloe-vera,https://cdn0.woolworths.media/content/wowproductimages/medium/032969.jpg,2020-09-20 15:36:09,,0,Was $3.85 20/01/2020,True
0a91c081-0ee9-49f4-93ba-1c6471e78e0a,Woolworths Supermarket,Household,Pine O Cleen Disinfectant Antibacterial Lavender 1.25l,139515,$6.00,$0.48 / 100ML,https://www.woolworths.com.au/shop/productdetails/139515/pine-o-cleen-disinfectant-antibacterial-lavender,https://cdn0.woolworths.media/content/wowproductimages/medium/139515.jpg,2020-09-20 15:36:09,,0,,True
4730c567-7402-4bba-b135-e35c5d1062c7,Woolworths Supermarket,Household,Quilton Tuffy Paper Towel White 4ply 3 pack,574728,$4.30,$2.39 / 100SS,https://www.woolworths.com.au/shop/productdetails/574728/quilton-tuffy-paper-towel-white-4ply,https://cdn0.woolworths.media/content/wowproductimages/medium/574728.jpg,2020-09-20 15:36:09,,0,,True
e8cc2ab8-1b71-45df-b009-f36c63645a40,Woolworths Supermarket,Household,Strike Disinfectant Wipes Lemon 100 pack,518438,$3.50,$0.04 / 1EA,https://www.woolworths.com.au/shop/productdetails/518438/strike-disinfectant-wipes-lemon,https://cdn0.woolworths.media/content/wowproductimages/medium/518438.jpg,2020-09-20 15:36:09,Average product rating out of 5: 4.3. Product score is based on 2496 ratings,2496,,True
bd9692ab-c588-48a6-973b-eeac203212dd,Woolworths Supermarket,Household,Kevron Accessories Key Tags 4 pack,039309,$3.00,,https://www.woolworths.com.au/shop/productdetails/39309/kevron-accessories-key-tags,https://cdn0.woolworths.media/content/wowproductimages/medium/039309.jpg,2020-09-20 15:36:09,,0,,True
29d15a27-43bb-4573-9514-bdc574d88d29,Woolworths Supermarket,Household,Seasol Powerfeed Pots & Plants Ready To Use Plant Fertiliser 750ml,039381,$4.10,$0.55 / 100ML,https://www.woolworths.com.au/shop/productdetails/39381/seasol-powerfeed-pots-plants-ready-to-use-plant-fertiliser,https://cdn0.woolworths.media/content/wowproductimages/medium/039381.jpg,2020-09-20 15:36:09,,0,,True
917dfd4b-4fbe-45bb-adbf-3117dcdcc29e,Woolworths Supermarket,Household,Sistema Storage With Tray 7.9l each,043499,$10.00,,https://www.woolworths.com.au/shop/productdetails/43499/sistema-storage-with-tray-7-9l,https://cdn0.woolworths.media/content/wowproductimages/medium/043499.jpg,2020-09-20 15:36:09,,0,,True
cee39301-1a46-45c4-8ba3-d1780b81db23,Woolworths Supermarket,Household,B-green Organic Slow Release Fert 800g,051952,$7.30,$0.91 / 100G,https://www.woolworths.com.au/shop/productdetails/51952/b-green-organic-slow-release-fert,https://cdn0.woolworths.media/content/wowproductimages/medium/051952.jpg,2020-09-20 15:36:09,,0,,True
19eb3b13-4058-4be0-a65f-3382bf745ba8,Woolworths Supermarket,Household,Paperclick Cardboard Expanding File each,055229,$10.00,,https://www.woolworths.com.au/shop/productdetails/55229/paperclick-cardboard-expanding-file,https://cdn0.woolworths.media/content/wowproductimages/medium/055229.jpg,2020-09-20 15:36:09,,0,Designs may vary,True
57f3f016-d940-4e97-a134-1ce452b6251f,Woolworths Supermarket,Household,Paperclick Alphabet Stickers each,055230,$2.00,,https://www.woolworths.com.au/shop/productdetails/55230/paperclick-alphabet-stickers,https://cdn0.woolworths.media/content/wowproductimages/medium/055230.jpg,2020-09-20 15:36:09,,0,,True
cbf4ecc2-e367-414b-97e9-01d2e9f92199,Woolworths Supermarket,Household,Paperclick Pastel Highlighter 6 pack,055241,$4.00,,https://www.woolworths.com.au/shop/productdetails/55241/paperclick-pastel-highlighter,https://cdn0.woolworths.media/content/wowproductimages/medium/055241.jpg,2020-09-20 15:36:09,,0,,True
1440a426-c0f3-4396-8d6b-bb302010053a,Woolworths Supermarket,Household,Paperclick Craft Notebook Assorted Designs each,055250,$6.00,,https://www.woolworths.com.au/shop/productdetails/55250/paperclick-craft-notebook-assorted-designs,https://cdn0.woolworths.media/content/wowproductimages/medium/055250.jpg,2020-09-20 15:36:09,,0,Designs may vary,True
e9463707-1c60-4a6f-8f74-44b4d602338f,Woolworths Supermarket,Household,Paperclick Fake Moleskin Notebook each,055253,$6.50,,https://www.woolworths.com.au/shop/productdetails/55253/paperclick-fake-moleskin-notebook,https://cdn0.woolworths.media/content/wowproductimages/medium/055253.jpg,2020-09-20 15:36:09,,0,,True
05719337-23ca-47b9-9c4c-94b87db7e680,Woolworths Supermarket,Household,Paperclick Whiteboard Mini each,055277,$3.00,,https://www.woolworths.com.au/shop/productdetails/55277/paperclick-whiteboard-mini,https://cdn0.woolworths.media/content/wowproductimages/medium/055277.jpg,2020-09-20 15:36:09,,0,,True
292e99f4-66c6-4742-a0a2-5090203eadd0,Woolworths Supermarket,Household,Paperclick Weekly Planner each,055279,$6.00,,https://www.woolworths.com.au/shop/productdetails/55279/paperclick-weekly-planner,https://cdn0.woolworths.media/content/wowproductimages/medium/055279.jpg,2020-09-20 15:36:09,,0,,True
8169cd0d-8b0d-4144-884f-c882540c6772,Woolworths Supermarket,Household,Paperclick Whiteboard Eraser And Marker Set each,055287,$9.00,,https://www.woolworths.com.au/shop/productdetails/55287/paperclick-whiteboard-eraser-and-marker-set,https://cdn0.woolworths.media/content/wowproductimages/medium/055287.jpg,2020-09-20 15:36:09,,0,,True
58e7b193-f424-489f-bfbe-8856b8f33afd,Woolworths Supermarket,Household,Paperclick Metallic Marker 10 pack,055291,$10.00,,https://www.woolworths.com.au/shop/productdetails/55291/paperclick-metallic-marker,https://cdn0.woolworths.media/content/wowproductimages/medium/055291.jpg,2020-09-20 15:36:09,,0,,True
24910fdf-c7bd-49ed-b3e3-704d2df2d5d6,Woolworths Supermarket,Household,Paperclick Chalk Markers 8 pack,055293,$12.00,,https://www.woolworths.com.au/shop/productdetails/55293/paperclick-chalk-markers,https://cdn0.woolworths.media/content/wowproductimages/medium/055293.jpg,2020-09-20 15:36:09,,0,,True
9a4a6934-97aa-4011-b781-b45d1fead015,Woolworths Supermarket,Household,Paperclick Aspirational Notebook each,055295,$6.00,,https://www.woolworths.com.au/shop/productdetails/55295/paperclick-aspirational-notebook,https://cdn0.woolworths.media/content/wowproductimages/medium/055295.jpg,2020-09-20 15:36:09,,0,Designs may vary,True
d9b119e0-0222-4f19-8d14-6973774ab79e,Woolworths Supermarket,Household,Paperclick Destination Notebook each,055296,$6.00,,https://www.woolworths.com.au/shop/productdetails/55296/paperclick-destination-notebook,https://cdn0.woolworths.media/content/wowproductimages/medium/055296.jpg,2020-09-20 15:36:09,,0,,True
0de60c2d-1d6b-457a-80ce-2a64e7be7d76,Woolworths Supermarket,Household,Paperclick Craft Exercise Book 60 Page Assorted each,055319,$2.00,,https://www.woolworths.com.au/shop/productdetails/55319/paperclick-craft-exercise-book-60-page-assorted,https://cdn0.woolworths.media/content/wowproductimages/medium/055319.jpg,2020-09-20 15:36:09,,0,Designs may vary,True
d7d2ee5e-5c25-48cc-a442-083af5615fd2,Woolworths Supermarket,Household,Paperclick Small Pu Pencil Case each,055329,$3.00,,https://www.woolworths.com.au/shop/productdetails/55329/paperclick-small-pu-pencil-case,https://cdn0.woolworths.media/content/wowproductimages/medium/055329.jpg,2020-09-20 15:36:09,,0,Designs may vary,True
51cc6122-0bcb-40c5-9952-59cf2b9f3556,Woolworths Supermarket,Household,Paperclick Fake Leather Hard Cover Notebook each,055332,$6.00,,https://www.woolworths.com.au/shop/productdetails/55332/paperclick-fake-leather-hard-cover-notebook,https://cdn0.woolworths.media/content/wowproductimages/medium/055332.jpg,2020-09-20 15:36:09,,0,Designs may vary,True
5a6a4023-29b9-4450-8112-3cee0d6f7768,Woolworths Supermarket,Household,Gm Housebrand Plastic Scissors Blue/ Red each,055367,$3.00,,https://www.woolworths.com.au/shop/productdetails/55367/gm-housebrand-plastic-scissors-blue-red,https://cdn0.woolworths.media/content/wowproductimages/medium/055367.jpg,2020-09-20 15:36:09,,0,Designs may vary,True
fba5a747-281e-4eed-87dc-5634f4bf7e09,Woolworths Supermarket,Household,Razzamatazz Footlet Ast 3pk 8 To 11 3 pack,056036,$8.00,,https://www.woolworths.com.au/shop/productdetails/56036/razzamatazz-footlet-ast-3pk-8-to-11,https://cdn0.woolworths.media/content/wowproductimages/medium/056036.jpg,2020-09-20 15:36:09,,0,,True
7bb88a16-4194-4b18-9994-a34edff78725,Woolworths Supermarket,Household,Razzamatazz Footlet Assorted 3 To 8 3 pack,056049,$8.00,,https://www.woolworths.com.au/shop/productdetails/56049/razzamatazz-footlet-assorted-3-to-8,https://cdn0.woolworths.media/content/wowproductimages/medium/056049.jpg,2020-09-20 15:36:09,,0,,True
600ef761-d106-4e70-b2b0-856284c8fd3f,Woolworths Supermarket,Household,Clio Girl Summer Glow Tight Natural T 90mm(w) X 250mm(h) X 15mm(d) each,060041,$3.00,,https://www.woolworths.com.au/shop/productdetails/60041/clio-girl-summer-glow-tight-natural-t-90mm-w-x-250mm-h-x-15mm-d-,https://cdn0.woolworths.media/content/wowproductimages/medium/060041.jpg,2020-09-20 15:36:09,,0,,True
6c93cd55-de89-49c4-86c7-1909b0450214,Woolworths Supermarket,Household,Clio Girl Summer Glow Tight Natural M 90mm(w) X 250mm(h) X 15mm(d) each,060069,$3.00,,https://www.woolworths.com.au/shop/productdetails/60069/clio-girl-summer-glow-tight-natural-m-90mm-w-x-250mm-h-x-15mm-d-,https://cdn0.woolworths.media/content/wowproductimages/medium/060069.jpg,2020-09-20 15:36:09,,0,,True
f3ca7f54-f0a9-4dad-a02e-46cdc726d06c,Woolworths Supermarket,Household,Clio Girl Summer Glow Tight Natural Xt 90mm(w) X 250mm(h) each,060092,$3.00,,https://www.woolworths.com.au/shop/productdetails/60092/clio-girl-summer-glow-tight-natural-xt-90mm-w-x-250mm-h-,https://cdn0.woolworths.media/content/wowproductimages/medium/060092.jpg,2020-09-20 15:36:09,,0,,True
cda20555-de2a-47f2-9077-473efc54b25d,Woolworths Supermarket,Household,Clio Curvy Thick Tight 70d Black 1 110mm(w) X 205mm(h) X 20mm(d) each,060093,$6.00,,https://www.woolworths.com.au/shop/productdetails/60093/clio-curvy-thick-tight-70d-black-1-110mm-w-x-205mm-h-x-20mm-d-,https://cdn0.woolworths.media/content/wowproductimages/medium/060093.jpg,2020-09-20 15:36:09,,0,,True
56b4e5e2-16ad-4e61-95fa-7a96c032e48a,Woolworths Supermarket,Household,Clio Curvy Thick Tight 70d Black 2 110mm(w) X 205mm(h) X 20mm(d) each,060094,$6.00,,https://www.woolworths.com.au/shop/productdetails/60094/clio-curvy-thick-tight-70d-black-2-110mm-w-x-205mm-h-x-20mm-d-,https://cdn0.woolworths.media/content/wowproductimages/medium/060094.jpg,2020-09-20 15:36:09,,0,,True
5ec634d4-b1be-4aa4-9933-cb66791c7f51,Woolworths Supermarket,Household,Bic Gelocity Original Assorted 4 pack,061967,$5.60,,https://www.woolworths.com.au/shop/productdetails/61967/bic-gelocity-original-assorted,https://cdn0.woolworths.media/content/wowproductimages/medium/061967.jpg,2020-09-20 15:36:09,,0,,True
704ab6d7-b0b9-4d13-a9fa-ac2ba4322e0d,Woolworths Supermarket,Household,Kleenex Anti-bacterial Wet Wipes 40 pack,063758,$4.40,$11.00 / 100SS,https://www.woolworths.com.au/shop/productdetails/63758/kleenex-anti-bacterial-wet-wipes,https://cdn0.woolworths.media/content/wowproductimages/medium/063758.jpg,2020-09-20 15:36:09,,0,,True
36868603-1468-45c9-8e05-3be11eb29d6a,Woolworths Supermarket,Household,Gardening Australia Magazine each,064896,$7.60,,https://www.woolworths.com.au/shop/productdetails/64896/gardening-australia-magazine,https://cdn0.woolworths.media/content/wowproductimages/medium/064896.jpg,2020-09-20 15:36:09,,0,,True
293e9557-6bd9-4d69-b403-d9a443eec357,Woolworths Supermarket,Household,Beyblade Hypersphere Starter Pack Assorted each,075756,$19.00,,https://www.woolworths.com.au/shop/productdetails/75756/beyblade-hypersphere-starter-pack-assorted,https://cdn0.woolworths.media/content/wowproductimages/medium/075756.jpg,2020-09-20 15:36:09,,0,,True
2bca634b-8f96-497b-94c6-a285dea8434b,Woolworths Supermarket,Household,Organic Choice Fragrances Reed Diffuser Melaleuca & Native Blossom 50ml,082103,$15.00,$30.00 / 100ML,https://www.woolworths.com.au/shop/productdetails/82103/organic-choice-fragrances-reed-diffuser-melaleuca-native-blossom,https://cdn0.woolworths.media/content/wowproductimages/medium/082103.jpg,2020-09-20 15:36:09,,0,,True
e7eb3cbf-0f48-4320-9dfd-9b65838fbc50,Woolworths Supermarket,Household,Smash Blue Barista Buddy 450ml each,082294,$12.00,,https://www.woolworths.com.au/shop/productdetails/82294/smash-blue-barista-buddy-450ml,https://cdn0.woolworths.media/content/wowproductimages/medium/082294.jpg,2020-09-20 15:36:09,,0,,True
4c51e33b-cbb6-4906-a720-0a0e26ef94cb,Woolworths Supermarket,Household,Faber-castell Classic Colour & Pastel Pencils 18 pack,083572,$8.00,,https://www.woolworths.com.au/shop/productdetails/83572/faber-castell-classic-colour-pastel-pencils,https://cdn0.woolworths.media/content/wowproductimages/medium/083572.jpg,2020-09-20 15:36:09,,0,,True
dbcefd5d-edc8-4092-8f04-a92a1cf0c78b,Woolworths Supermarket,Household,Decor Double Wall Wine & Coffee Cup Stainless Steel Assorted 350ml,084278,$12.00,,https://www.woolworths.com.au/shop/productdetails/84278/decor-double-wall-wine-coffee-cup-stainless-steel-assorted,https://cdn0.woolworths.media/content/wowproductimages/medium/084278.jpg,2020-09-20 15:36:09,,0,Designs may vary,True
5fbd49ea-2c1e-4773-a80c-9478a786f201,Woolworths Supermarket,Household,Decor Double Wall Tea Infuser Assorted 380ml,085827,$18.00,,https://www.woolworths.com.au/shop/productdetails/85827/decor-double-wall-tea-infuser-assorted,https://cdn0.woolworths.media/content/wowproductimages/medium/085827.jpg,2020-09-20 15:36:09,,0,Designs may vary,True
f4bf4ec6-5a3c-48ba-9c0d-d018f82a475c,Woolworths Supermarket,Household,Cold Power Advanced Clean 1l,088675,$5.50,$5.50 / 1L,https://www.woolworths.com.au/shop/productdetails/88675/cold-power-advanced-clean,https://cdn0.woolworths.media/content/wowproductimages/medium/088675.jpg,2020-09-20 15:36:09,,0,,True
3fb88320-be75-4e40-abf1-9cc91b64f231,Woolworths Supermarket,Household,Mirabella Meerkat Statues Track & Field each,089810,$8.00,,https://www.woolworths.com.au/shop/productdetails/89810/mirabella-meerkat-statues-track-field,https://cdn0.woolworths.media/content/wowproductimages/medium/089810.jpg,2020-09-20 15:36:09,,0,Designs may vary,True
09808bb7-eb1d-46df-8b00-3acc9478f25d,Woolworths Supermarket,Household,Mirabella Meerkat Statues Swimmer Champion each,089811,$8.00,,https://www.woolworths.com.au/shop/productdetails/89811/mirabella-meerkat-statues-swimmer-champion,https://cdn0.woolworths.media/content/wowproductimages/medium/089811.jpg,2020-09-20 15:36:09,,0,Designs may vary,True
fe715b62-3a6c-4369-96a3-99405a5481ed,Woolworths Supermarket,Household,Harpic Hygienic Toilet Cleaner Bleach Lime 2 pack,090730,$3.00,$1.50 / 1EA,https://www.woolworths.com.au/shop/productdetails/90730/harpic-hygienic-toilet-cleaner-bleach-lime,https://cdn0.woolworths.media/content/wowproductimages/medium/090730.jpg,2020-09-20 15:36:09,,0,,True
e0aded59-eb82-44f1-9ba6-65c02bb6f89e,Woolworths Supermarket,Household,Harpic Eco Fresh Citrus Lemon Toilet Cleaner 2 pack,090850,$3.00,$1.50 / 1EA,https://www.woolworths.com.au/shop/productdetails/90850/harpic-eco-fresh-citrus-lemon-toilet-cleaner,https://cdn0.woolworths.media/content/wowproductimages/medium/090850.jpg,2020-09-20 15:36:09,,0,,True
a8cd9da3-838d-49ca-85d7-3edc6bbd917e,Woolworths Supermarket,Household,Adesso High Velocity Pedestal Fan 45cm each,091445,$45.00,,https://www.woolworths.com.au/shop/productdetails/91445/adesso-high-velocity-pedestal-fan-45cm,https://cdn0.woolworths.media/content/wowproductimages/medium/091445.jpg,2020-09-20 15:36:09,,0,,True
a34dbc13-2797-411e-9d7b-96bdff15ee1f,Woolworths Supermarket,Household,Gardman Meerkat Statues Firman each,091448,$8.00,,https://www.woolworths.com.au/shop/productdetails/91448/gardman-meerkat-statues-firman,https://cdn0.woolworths.media/content/wowproductimages/medium/091448.jpg,2020-09-20 15:36:09,,0,Designs may vary,True
26e83ce6-a0e2-4acc-87ac-77bcfcde7b56,Woolworths Supermarket,Household,Gardman Meerkat Statues Unicorn each,091449,$8.00,,https://www.woolworths.com.au/shop/productdetails/91449/gardman-meerkat-statues-unicorn,https://cdn0.woolworths.media/content/wowproductimages/medium/091449.jpg,2020-09-20 15:36:09,,0,Designs may vary,True
bdc3ced3-d1e9-4f2b-b4bb-6c71c61249e9,Woolworths Supermarket,Household,Gardman Meerkat Statues Shark each,091450,$8.00,,https://www.woolworths.com.au/shop/productdetails/91450/gardman-meerkat-statues-shark,https://cdn0.woolworths.media/content/wowproductimages/medium/091450.jpg,2020-09-20 15:36:09,,0,Designs may vary,True
c49c7d9a-63b8-4aed-951a-1bb545adc8ad,Woolworths Supermarket,Household,Gardman Meerkat Statues Soldier each,091572,$8.00,,https://www.woolworths.com.au/shop/productdetails/91572/gardman-meerkat-statues-soldier,https://cdn0.woolworths.media/content/wowproductimages/medium/091572.jpg,2020-09-20 15:36:09,,0,Designs may vary,True
0a1debd0-5f85-4253-a9eb-dd77a1ae47fe,Woolworths Supermarket,Household,Optus Realme C3 Red each,091604,$199.00,,https://www.woolworths.com.au/shop/productdetails/91604/optus-realme-c3-red,https://cdn0.woolworths.media/content/wowproductimages/medium/091604.jpg,2020-09-20 15:36:09,,0,,True
d5f116d2-6f6e-4aee-bbb2-5c87c6a8b75c,Woolworths Supermarket,Household,Quilton Royal Toilet Tissue 3ply 10 pack,092397,$7.00,$0.44 / 100SS,https://www.woolworths.com.au/shop/productdetails/92397/quilton-royal-toilet-tissue-3ply,https://cdn0.woolworths.media/content/wowproductimages/medium/092397.jpg,2020-09-20 15:36:09,,0,,True
6ba9a478-9033-40ba-832d-ee83546efe65,Woolworths Supermarket,Household,Plant Derived Anti Lime Scale Eucalyptus Toilet Cleaner 2 pack,092400,$3.00,$1.50 / 1EA,https://www.woolworths.com.au/shop/productdetails/92400/plant-derived-anti-lime-scale-eucalyptus-toilet-cleaner,https://cdn0.woolworths.media/content/wowproductimages/medium/092400.jpg,2020-09-20 15:36:09,,0,,True
d1bc8189-2c52-448e-8a43-544de88670cb,Woolworths Supermarket,Household,Harpic Eco Fresh Eucalyptus Toilet Gel 500ml,092401,$2.50,$0.50 / 100ML,https://www.woolworths.com.au/shop/productdetails/92401/harpic-eco-fresh-eucalyptus-toilet-gel,https://cdn0.woolworths.media/content/wowproductimages/medium/092401.jpg,2020-09-20 15:36:09,,0,,True
31f93eca-733f-4837-bc6e-d972f7260f00,Woolworths Supermarket,Household,Seasol Complete Garden Health Treatment Hose On 1.2l,095954,$5.00,$0.42 / 100ML,https://www.woolworths.com.au/shop/productdetails/95954/seasol-complete-garden-health-treatment-hose-on,https://cdn0.woolworths.media/content/wowproductimages/medium/095954.jpg,2020-09-20 15:36:09,,0,,True
03878569-34ce-41a6-a94b-5642cb631936,Woolworths Supermarket,Household,Seasol Powerfeed All Purpose Plant Fertiliser Hose On 1.2l,095983,$5.00,$0.42 / 100ML,https://www.woolworths.com.au/shop/productdetails/95983/seasol-powerfeed-all-purpose-plant-fertiliser-hose-on,https://cdn0.woolworths.media/content/wowproductimages/medium/095983.jpg,2020-09-20 15:36:09,,0,,True
95b6c41e-d006-44bd-9aab-90a355e41e2f,Woolworths Supermarket,Household,Elmer's Colour Chaning Glue 147ml,097243,$10.00,,https://www.woolworths.com.au/shop/productdetails/97243/elmer-s-colour-chaning-glue,https://cdn0.woolworths.media/content/wowproductimages/medium/097243.jpg,2020-09-20 15:36:09,,0,,True
4b869750-5603-4514-a932-12c0b64cb7ca,Woolworths Supermarket,Household,Sheer Relief Anklet Black One Size each,100495,$8.00,,https://www.woolworths.com.au/shop/productdetails/100495/sheer-relief-anklet-black-one-size,https://cdn0.woolworths.media/content/wowproductimages/medium/100495.jpg,2020-09-20 15:36:09,,0,,True
5f75d914-3336-40a5-a40c-a5365ca7615b,Woolworths Supermarket,Household,Australian Women's Weekly Mini Cookbook Slow Cooking each,103907,$5.99,,https://www.woolworths.com.au/shop/productdetails/103907/australian-women-s-weekly-mini-cookbook-slow-cooking,https://cdn0.woolworths.media/content/wowproductimages/medium/103907.jpg,2020-09-20 15:36:09,,0,,True
d177a15b-1135-4d15-ae4a-3c32542df062,Woolworths Supermarket,Household,Korbond Anti Static Spray each,105194,$7.00,,https://www.woolworths.com.au/shop/productdetails/105194/korbond-anti-static-spray,https://cdn0.woolworths.media/content/wowproductimages/medium/105194.jpg,2020-09-20 15:36:09,,0,,True
181b76ba-3181-4eb8-ab67-31b314c36b1a,Woolworths Supermarket,Household,Air Wick Pure Beach Escapes Tropical Whitsundays Air Freshener each,105793,$3.50,$2.20 / 100G,https://www.woolworths.com.au/shop/productdetails/105793/air-wick-pure-beach-escapes-tropical-whitsundays-air-freshener,https://cdn0.woolworths.media/content/wowproductimages/medium/105793.jpg,2020-09-20 15:36:09,,0,,True
25bec4fb-b4d4-4df3-b57d-9d0c224a2ee3,Woolworths Supermarket,Household,Sharpie Permanent Markers Metallic 3 pack,107533,$11.50,,https://www.woolworths.com.au/shop/productdetails/107533/sharpie-permanent-markers-metallic,https://cdn0.woolworths.media/content/wowproductimages/medium/107533.jpg,2020-09-20 15:36:09,,0,,True
5f710eb3-b5ab-49f3-a4ee-e36e4a30e12b,Woolworths Supermarket,Household,Sharpie Permanent Markers Mixed Pastel 18 pack,107536,$18.00,,https://www.woolworths.com.au/shop/productdetails/107536/sharpie-permanent-markers-mixed-pastel,https://cdn0.woolworths.media/content/wowproductimages/medium/107536.jpg,2020-09-20 15:36:09,,0,,True
9bf2ddf1-d405-48ab-b3cc-4a1f712d3744,Woolworths Supermarket,Household,Elmer's Cosmic Glue 147ml,108117,$7.00,,https://www.woolworths.com.au/shop/productdetails/108117/elmer-s-cosmic-glue,https://cdn0.woolworths.media/content/wowproductimages/medium/108117.jpg,2020-09-20 15:36:09,,0,,True
e943516c-fa84-4ba8-9a6b-39aeb99deeaa,Woolworths Supermarket,Household,Elmer's Confetti Slime Kit each,108120,$15.00,,https://www.woolworths.com.au/shop/productdetails/108120/elmer-s-confetti-slime-kit,https://cdn0.woolworths.media/content/wowproductimages/medium/108120.jpg,2020-09-20 15:36:09,,0,,True
f1510a83-dadd-4838-8903-5c620d9c2e4c,Woolworths Supermarket,Household,Diary Of A Wimpy Kid Book Assorted each,110306,$9.99,,https://www.woolworths.com.au/shop/productdetails/110306/diary-of-a-wimpy-kid-book-assorted,https://cdn0.woolworths.media/content/wowproductimages/medium/110306.jpg,2020-09-20 15:36:09,,0,,True
0a160e7d-db63-4e91-b3b8-d22a5a51edaa,Woolworths Supermarket,Household,Green Gardener Garden Hose Fitting Brass 4pk,162781,$13.50,,https://www.woolworths.com.au/shop/productdetails/162781/green-gardener-garden-hose-fitting-brass,https://cdn0.woolworths.media/content/wowproductimages/medium/162781.jpg,2020-09-20 15:36:09,,0,,True
59d96cd6-b562-4b4f-a154-0299bd5b764c,Woolworths Supermarket,Household,Spirax Notebook A5 200pg each,165756,$4.50,,https://www.woolworths.com.au/shop/productdetails/165756/spirax-notebook-a5,https://cdn0.woolworths.media/content/wowproductimages/medium/165756.jpg,2020-09-20 15:36:09,,0,,True
4b91e6ea-ee58-49d7-9c63-4c218ea89e8d,Woolworths Supermarket,Household,Reflex Photocopy Paper A4 5 pack,166567,$24.45,,https://www.woolworths.com.au/shop/productdetails/166567/reflex-photocopy-paper-a4,https://cdn0.woolworths.media/content/wowproductimages/medium/166567.jpg,2020-09-20 15:36:09,,0,,True
c0cf2880-6446-42fa-b666-cb8228ec74b7,Woolworths Supermarket,Household,Dymo Letratag Tape Refill Iron On Fabric each,232053,$16.00,,https://www.woolworths.com.au/shop/productdetails/232053/dymo-letratag-tape-refill-iron-on-fabric,https://cdn0.woolworths.media/content/wowproductimages/medium/232053.jpg,2020-09-20 15:36:09,,0,,True
a3d7035c-cc44-4156-9f16-fc06169e85b5,Woolworths Supermarket,Household,Uhu Tac White each,248835,$2.20,,https://www.woolworths.com.au/shop/productdetails/248835/uhu-tac-white,https://cdn0.woolworths.media/content/wowproductimages/medium/248835.jpg,2020-09-20 15:36:09,,0,,True
127f617b-bb23-4ba0-a000-46e1576d1290,Woolworths Supermarket,Household,Philips Lifemax Light Globe 36w Tube Tld 36w842p 2 pack,249868,$13.00,$6.50 / 1EA,https://www.woolworths.com.au/shop/productdetails/249868/philips-lifemax-light-globe-36w-tube-tld-36w842p,https://cdn0.woolworths.media/content/wowproductimages/medium/249868.jpg,2020-09-20 15:36:09,,0,,True
09532495-5fa3-4a33-a53c-7af03fafb4c3,Woolworths Supermarket,Household,Philips Starter For Fluoro Tube 4-65w 2 pack,249870,$2.60,$1.30 / 1EA,https://www.woolworths.com.au/shop/productdetails/249870/philips-starter-for-fluoro-tube-4-65w,https://cdn0.woolworths.media/content/wowproductimages/medium/249870.jpg,2020-09-20 15:36:09,,0,,True
351682d8-1aab-4767-98e1-99c9f5b3357f,Woolworths Supermarket,Household,Interworld Bucket 9.6l,250225,$2.00,,https://www.woolworths.com.au/shop/productdetails/250225/interworld-bucket,https://cdn0.woolworths.media/content/wowproductimages/medium/250225.jpg,2020-09-20 15:36:09,,0,,True
ea9ac16f-b7af-4541-8247-575d78d55b56,Woolworths Supermarket,Household,Earth Choice Toilet Cleaner Liquid Aqua 750ml,250305,$2.85,$0.38 / 100ML,https://www.woolworths.com.au/shop/productdetails/250305/earth-choice-toilet-cleaner-liquid-aqua,https://cdn0.woolworths.media/content/wowproductimages/medium/250305.jpg,2020-09-20 15:36:09,,0,,True
dd9bc70b-1b97-4675-bdf8-1abba3cd5504,Woolworths Supermarket,Household,Easy-off Bam Power Cleaner Universal Degreaser Spray 500ml,252243,$4.00,$0.80 / 100ML,https://www.woolworths.com.au/shop/productdetails/252243/easy-off-bam-power-cleaner-universal-degreaser-spray,https://cdn0.woolworths.media/content/wowproductimages/medium/252243.jpg,2020-09-20 15:36:09,,0,,True
0f38cdea-9fb3-4660-975c-7a5f3c4818bd,Woolworths Supermarket,Household,Ecostore Dishwashing Liquid 500ml,272767,$4.30,$0.86 / 100ML,https://www.woolworths.com.au/shop/productdetails/272767/ecostore-dishwashing-liquid,https://cdn0.woolworths.media/content/wowproductimages/medium/272767.jpg,2020-09-20 15:36:09,,0,,True
5c8690d1-00b2-4696-9d82-c664d9d882fa,Woolworths Supermarket,Household,Essentials Kitchen Manchester Tea Towel Cotton Check 45x70cm 4 pack,294453,$8.00,$2.00 / 1EA,https://www.woolworths.com.au/shop/productdetails/294453/essentials-kitchen-manchester-tea-towel-cotton-check-45x70cm,https://cdn0.woolworths.media/content/wowproductimages/medium/294453.jpg,2020-09-20 15:36:09,,0,,True
5fc1e4be-be6c-4f1f-b2a0-047ac088ff93,Woolworths Supermarket,Household,Hygiene Plus Gloves Disposable Powder Free 24 pack,297115,$3.50,$0.15 / 1EA,https://www.woolworths.com.au/shop/productdetails/297115/hygiene-plus-gloves-disposable-powder-free,https://cdn0.woolworths.media/content/wowproductimages/medium/297115.jpg,2020-09-20 15:36:09,,0,,True
ab62fb50-d9a1-4c6d-9beb-94e11b62d947,Woolworths Supermarket,Household,Prevention Magazine each,331552,$7.80,,https://www.woolworths.com.au/shop/productdetails/331552/prevention-magazine,https://cdn0.woolworths.media/content/wowproductimages/medium/331552.jpg,2020-09-20 15:36:09,,0,,True
09759d2f-6aa7-4f0d-b08a-37b2163b35ef,Woolworths Supermarket,Household,Stabilo Swing Cool Pen Highlighters 4 pack,333515,$6.50,,https://www.woolworths.com.au/shop/productdetails/333515/stabilo-swing-cool-pen-highlighters,https://cdn0.woolworths.media/content/wowproductimages/medium/333515.jpg,2020-09-20 15:36:09,,0,,True
57643230-0de6-4079-8f67-2c0ecf9fa693,Woolworths Supermarket,Household,Chux Magic Eraser Big Job Extra Thick 2 pack,339010,$6.00,$3.00 / 1EA,https://www.woolworths.com.au/shop/productdetails/339010/chux-magic-eraser-big-job-extra-thick,https://cdn0.woolworths.media/content/wowproductimages/medium/339010.jpg,2020-09-20 15:36:09,,0,,True
c6e8e324-b6f1-431c-9f5a-f50982de346d,Woolworths Supermarket,Household,Poly Craft String White each,361483,$4.00,,https://www.woolworths.com.au/shop/productdetails/361483/poly-craft-string-white,https://cdn0.woolworths.media/content/wowproductimages/medium/361483.jpg,2020-09-20 15:36:09,,0,,True
4e286c52-6c2a-4535-9479-1b4e2153c102,Woolworths Supermarket,Household,Clio Italian Soft Shine 12d Pantyhose Black Medium each,369735,$4.80,,https://www.woolworths.com.au/shop/productdetails/369735/clio-italian-soft-shine-12d-pantyhose-black-medium,https://cdn0.woolworths.media/content/wowproductimages/medium/369735.jpg,2020-09-20 15:36:09,,0,,True
1c5f0b78-1841-4b0c-880b-a999a7f31805,Woolworths Supermarket,Household,Clio Italian Soft Shine 12d Pantyhose Black Tall each,369736,$4.80,,https://www.woolworths.com.au/shop/productdetails/369736/clio-italian-soft-shine-12d-pantyhose-black-tall,https://cdn0.woolworths.media/content/wowproductimages/medium/369736.jpg,2020-09-20 15:36:09,,0,,True
56ec1d71-b9ac-43c7-a5d4-adb7a1e9ca06,Woolworths Supermarket,Household,Clio Italian Soft Shine 12d Pantyhose Black X/tall each,369737,$4.80,,https://www.woolworths.com.au/shop/productdetails/369737/clio-italian-soft-shine-12d-pantyhose-black-x-tall,https://cdn0.woolworths.media/content/wowproductimages/medium/369737.jpg,2020-09-20 15:36:09,,0,,True
3140ed5c-c2c7-4bff-a8a3-507ed943f9f9,Woolworths Supermarket,Household,Essentials Shot Glasses Plastic 100 pack,376550,$3.00,$0.03 / 1EA,https://www.woolworths.com.au/shop/productdetails/376550/essentials-shot-glasses-plastic,https://cdn0.woolworths.media/content/wowproductimages/medium/376550.jpg,2020-09-20 15:36:09,,0,,True
02429355-dc60-4f4c-a310-6dd574fae0bb,Woolworths Supermarket,Household,Sabco Ultra Grab Microfibre Flexible Duster each,379032,,,https://www.woolworths.com.au/shop/productdetails/379032/sabco-ultra-grab-microfibre-flexible-duster,https://cdn0.woolworths.media/content/wowproductimages/medium/379032.jpg,2020-09-20 15:36:09,,0,Was $8.99 19/11/2018,False
5896c091-5220-4cd6-a82c-7bd8c7a8fc42,Woolworths Supermarket,Household,Uhu Glue Stick Strong & Safe 7ml each,383861,$8.50,,https://www.woolworths.com.au/shop/productdetails/383861/uhu-glue-stick-strong-safe-7ml,https://cdn0.woolworths.media/content/wowproductimages/medium/383861.jpg,2020-09-20 15:36:09,,0,,True
b2fe48f0-f264-41c8-8e3b-292ec73bb1f2,Woolworths Supermarket,Household,Bic Atlantis Pens Assorted 4 pack,401053,$5.25,,https://www.woolworths.com.au/shop/productdetails/401053/bic-atlantis-pens-assorted,https://cdn0.woolworths.media/content/wowproductimages/medium/401053.jpg,2020-09-20 15:36:09,,0,,True
cc173de6-2076-4dba-9b5f-d3459da77e87,Woolworths Supermarket,Household,Philips Light Globe Led 10.5w 1055 Lumen Warm Es each,420493,$8.00,$8.00 / 1EA,https://www.woolworths.com.au/shop/productdetails/420493/philips-light-globe-led-10-5w-1055-lumen-warm-es,https://cdn0.woolworths.media/content/wowproductimages/medium/420493.jpg,2020-09-20 15:36:09,,0,Was $13.00 26/06/2019,True
945a286a-b6c5-4a78-b554-cbb45d242519,Woolworths Supermarket,Household,Philips Led 10.5w 1055 Lumen Warm Bc each,420495,$8.00,,https://www.woolworths.com.au/shop/productdetails/420495/philips-led-10-5w-1055-lumen-warm-bc,https://cdn0.woolworths.media/content/wowproductimages/medium/420495.jpg,2020-09-20 15:36:09,,0,Was $13.00 26/06/2019,True
6985a1bb-7f34-405e-b425-94ebc8374000,Woolworths Supermarket,Household,Philips Light Globe Led 10.5w 1055 Lumen Cool Es each,420499,$8.00,$8.00 / 1EA,https://www.woolworths.com.au/shop/productdetails/420499/philips-light-globe-led-10-5w-1055-lumen-cool-es,https://cdn0.woolworths.media/content/wowproductimages/medium/420499.jpg,2020-09-20 15:36:09,,0,Was $13.00 26/06/2019,True
e43acc34-971f-430b-ab7b-70ceb1e66700,Woolworths Supermarket,Household,Philips Light Globe Led 10.5w 1055 Lumen Cool Bs each,420511,$8.00,$8.00 / 1EA,https://www.woolworths.com.au/shop/productdetails/420511/philips-light-globe-led-10-5w-1055-lumen-cool-bs,https://cdn0.woolworths.media/content/wowproductimages/medium/420511.jpg,2020-09-20 15:36:09,,0,Was $13.00 26/06/2019,True
feaa92e0-1ac1-413e-bca6-12761178b5f4,Woolworths Supermarket,Household,Olsent Led Gu5.3 Mr16 6w 500lm Ww 60' 2 pack,425282,$10.00,$5.00 / 1EA,https://www.woolworths.com.au/shop/productdetails/425282/olsent-led-gu5-3-mr16-6w-500lm-ww-60-,https://cdn0.woolworths.media/content/wowproductimages/medium/425282.jpg,2020-09-20 15:36:09,,0,Was $16.00 04/12/2017,True
4abe7232-5811-455b-907d-6aea6d6ff1a6,Woolworths Supermarket,Household,Olsent Led Gu10 6w 500lm Ww 60' 3000k 60' 2 pack,425286,$10.00,$5.00 / 1EA,https://www.woolworths.com.au/shop/productdetails/425286/olsent-led-gu10-6w-500lm-ww-60-3000k-60-,https://cdn0.woolworths.media/content/wowproductimages/medium/425286.jpg,2020-09-20 15:36:09,,0,Was $14.00 04/12/2017,True
9ed7f19d-4079-45a2-b56a-0b3173cd14ab,Woolworths Supermarket,Household,Take 5 Mega Puzzler each,429214,$5.20,,https://www.woolworths.com.au/shop/productdetails/429214/take-5-mega-puzzler,https://cdn0.woolworths.media/content/wowproductimages/medium/429214.jpg,2020-09-20 15:36:09,,0,Offer Details Here,True
c9ab9f68-17f3-4054-97b1-1c933bac2828,Woolworths Supermarket,Household,Quilton Toilet Paper Triple Length 3ply 540 Sheets 6 pack,471733,$10.50,$0.32 / 100SS,https://www.woolworths.com.au/shop/productdetails/471733/quilton-toilet-paper-triple-length-3ply-540-sheets,https://cdn0.woolworths.media/content/wowproductimages/medium/471733.jpg,2020-09-20 15:36:09,,0,,True
21218f01-73e1-4ae1-bbf8-d9a6f5c8b216,Woolworths Supermarket,Household,Post-it Sticky Notes Rio De Janeiro Collection each,527893,$10.00,,https://www.woolworths.com.au/shop/productdetails/527893/post-it-sticky-notes-rio-de-janeiro-collection,https://cdn0.woolworths.media/content/wowproductimages/medium/527893.jpg,2020-09-20 15:36:09,,0,,True
ef30f944-27fd-430e-a180-52d906f9be8b,Woolworths Supermarket,Household,Dymo Clear Letratag Tape each,546786,$15.00,,https://www.woolworths.com.au/shop/productdetails/546786/dymo-clear-letratag-tape,https://cdn0.woolworths.media/content/wowproductimages/medium/546786.jpg,2020-09-20 15:36:09,,0,,True
47f51c7c-e029-4c33-8e89-2ab1b438036f,Woolworths Supermarket,Household,Olsent Led Candle Bc 5.5w 480lm Ww Globe 5.5 Watt 2 pack,551299,$9.50,$4.75 / 1EA,https://www.woolworths.com.au/shop/productdetails/551299/olsent-led-candle-bc-5-5w-480lm-ww-globe-5-5-watt,https://cdn0.woolworths.media/content/wowproductimages/medium/551299.jpg,2020-09-20 15:36:09,,0,,True
7dcc977a-edab-4ed1-a0b9-3162b084cec4,Woolworths Supermarket,Household,Olsent Led Round Bc 5.5w 500lm Ww Round Globe 5.5 Watt 2 pack,551382,$9.50,$4.75 / 1EA,https://www.woolworths.com.au/shop/productdetails/551382/olsent-led-round-bc-5-5w-500lm-ww-round-globe-5-5-watt,https://cdn0.woolworths.media/content/wowproductimages/medium/551382.jpg,2020-09-20 15:36:09,,0,,True
1cf020a5-44db-4884-a957-fe78bb4a6bf7,Woolworths Supermarket,Household,Olsent Led Round Es 5.5w 500lm Ww Round Globe 5.5 Watt 2 pack,551383,$9.50,$4.75 / 1EA,https://www.woolworths.com.au/shop/productdetails/551383/olsent-led-round-es-5-5w-500lm-ww-round-globe-5-5-watt,https://cdn0.woolworths.media/content/wowproductimages/medium/551383.jpg,2020-09-20 15:36:09,,0,,True
06b77775-c8a3-4554-a49e-569113ffeb1b,Woolworths Supermarket,Household,Aroma Essentials Candle French Pear 300g,565836,$13.00,$13.00 / 1EA,https://www.woolworths.com.au/shop/productdetails/565836/aroma-essentials-candle-french-pear,https://cdn0.woolworths.media/content/wowproductimages/medium/565836.jpg,2020-09-20 15:36:09,,0,,True
5020cd0a-ef0e-44a6-9451-d88c0b92bf23,Woolworths Supermarket,Household,Razzamatazz 40d Tight Tall/xtall each,569125,$6.00,,https://www.woolworths.com.au/shop/productdetails/569125/razzamatazz-40d-tight-tall-xtall,https://cdn0.woolworths.media/content/wowproductimages/medium/569125.jpg,2020-09-20 15:36:09,,0,,True
02a4086f-abcc-4ab4-a29d-1443d5ac2a8f,Woolworths Supermarket,Household,Razzamatazz 40d Tight Ave/tall each,569283,$6.00,,https://www.woolworths.com.au/shop/productdetails/569283/razzamatazz-40d-tight-ave-tall,https://cdn0.woolworths.media/content/wowproductimages/medium/569283.jpg,2020-09-20 15:36:09,,0,,True
cf64a216-f0ec-4b3d-b659-478029e9befe,Woolworths Supermarket,Household,Clio Ultra Low Cut One Size Natural 2 pack,571498,$3.60,,https://www.woolworths.com.au/shop/productdetails/571498/clio-ultra-low-cut-one-size-natural,https://cdn0.woolworths.media/content/wowproductimages/medium/571498.jpg,2020-09-20 15:36:09,,0,,True
35843e54-68c8-4fcc-97d0-15619daac6e8,Woolworths Supermarket,Household,Philips Led Gu10 Cool 4 pack,572055,$32.00,$8.00 / 1EA,https://www.woolworths.com.au/shop/productdetails/572055/philips-led-gu10-cool,https://cdn0.woolworths.media/content/wowproductimages/medium/572055.jpg,2020-09-20 15:36:09,,0,,True
f5f3a9f6-9122-46aa-abc7-0d16aec2f655,Woolworths Supermarket,Household,Philips Led Mr16 Cool 1pk,572062,$10.00,,https://www.woolworths.com.au/shop/productdetails/572062/philips-led-mr16-cool,https://cdn0.woolworths.media/content/wowproductimages/medium/572062.jpg,2020-09-20 15:36:09,,0,,True
c2fed982-4a52-4ba0-aa0d-de08afbb924f,Woolworths Supermarket,Household,Philips Led Gu10 Warm 1pk,572064,$10.00,,https://www.woolworths.com.au/shop/productdetails/572064/philips-led-gu10-warm,https://cdn0.woolworths.media/content/wowproductimages/medium/572064.jpg,2020-09-20 15:36:09,,0,,True
235e312d-01c7-40d7-ac49-85a45692a099,Woolworths Supermarket,Household,Philips Led Mr16 Warm 4 pack,572067,$32.00,$8.00 / 1EA,https://www.woolworths.com.au/shop/productdetails/572067/philips-led-mr16-warm,https://cdn0.woolworths.media/content/wowproductimages/medium/572067.jpg,2020-09-20 15:36:09,,0,,True
352624e1-1e11-48d3-a1fb-20a5ce82626a,Woolworths Supermarket,Household,Woolworths Umbrella Manual Navy each,572387,$9.95,,https://www.woolworths.com.au/shop/productdetails/572387/woolworths-umbrella-manual-navy,https://cdn0.woolworths.media/content/wowproductimages/medium/572387.jpg,2020-09-20 15:36:09,,0,,True
25e8fd90-3ec9-4115-9c78-ce1d23a061ca,Woolworths Supermarket,Household,Woolworths Flat Mini Manual Umbrella each,572390,$12.95,,https://www.woolworths.com.au/shop/productdetails/572390/woolworths-flat-mini-manual-umbrella,https://cdn0.woolworths.media/content/wowproductimages/medium/572390.jpg,2020-09-20 15:36:09,,0,,True
e2d8b800-87b9-429b-aaab-896e2bee492e,Woolworths Supermarket,Household,Woolworths Auto Open Crook Umbrella each,572392,$12.95,,https://www.woolworths.com.au/shop/productdetails/572392/woolworths-auto-open-crook-umbrella,https://cdn0.woolworths.media/content/wowproductimages/medium/572392.jpg,2020-09-20 15:36:09,,0,,True
b833ee84-e96e-41f8-918e-dc3a7586d270,Woolworths Supermarket,Household,Baracuda Triple Action Chlorine 2kg,573641,$25.00,$1.25 / 100G,https://www.woolworths.com.au/shop/productdetails/573641/baracuda-triple-action-chlorine,https://cdn0.woolworths.media/content/wowproductimages/medium/573641.jpg,2020-09-20 15:36:09,,0,,True
401da663-701b-4bf6-a7a2-bb7eec1fa80a,Woolworths Supermarket,Household,Baracuda Buffer 2kg,573644,$12.00,$0.60 / 100G,https://www.woolworths.com.au/shop/productdetails/573644/baracuda-buffer,https://cdn0.woolworths.media/content/wowproductimages/medium/573644.jpg,2020-09-20 15:36:09,,0,,True
c9b4a8f6-c22e-441f-94dc-3da0787b3e91,Woolworths Supermarket,Household,Baracuda Dry Acid 3kg,573645,$20.00,$0.67 / 100G,https://www.woolworths.com.au/shop/productdetails/573645/baracuda-dry-acid,https://cdn0.woolworths.media/content/wowproductimages/medium/573645.jpg,2020-09-20 15:36:09,,0,,True
b240aedf-830b-43be-a0c0-d52133927673,Woolworths Supermarket,Household,Baracuda Uv Shield 2kg,573646,$16.00,$0.80 / 100G,https://www.woolworths.com.au/shop/productdetails/573646/baracuda-uv-shield,https://cdn0.woolworths.media/content/wowproductimages/medium/573646.jpg,2020-09-20 15:36:09,,0,,True
d278c5ed-f05c-4d15-b608-33bec42857e2,Woolworths Supermarket,Household,Razzamatazz 15d Ladder Resist Natural Average each,574519,$6.00,,https://www.woolworths.com.au/shop/productdetails/574519/razzamatazz-15d-ladder-resist-natural-average,https://cdn0.woolworths.media/content/wowproductimages/medium/574519.jpg,2020-09-20 15:36:09,,0,,True
589d3742-a849-4f0b-8391-b09ce105cba1,Woolworths Supermarket,Household,Quilton Toilet Paper Shea Butter 6 pack,579597,$5.00,$0.60 / 100SS,https://www.woolworths.com.au/shop/productdetails/579597/quilton-toilet-paper-shea-butter,https://cdn0.woolworths.media/content/wowproductimages/medium/579597.jpg,2020-09-20 15:36:09,,0,,True
666a08a1-98c6-456c-8e4d-953970cdc27f,Woolworths Supermarket,Household,Fairy Platinum Dishwasher Tablets Lemon 55 pack,583308,$27.00,$0.49 / 1EA,https://www.woolworths.com.au/shop/productdetails/583308/fairy-platinum-dishwasher-tablets-lemon,https://cdn0.woolworths.media/content/wowproductimages/medium/583308.jpg,2020-09-20 15:36:09,,0,Was $35.00 01/08/2017,True
597cb776-1385-4ea1-aa3e-29081ba62af9,Woolworths Supermarket,Household,Philips Led 470lm Cool Bayonet Cap 1pk,583406,$7.00,$7.00 / 1EA,https://www.woolworths.com.au/shop/productdetails/583406/philips-led-470lm-cool-bayonet-cap,https://cdn0.woolworths.media/content/wowproductimages/medium/583406.jpg,2020-09-20 15:36:09,,0,,True
2eec3f61-dd99-4772-a17b-d3247a8dc296,Woolworths Supermarket,Household,Finish 2 In 1 Clip On Dishwasher Freshener Lemon & Lime 15g,605217,$3.00,$3.00 / 1EA,https://www.woolworths.com.au/shop/productdetails/605217/finish-2-in-1-clip-on-dishwasher-freshener-lemon-lime,https://cdn0.woolworths.media/content/wowproductimages/medium/605217.jpg,2020-09-20 15:36:09,,0,,True
b2924abe-d617-4da7-a10c-a018c9929ea7,Woolworths Supermarket,Household,Paperclick A4 Visual Art Diary 120pg,612628,$6.00,,https://www.woolworths.com.au/shop/productdetails/612628/paperclick-a4-visual-art-diary,https://cdn0.woolworths.media/content/wowproductimages/medium/612628.jpg,2020-09-20 15:36:09,,0,,True
b6ff30c6-8608-45fe-be4b-75ddf40e2e39,Woolworths Supermarket,Household,Brunnings Soaker Hose 15m,626730,$19.00,,https://www.woolworths.com.au/shop/productdetails/626730/brunnings-soaker-hose,https://cdn0.woolworths.media/content/wowproductimages/medium/626730.jpg,2020-09-20 15:36:09,,0,,True
367963f7-80eb-4223-816a-76610790707e,Woolworths Supermarket,Household,Crayola Silly Scents Mini Twistables Crayons 12 pack,626826,$7.00,,https://www.woolworths.com.au/shop/productdetails/626826/crayola-silly-scents-mini-twistables-crayons,https://cdn0.woolworths.media/content/wowproductimages/medium/626826.jpg,2020-09-20 15:36:09,,0,,True
4037c9b5-6bfb-40a6-993b-f878d3a8324a,Woolworths Supermarket,Household,Yates Lawn Repair 1kg,632136,$14.00,$1.40 / 100G,https://www.woolworths.com.au/shop/productdetails/632136/yates-lawn-repair,https://cdn0.woolworths.media/content/wowproductimages/medium/632136.jpg,2020-09-20 15:36:09,,0,,True
9410fd58-0378-4940-a32c-7039935a2a65,Woolworths Supermarket,Household,Inspire Bamboo Tea Towel 2 pack,634038,$8.00,,https://www.woolworths.com.au/shop/productdetails/634038/inspire-bamboo-tea-towel,https://cdn0.woolworths.media/content/wowproductimages/medium/634038.jpg,2020-09-20 15:36:09,,0,,True
15a789a4-e82f-4bf6-a657-a415a13c3974,Woolworths Supermarket,Household,Rain Or Shine Poncho Adult Grey each,634543,$4.95,,https://www.woolworths.com.au/shop/productdetails/634543/rain-or-shine-poncho-adult-grey,https://cdn0.woolworths.media/content/wowproductimages/medium/634543.jpg,2020-09-20 15:36:09,,0,,True
db3f4bc3-711f-4810-a5f5-5d7258a59810,Woolworths Supermarket,Household,Rain Or Shine Poncho Kids Red each,634555,$4.95,,https://www.woolworths.com.au/shop/productdetails/634555/rain-or-shine-poncho-kids-red,https://cdn0.woolworths.media/content/wowproductimages/medium/634555.jpg,2020-09-20 15:36:09,,0,,True
8167261d-9e15-4071-8328-ce9e853af762,Woolworths Supermarket,Household,Inspire Oven Glove & Pot Holder each,634697,,,https://www.woolworths.com.au/shop/productdetails/634697/inspire-oven-glove-pot-holder,https://cdn0.woolworths.media/content/wowproductimages/medium/634697.jpg,2020-09-20 15:36:09,,0,,False
ca5679cd-82b7-448d-bb21-576f2315ac27,Woolworths Supermarket,Household,Staedtler Noris Club Geometry Set 8 pack,636545,$10.00,,https://www.woolworths.com.au/shop/productdetails/636545/staedtler-noris-club-geometry-set,https://cdn0.woolworths.media/content/wowproductimages/medium/636545.jpg,2020-09-20 15:36:09,,0,,True
e3468aad-7fd8-482d-967d-b35bda20892f,Woolworths Supermarket,Household,Baracuda Soda Ash 2kg,640758,$16.00,$0.80 / 100G,https://www.woolworths.com.au/shop/productdetails/640758/baracuda-soda-ash,https://cdn0.woolworths.media/content/wowproductimages/medium/640758.jpg,2020-09-20 15:36:09,,0,,True
74925920-67f3-42e4-a065-e7eb00283d42,Woolworths Supermarket,Household,Baracuda Sparkle Clarifier Cubes 125g,640863,$6.00,$6.00 / 1EA,https://www.woolworths.com.au/shop/productdetails/640863/baracuda-sparkle-clarifier-cubes,https://cdn0.woolworths.media/content/wowproductimages/medium/640863.jpg,2020-09-20 15:36:09,,0,,True
b6cd4eb4-e93f-46e6-a288-c467eed623fb,Woolworths Supermarket,Household,Buzz Disposable Fly Trap each,642426,$9.00,$9.00 / 1EA,https://www.woolworths.com.au/shop/productdetails/642426/buzz-disposable-fly-trap,https://cdn0.woolworths.media/content/wowproductimages/medium/642426.jpg,2020-09-20 15:36:09,,0,,True
cc61a23a-312f-4912-8318-2ac48ac6b39a,Woolworths Supermarket,Household,Baracuda Clarifier 1l,643196,$12.00,$1.20 / 100ML,https://www.woolworths.com.au/shop/productdetails/643196/baracuda-clarifier,https://cdn0.woolworths.media/content/wowproductimages/medium/643196.jpg,2020-09-20 15:36:09,,0,,True
e5e67227-9ba2-4563-951e-618095acf719,Woolworths Supermarket,Household,No Issues Facial Tissues Single Cube 60 sheets,648972,$2.50,$4.17 / 100SS,https://www.woolworths.com.au/shop/productdetails/648972/no-issues-facial-tissues-single-cube,https://cdn0.woolworths.media/content/wowproductimages/medium/648972.jpg,2020-09-20 15:36:09,,0,,True
d3f0d3c9-71f1-4bff-8066-3f1d8b19e916,Woolworths Supermarket,Household,Thermos Travel Tumbler Value Pack 420ml 2 pack,669855,$25.00,$25.00 / 1EA,https://www.woolworths.com.au/shop/productdetails/669855/thermos-travel-tumbler-value-pack-420ml,https://cdn0.woolworths.media/content/wowproductimages/medium/669855.jpg,2020-09-20 15:36:09,,0,,True
0ab3a63b-979f-4c22-9fa9-a538bcbd6d27,Woolworths Supermarket,Household,Jamie Oliver Tea Towel each,677177,$8.00,,https://www.woolworths.com.au/shop/productdetails/677177/jamie-oliver-tea-towel,https://cdn0.woolworths.media/content/wowproductimages/medium/677177.jpg,2020-09-20 15:36:09,,0,,True
2f7ff400-9cb7-4fba-872c-655046d9bce9,Woolworths Supermarket,Household,Lovable Care & Renew For Black & Darks 1.5l,681399,$6.00,$4.00 / 1L,https://www.woolworths.com.au/shop/productdetails/681399/lovable-care-renew-for-black-darks,https://cdn0.woolworths.media/content/wowproductimages/medium/681399.jpg,2020-09-20 15:36:09,,0,,True
d1658dda-f94d-4b78-985d-31f997f080da,Woolworths Supermarket,Household,Duck Toilet Fresh Disc Tropical Sunshine 36ml,692484,$3.50,$9.72 / 100ML,https://www.woolworths.com.au/shop/productdetails/692484/duck-toilet-fresh-disc-tropical-sunshine,https://cdn0.woolworths.media/content/wowproductimages/medium/692484.jpg,2020-09-20 15:36:09,,0,,True
c70cd7e9-af09-46d4-b1fd-ebbc6ec938ca,Woolworths Supermarket,Household,Essentials Travel Mug Stainless Steel Black each,695421,$10.00,,https://www.woolworths.com.au/shop/productdetails/695421/essentials-travel-mug-stainless-steel-black,https://cdn0.woolworths.media/content/wowproductimages/medium/695421.jpg,2020-09-20 15:36:09,,0,,True
876bfca3-bf89-41fd-854a-3dadfc2cfcdc,Woolworths Supermarket,Household,Paperclick Zipper Binder each,697136,$5.00,,https://www.woolworths.com.au/shop/productdetails/697136/paperclick-zipper-binder,https://cdn0.woolworths.media/content/wowproductimages/medium/697136.jpg,2020-09-20 15:36:09,,0,,True
07cb5846-6696-4321-be4d-4be3ec106438,Woolworths Supermarket,Household,Paperclick Palm Cards 100 pack,697232,$5.00,,https://www.woolworths.com.au/shop/productdetails/697232/paperclick-palm-cards,https://cdn0.woolworths.media/content/wowproductimages/medium/697232.jpg,2020-09-20 15:36:09,,0,,True
721ffef7-0c44-45e0-9c9d-3c18257c0c7e,Woolworths Supermarket,Household,Baracuda Floating Dispenser Floating Dispenser each,700137,$8.00,$8.00 / 1EA,https://www.woolworths.com.au/shop/productdetails/700137/baracuda-floating-dispenser-floating-dispenser,https://cdn0.woolworths.media/content/wowproductimages/medium/700137.jpg,2020-09-20 15:36:09,,0,,True
6d5cb6e2-bb86-4b36-83af-bb7bc39bb12b,Woolworths Supermarket,Household,Baracuda Skimmer Socks 5 pack,700139,$10.00,$10.00 / 1EA,https://www.woolworths.com.au/shop/productdetails/700139/baracuda-skimmer-socks,https://cdn0.woolworths.media/content/wowproductimages/medium/700139.jpg,2020-09-20 15:36:09,,0,,True
990ae80e-d6f4-4438-87c8-825bcf1e58a7,Woolworths Supermarket,Household,Wet Ones Moist Wipes Gentle 40pk,701897,$4.10,$0.10 / 1EA,https://www.woolworths.com.au/shop/productdetails/701897/wet-ones-moist-wipes-gentle,https://cdn0.woolworths.media/content/wowproductimages/medium/701897.jpg,2020-09-20 15:36:09,,0,,True
32140518-637d-4032-a9b0-a6bc4be633f7,Woolworths Supermarket,Household,Baracuda Powermaxx Weekly Pool Tablet 1kg,706299,$20.00,$2.00 / 100G,https://www.woolworths.com.au/shop/productdetails/706299/baracuda-powermaxx-weekly-pool-tablet,https://cdn0.woolworths.media/content/wowproductimages/medium/706299.jpg,2020-09-20 15:36:09,,0,,True
53758bb3-0d17-421b-9068-173ab85523d4,Woolworths Supermarket,Household,Woolworths Essentials Envelopes C4 25 pack,725382,$5.00,,https://www.woolworths.com.au/shop/productdetails/725382/woolworths-essentials-envelopes-c4,https://cdn0.woolworths.media/content/wowproductimages/medium/725382.jpg,2020-09-20 15:36:09,,0,,True
a78084e3-19f2-4253-a5b9-f4a8989d52ba,Woolworths Supermarket,Household,Woolworths Coloured Markers 36pk,725399,$4.00,,https://www.woolworths.com.au/shop/productdetails/725399/woolworths-coloured-markers,https://cdn0.woolworths.media/content/wowproductimages/medium/725399.jpg,2020-09-20 15:36:09,,0,,True
d96ac1e5-7cdd-4b87-ad63-595a69a0e23c,Woolworths Supermarket,Household,Woolworths Essentials Clips Magnetic 30mm 3 pack,725441,,,https://www.woolworths.com.au/shop/productdetails/725441/woolworths-essentials-clips-magnetic-30mm,https://cdn0.woolworths.media/content/wowproductimages/medium/725441.jpg,2020-09-20 15:36:09,,0,,False
72a1be0b-c163-436a-9965-f98c4566fb3c,Woolworths Supermarket,Household,Earth Choice Dishwashing Tablets 42pk,738604,$16.20,$0.39 / 1EA,https://www.woolworths.com.au/shop/productdetails/738604/earth-choice-dishwashing-tablets,https://cdn0.woolworths.media/content/wowproductimages/medium/738604.jpg,2020-09-20 15:36:09,,0,,True
f959936f-e219-4f24-84f0-d335d34ec886,Woolworths Supermarket,Household,Quilton Toilet Tissue King Size Unscented 6 pack,742707,$5.00,$0.48 / 100SS,https://www.woolworths.com.au/shop/productdetails/742707/quilton-toilet-tissue-king-size-unscented,https://cdn0.woolworths.media/content/wowproductimages/medium/742707.jpg,2020-09-20 15:36:09,,0,,True
0472fe5d-4883-4956-8a36-08f22574ae87,Woolworths Supermarket,Household,Bostik Glu Stick Clear Glue 3 pack,743971,$2.50,,https://www.woolworths.com.au/shop/productdetails/743971/bostik-glu-stick-clear-glue,https://cdn0.woolworths.media/content/wowproductimages/medium/743971.jpg,2020-09-20 15:36:09,,0,,True
e9615ccb-1e8a-4c34-9739-46077da96373,Woolworths Supermarket,Household,Woolworths College Party Cups 20 pack,748696,$4.00,$0.20 / 1EA,https://www.woolworths.com.au/shop/productdetails/748696/woolworths-college-party-cups,https://cdn0.woolworths.media/content/wowproductimages/medium/748696.jpg,2020-09-20 15:36:09,,0,,True
33083aaf-a0b1-456f-9c5f-4914cfc8bccf,Woolworths Supermarket,Household,Sorbent Flushable Wipes Hypo-allergenic 40 pack,752108,$3.00,$7.50 / 100SS,https://www.woolworths.com.au/shop/productdetails/752108/sorbent-flushable-wipes-hypo-allergenic,https://cdn0.woolworths.media/content/wowproductimages/medium/752108.jpg,2020-09-20 15:36:09,,0,,True
13a6c2f3-b808-44ec-93b4-a7591016dcbd,Woolworths Supermarket,Household,Kleenex To Go Facial Tissues Aloe Vera Pocket Pack 6 pack,759362,$3.20,$5.93 / 100SS,https://www.woolworths.com.au/shop/productdetails/759362/kleenex-to-go-facial-tissues-aloe-vera-pocket-pack,https://cdn0.woolworths.media/content/wowproductimages/medium/759362.jpg,2020-09-20 15:36:09,,0,,True
8afc2d75-25b2-4578-b593-b221607fcca9,Woolworths Supermarket,Household,Quartet White Board 290x290mm each,768981,$7.00,,https://www.woolworths.com.au/shop/productdetails/768981/quartet-white-board-290x290mm,https://cdn0.woolworths.media/content/wowproductimages/medium/768981.jpg,2020-09-20 15:36:09,,0,,True
a8b157e8-9fb7-4de3-89ea-9c55fdd2a115,Woolworths Supermarket,Household,Ecostore Fragrance Free Auto Dishwasher 50 tablets,774416,$19.00,$0.38 / 1EA,https://www.woolworths.com.au/shop/productdetails/774416/ecostore-fragrance-free-auto-dishwasher,https://cdn0.woolworths.media/content/wowproductimages/medium/774416.jpg,2020-09-20 15:36:09,,0,,True
e47a8dee-72f2-4dc9-845f-cdedd74944a2,Woolworths Supermarket,Household,Woolworths Select Mop 2 In 1 Refill Flat each,778272,$6.99,$6.99 / 1EA,https://www.woolworths.com.au/shop/productdetails/778272/woolworths-select-mop-2-in-1-refill-flat,https://cdn0.woolworths.media/content/wowproductimages/medium/778272.jpg,2020-09-20 15:36:09,,0,,True
bb5c5e08-4c3c-4a5f-a3e8-fa0dca48967e,Woolworths Supermarket,Household,Vevelle Select Double Roll Toilet Tissue 4 pack,779551,$3.70,$0.24 / 100SS,https://www.woolworths.com.au/shop/productdetails/779551/vevelle-select-double-roll-toilet-tissue,https://cdn0.woolworths.media/content/wowproductimages/medium/779551.jpg,2020-09-20 15:36:09,,0,,True
90608731-abe3-4677-a800-d1ca8bea012c,Woolworths Supermarket,Household,Geelong Brush Scrubbing Brush Maxi each,789025,$6.50,$6.50 / 1EA,https://www.woolworths.com.au/shop/productdetails/789025/geelong-brush-scrubbing-brush-maxi,https://cdn0.woolworths.media/content/wowproductimages/medium/789025.jpg,2020-09-20 15:36:09,,0,,True
e3ba88a3-ed11-4a67-bfae-09bdc856dc24,Woolworths Supermarket,Household,Philips Led 470 Lumen Light Bulb Warm White each,792562,$7.00,$7.00 / 1EA,https://www.woolworths.com.au/shop/productdetails/792562/philips-led-470-lumen-light-bulb-warm-white,https://cdn0.woolworths.media/content/wowproductimages/medium/792562.jpg,2020-09-20 15:36:09,,0,Was $8.99 12/09/2016,True
358d3a20-de58-46fb-8b2f-5100ec9c3dce,Woolworths Supermarket,Household,Philips Led 470 Lumen Light Bulb Cool Daylight each,792564,$7.00,$7.00 / 1EA,https://www.woolworths.com.au/shop/productdetails/792564/philips-led-470-lumen-light-bulb-cool-daylight,https://cdn0.woolworths.media/content/wowproductimages/medium/792564.jpg,2020-09-20 15:36:09,,0,Was $8.99 12/09/2016,True
8f01151d-2c03-4b88-a8de-fc78db04e0d1,Woolworths Supermarket,Household,Philips Led 470 Lumen Light Bulb Warm White each,792571,$7.00,$7.00 / 1EA,https://www.woolworths.com.au/shop/productdetails/792571/philips-led-470-lumen-light-bulb-warm-white,https://cdn0.woolworths.media/content/wowproductimages/medium/792571.jpg,2020-09-20 15:36:09,,0,Was $8.99 12/09/2016,True
dec94bbc-0213-4572-b83b-7ef1c762b708,Woolworths Supermarket,Household,Mint Nylon Spaghetti Fork each,807199,$4.00,,https://www.woolworths.com.au/shop/productdetails/807199/mint-nylon-spaghetti-fork,https://cdn0.woolworths.media/content/wowproductimages/medium/807199.jpg,2020-09-20 15:36:09,,0,,True
758e618c-ea63-4316-aa7f-4f92f817c040,Woolworths Supermarket,Household,Mint Kids Cutlery Set 3 pieces,807236,$5.60,,https://www.woolworths.com.au/shop/productdetails/807236/mint-kids-cutlery-set,https://cdn0.woolworths.media/content/wowproductimages/medium/807236.jpg,2020-09-20 15:36:09,,0,,True
17c0325f-400c-4969-a84e-4ccc867a940a,Woolworths Supermarket,Household,Mint Stainless Steel Grater Box each,807271,$8.00,,https://www.woolworths.com.au/shop/productdetails/807271/mint-stainless-steel-grater-box,https://cdn0.woolworths.media/content/wowproductimages/medium/807271.jpg,2020-09-20 15:36:09,,0,,True
acd6c081-a374-44b1-8409-1552208f2918,Woolworths Supermarket,Household,Mint Soft Grip Meat Tenderiser each,807285,$6.00,,https://www.woolworths.com.au/shop/productdetails/807285/mint-soft-grip-meat-tenderiser,https://cdn0.woolworths.media/content/wowproductimages/medium/807285.jpg,2020-09-20 15:36:09,,0,,True
5b7116d3-34d8-432d-8d37-1b326b6646d1,Woolworths Supermarket,Household,Mint Non-stick Coating Frypan 26cm each,807305,$11.00,,https://www.woolworths.com.au/shop/productdetails/807305/mint-non-stick-coating-frypan-26cm,https://cdn0.woolworths.media/content/wowproductimages/medium/807305.jpg,2020-09-20 15:36:09,,0,,True
e9392645-11cf-4410-b36b-efbf71d81192,Woolworths Supermarket,Household,Mint Non-stick Coating Round Cake Pan each,807315,$4.20,,https://www.woolworths.com.au/shop/productdetails/807315/mint-non-stick-coating-round-cake-pan,https://cdn0.woolworths.media/content/wowproductimages/medium/807315.jpg,2020-09-20 15:36:09,,0,,True
b38e8bb7-7c13-44b1-bf98-03c05fff2f1b,Woolworths Supermarket,Household,Philips 7w R63 Led Reflector Globe Warm White each,808149,$10.50,$10.50 / 1EA,https://www.woolworths.com.au/shop/productdetails/808149/philips-7w-r63-led-reflector-globe-warm-white,https://cdn0.woolworths.media/content/wowproductimages/medium/808149.jpg,2020-09-20 15:36:09,,0,,True
38f18a70-9b8c-46b1-9831-8ba912eca6b8,Woolworths Supermarket,Household,Essentials Microfibre Tea Towel 40x48cm 5 pack,815416,$6.00,,https://www.woolworths.com.au/shop/productdetails/815416/essentials-microfibre-tea-towel-40x48cm,https://cdn0.woolworths.media/content/wowproductimages/medium/815416.jpg,2020-09-20 15:36:09,,0,,True
2345ca81-7e6e-4859-a6e1-56742bb8fc4a,Woolworths Supermarket,Household,Essentials Cotton Ribbed Tea Towel 36x50cm 4 pack,815417,$8.00,,https://www.woolworths.com.au/shop/productdetails/815417/essentials-cotton-ribbed-tea-towel-36x50cm,https://cdn0.woolworths.media/content/wowproductimages/medium/815417.jpg,2020-09-20 15:36:09,,0,,True
bba57c07-4dc4-47ea-bdd8-8c3c3763c019,Woolworths Supermarket,Household,Glade 3 Wick Candle Sheer Vanilla 193g,817166,$8.00,$8.00 / 1EA,https://www.woolworths.com.au/shop/productdetails/817166/glade-3-wick-candle-sheer-vanilla,https://cdn0.woolworths.media/content/wowproductimages/medium/817166.jpg,2020-09-20 15:36:09,,0,,True
d0b2fd08-ab13-4964-af4a-ac0fa9392d3e,Woolworths Supermarket,Household,Olsent Led Gls Es 6w Party Lights Multi Color 4 pack,821273,$15.00,$3.75 / 1EA,https://www.woolworths.com.au/shop/productdetails/821273/olsent-led-gls-es-6w-party-lights-multi-color,https://cdn0.woolworths.media/content/wowproductimages/medium/821273.jpg,2020-09-20 15:36:09,,0,,True
6a847ecf-f453-4dd5-8628-1eb54ff1afb3,Woolworths Supermarket,Household,Olsent Led Gls Bc 6w Party Lights Multi Color 4 pack,821276,$15.00,$3.75 / 1EA,https://www.woolworths.com.au/shop/productdetails/821276/olsent-led-gls-bc-6w-party-lights-multi-color,https://cdn0.woolworths.media/content/wowproductimages/medium/821276.jpg,2020-09-20 15:36:09,,0,,True
7b2743bb-1983-45ce-8d2f-63461715f697,Woolworths Supermarket,Household,Olsent Led Downlight 8w 800lm Dimmable Cw With Flex & Plug 90ml,821291,$13.00,$13.00 / 1EA,https://www.woolworths.com.au/shop/productdetails/821291/olsent-led-downlight-8w-800lm-dimmable-cw-with-flex-plug,https://cdn0.woolworths.media/content/wowproductimages/medium/821291.jpg,2020-09-20 15:36:09,,0,,True
a5847663-18aa-47bc-9f4b-c113bbbf24f3,Woolworths Supermarket,Household,Olsent Led Work Light 15w 1000lm Ip65 With Flex & Plug 1.5m each,821293,$19.95,$19.95 / 1EA,https://www.woolworths.com.au/shop/productdetails/821293/olsent-led-work-light-15w-1000lm-ip65-with-flex-plug-1-5m,https://cdn0.woolworths.media/content/wowproductimages/medium/821293.jpg,2020-09-20 15:36:09,,0,,True
cd3b3200-2df2-4bd9-8cc5-1ccea58e1df2,Woolworths Supermarket,Household,Olsent Led Filament Gls Es 6.5w 810lm 2 pack,821294,$10.00,$10.00 / 1EA,https://www.woolworths.com.au/shop/productdetails/821294/olsent-led-filament-gls-es-6-5w-810lm,https://cdn0.woolworths.media/content/wowproductimages/medium/821294.jpg,2020-09-20 15:36:09,,0,,True
06ffc65b-e5fd-42de-b8ad-e757870d0295,Woolworths Supermarket,Household,Olsent Led Fairy Light 100lt Battery Operated Cw Indoor each,822270,$12.00,$12.00 / 1EA,https://www.woolworths.com.au/shop/productdetails/822270/olsent-led-fairy-light-100lt-battery-operated-cw-indoor,https://cdn0.woolworths.media/content/wowproductimages/medium/822270.jpg,2020-09-20 15:36:09,,0,,True
d8f48088-1515-43da-b427-bb675c69b26a,Woolworths Supermarket,Household,For Her Regular Brief Pantyhose Black Tall 3 pack,827336,$4.00,,https://www.woolworths.com.au/shop/productdetails/827336/for-her-regular-brief-pantyhose-black-tall,https://cdn0.woolworths.media/content/wowproductimages/medium/827336.jpg,2020-09-20 15:36:09,,0,,True
7624fb11-cd54-4b58-aa1a-e047a573c4f3,Woolworths Supermarket,Household,For Her Control Brief Pantyhose Black Average 3 pack,827363,$4.00,,https://www.woolworths.com.au/shop/productdetails/827363/for-her-control-brief-pantyhose-black-average,https://cdn0.woolworths.media/content/wowproductimages/medium/827363.jpg,2020-09-20 15:36:09,,0,,True
8a70de1d-e0b9-47ae-8d0c-f3c9055f86c6,Woolworths Supermarket,Household,For Her Sheer Regular Brief Pantyhose Black X/tall 3 pack,827369,$4.00,,https://www.woolworths.com.au/shop/productdetails/827369/for-her-sheer-regular-brief-pantyhose-black-x-tall,https://cdn0.woolworths.media/content/wowproductimages/medium/827369.jpg,2020-09-20 15:36:09,,0,,True
b298f615-857e-420f-aa37-04c74671a04c,Woolworths Supermarket,Household,For Her Regular Brief Pantyhose Natural Average 3 pack,827370,$4.00,,https://www.woolworths.com.au/shop/productdetails/827370/for-her-regular-brief-pantyhose-natural-average,https://cdn0.woolworths.media/content/wowproductimages/medium/827370.jpg,2020-09-20 15:36:09,,0,,True
69397c99-eb0b-4f2e-9a39-6a796f07ec41,Woolworths Supermarket,Household,For Her Control Brief Pantyhose Natural Tall 3 pack,827440,$4.00,,https://www.woolworths.com.au/shop/productdetails/827440/for-her-control-brief-pantyhose-natural-tall,https://cdn0.woolworths.media/content/wowproductimages/medium/827440.jpg,2020-09-20 15:36:09,,0,,True
d6200441-2009-4272-bf20-2fdda2e89300,Woolworths Supermarket,Household,For Her Regular Brief Pantyhose Natural X/tall 3 pack,827451,$4.00,,https://www.woolworths.com.au/shop/productdetails/827451/for-her-regular-brief-pantyhose-natural-x-tall,https://cdn0.woolworths.media/content/wowproductimages/medium/827451.jpg,2020-09-20 15:36:09,,0,,True
6188c515-0659-4e91-8817-b91abf2071a8,Woolworths Supermarket,Household,Bonds Comfy Tops Sheer Tights Black Med each,828723,$8.00,,https://www.woolworths.com.au/shop/productdetails/828723/bonds-comfy-tops-sheer-tights-black-med,https://cdn0.woolworths.media/content/wowproductimages/medium/828723.jpg,2020-09-20 15:36:09,,0,,True
03e9b1b7-503a-4866-b6e8-9f24bad2237d,Woolworths Supermarket,Household,Bonds Comfy Tops Slimming Sheer Tights Nude Med each,828727,$8.00,,https://www.woolworths.com.au/shop/productdetails/828727/bonds-comfy-tops-slimming-sheer-tights-nude-med,https://cdn0.woolworths.media/content/wowproductimages/medium/828727.jpg,2020-09-20 15:36:09,,0,,True
b0c82531-3205-473b-ad8c-8a81b540a8b3,Woolworths Supermarket,Household,Bonds Comfy Tops Sheer Tights Black Lge each,828732,$8.00,,https://www.woolworths.com.au/shop/productdetails/828732/bonds-comfy-tops-sheer-tights-black-lge,https://cdn0.woolworths.media/content/wowproductimages/medium/828732.jpg,2020-09-20 15:36:09,,0,,True
c5452027-6a74-47bf-8b09-3966cccb1522,Woolworths Supermarket,Household,Bonds Comfy Tops Fleecy Tights Black Tl-xt each,829049,$20.00,,https://www.woolworths.com.au/shop/productdetails/829049/bonds-comfy-tops-fleecy-tights-black-tl-xt,https://cdn0.woolworths.media/content/wowproductimages/medium/829049.jpg,2020-09-20 15:36:09,,0,,True
699c5631-e3dd-4343-be30-36721cfe15ed,Woolworths Supermarket,Household,No Issues Facial Tissues Pocket Pack 6 pack,830284,$2.70,$4.50 / 100SS,https://www.woolworths.com.au/shop/productdetails/830284/no-issues-facial-tissues-pocket-pack,https://cdn0.woolworths.media/content/wowproductimages/medium/830284.jpg,2020-09-20 15:36:09,,0,,True
0d4fb14d-5895-4013-9ea4-4eddb4ef9a72,Woolworths Supermarket,Household,Air Wick Pure Fresh Berries Car Single 2.5ml,840324,$3.00,$3.00 / 1EA,https://www.woolworths.com.au/shop/productdetails/840324/air-wick-pure-fresh-berries-car-single,https://cdn0.woolworths.media/content/wowproductimages/medium/840324.jpg,2020-09-20 15:36:09,,0,,True
fdd9e0f1-7c0b-4926-b170-246fd89c6f71,Woolworths Supermarket,Household,Air Wick Life Scents Turquoise Oasis Reed 30ml,841702,$12.00,$4.00 / 10ML,https://www.woolworths.com.au/shop/productdetails/841702/air-wick-life-scents-turquoise-oasis-reed,https://cdn0.woolworths.media/content/wowproductimages/medium/841702.jpg,2020-09-20 15:36:09,,0,,True
ebce6a72-7407-4764-b618-fc41d1cfa2f8,Woolworths Supermarket,Household,Air Wick Life Scents Mystical Garden Reed 30ml,841713,$12.00,$4.00 / 10ML,https://www.woolworths.com.au/shop/productdetails/841713/air-wick-life-scents-mystical-garden-reed,https://cdn0.woolworths.media/content/wowproductimages/medium/841713.jpg,2020-09-20 15:36:09,,0,,True
5b1a76b1-eff0-416b-b80a-53470da45b09,Woolworths Supermarket,Household,Air Wick Life Scents Turquoise Oasis Plug In Diffuser 19m,841715,$11.00,$5.79 / 10ML,https://www.woolworths.com.au/shop/productdetails/841715/air-wick-life-scents-turquoise-oasis-plug-in-diffuser,https://cdn0.woolworths.media/content/wowproductimages/medium/841715.jpg,2020-09-20 15:36:09,,0,,True
c13ea7f2-d542-4d5b-8bf9-d03647f14918,Woolworths Supermarket,Household,Air Wick Pure Energising With Essential Oil Aerosol 159g,843938,$3.50,$2.20 / 100G,https://www.woolworths.com.au/shop/productdetails/843938/air-wick-pure-energising-with-essential-oil-aerosol,https://cdn0.woolworths.media/content/wowproductimages/medium/843938.jpg,2020-09-20 15:36:09,,0,,True
428b743b-312b-4d75-94e8-0f0e48942101,Woolworths Supermarket,Household,Air Wick Essential Oil Vanilla Electric Triple Refill 21ml,846998,$13.50,$2.14 / 10ML,https://www.woolworths.com.au/shop/productdetails/846998/air-wick-essential-oil-vanilla-electric-triple-refill,https://cdn0.woolworths.media/content/wowproductimages/medium/846998.jpg,2020-09-20 15:36:09,,0,Was $14.50 22/05/2019,True
20188fd0-7948-427b-ad11-21cda9c91822,Woolworths Supermarket,Household,Icare 100% Recycled Toilet Tissue Double Length White 3 Ply 6 pack,847649,$6.50,$0.30 / 100SS,https://www.woolworths.com.au/shop/productdetails/847649/icare-100-recycled-toilet-tissue-double-length-white-3-ply,https://cdn0.woolworths.media/content/wowproductimages/medium/847649.jpg,2020-09-20 15:36:09,,0,,True
c144766f-e065-4b7f-974a-b57c06d12611,Woolworths Supermarket,Household,Quilton Toilet Tissue 3 Ply Prints 180 Sheets 24 pack,852042,$12.00,$0.28 / 100SS,https://www.woolworths.com.au/shop/productdetails/852042/quilton-toilet-tissue-3-ply-prints-180-sheets,https://cdn0.woolworths.media/content/wowproductimages/medium/852042.jpg,2020-09-20 15:36:09,,0,,True
d832ee2e-0a58-466e-8453-ce05159f0d8a,Woolworths Supermarket,Household,Fab Laundry Liquid Essential Oils Indian Nights 3.6l,862712,$15.00,$4.17 / 1L,https://www.woolworths.com.au/shop/productdetails/862712/fab-laundry-liquid-essential-oils-indian-nights,https://cdn0.woolworths.media/content/wowproductimages/medium/862712.jpg,2020-09-20 15:36:09,,0,Was $19.99 12/08/2019,True
931af1e1-a33f-4df2-9d3d-5773e0967074,Woolworths Supermarket,Household,Cuddly Fabric Softner Aroma Relaxing Wild Lavender 900ml,862898,$4.49,$4.99 / 1L,https://www.woolworths.com.au/shop/productdetails/862898/cuddly-fabric-softner-aroma-relaxing-wild-lavender,https://cdn0.woolworths.media/content/wowproductimages/medium/862898.jpg,2020-09-20 15:36:09,,0,,True
88f54666-8f07-4402-baf2-fdf2411ee129,Woolworths Supermarket,Household,Earth Choice Wood Cleaner & Polisher 250ml,863433,$4.00,$1.60 / 100ML,https://www.woolworths.com.au/shop/productdetails/863433/earth-choice-wood-cleaner-polisher,https://cdn0.woolworths.media/content/wowproductimages/medium/863433.jpg,2020-09-20 15:36:09,,0,,True
98a0b404-9ec1-4423-a8a7-48597663c64e,Woolworths Supermarket,Household,Softly Laundry Powder Pure Soap Flakes 700g,866586,$7.49,$10.70 / 1KG,https://www.woolworths.com.au/shop/productdetails/866586/softly-laundry-powder-pure-soap-flakes,https://cdn0.woolworths.media/content/wowproductimages/medium/866586.jpg,2020-09-20 15:36:09,,0,,True
715ce5bf-701c-4563-bb70-e770b11701cb,Woolworths Supermarket,Household,Glade Clean Linen Touch & Fresh Refill 2x9g,866848,$6.00,$3.33 / 10G,https://www.woolworths.com.au/shop/productdetails/866848/glade-clean-linen-touch-fresh-refill,https://cdn0.woolworths.media/content/wowproductimages/medium/866848.jpg,2020-09-20 15:36:09,,0,,True
2b8665ef-214d-4cf9-adab-a507a7c046c2,Woolworths Supermarket,Household,Thermocafe Stainless Steel Travel Mug Double Wall 400ml,872206,$12.00,,https://www.woolworths.com.au/shop/productdetails/872206/thermocafe-stainless-steel-travel-mug-double-wall,https://cdn0.woolworths.media/content/wowproductimages/medium/872206.jpg,2020-09-20 15:36:09,,0,,True
21def76a-663b-49c8-8bd4-11be1458793b,Woolworths Supermarket,Household,Thermos Stainless Steel Slimline Flask Assorted 500ml,872287,$25.00,,https://www.woolworths.com.au/shop/productdetails/872287/thermos-stainless-steel-slimline-flask-assorted,https://cdn0.woolworths.media/content/wowproductimages/medium/872287.jpg,2020-09-20 15:36:09,,0,Designs may vary,True
c84e814c-a0d9-42ee-864f-1b4070ac188f,Woolworths Supermarket,Household,Thermos Food Jar Assorted 350ml,872343,$25.00,,https://www.woolworths.com.au/shop/productdetails/872343/thermos-food-jar-assorted,https://cdn0.woolworths.media/content/wowproductimages/medium/872343.jpg,2020-09-20 15:36:09,,0,Designs may vary,True
65b03d7f-ab9b-4b29-9a76-2e8a88a940b3,Woolworths Supermarket,Household,Fab Gold Obsession Front & Top Loader Laundry Powder 3.8kg,880028,$12.99,$3.42 / 1KG,https://www.woolworths.com.au/shop/productdetails/880028/fab-gold-obsession-front-top-loader-laundry-powder,https://cdn0.woolworths.media/content/wowproductimages/medium/880028.jpg,2020-09-20 15:36:09,,0,,True
15642f4b-5e3e-4b71-822c-9d63e6592618,Woolworths Supermarket,Household,Woolworths Grid Book 9x7 Inches 64pg each,882119,$1.00,,https://www.woolworths.com.au/shop/productdetails/882119/woolworths-grid-book-9x7-inches,https://cdn0.woolworths.media/content/wowproductimages/medium/882119.jpg,2020-09-20 15:36:09,,0,,True
078be725-dfbd-44a4-997a-496ca1e3f2e9,Woolworths Supermarket,Household,Vevelle Titan Paper Towels White 4 pack,882149,$4.00,$1.67 / 100SS,https://www.woolworths.com.au/shop/productdetails/882149/vevelle-titan-paper-towels-white,https://cdn0.woolworths.media/content/wowproductimages/medium/882149.jpg,2020-09-20 15:36:09,Average product rating out of 5: 4.3. Product score is based on 274 ratings,274,,True
c38e19be-c046-4f4a-81a2-32bc63fe28ce,Woolworths Supermarket,Household,Ambi Pur Car Air Freshener Mini Clip Vanilla Bliss 2ml,896438,$6.00,$6.00 / 1EA,https://www.woolworths.com.au/shop/productdetails/896438/ambi-pur-car-air-freshener-mini-clip-vanilla-bliss,https://cdn0.woolworths.media/content/wowproductimages/medium/896438.jpg,2020-09-20 15:36:09,,0,,True
5d13bfa4-9c91-4e24-a9d6-d942b6b4ac6b,Woolworths Supermarket,Household,Wonder Park Dvd each,003946,$10.00,,https://www.woolworths.com.au/shop/productdetails/3946/wonder-park-dvd,https://cdn0.woolworths.media/content/wowproductimages/medium/003946.jpg,2020-09-20 15:36:09,,0,,True
a943b879-c126-40b2-8674-f805f190bfcf,Woolworths Supermarket,Household,Velvet Laundry Soap 500g,031812,$4.00,$8.00 / 1KG,https://www.woolworths.com.au/shop/productdetails/31812/velvet-laundry-soap,https://cdn0.woolworths.media/content/wowproductimages/medium/031812.jpg,2020-09-20 15:36:09,,0,,True
a143f7c5-e970-454b-a89c-7c14dbb5594a,Woolworths Supermarket,Household,Sistema Storage With Lid 60l each,032954,$25.00,,https://www.woolworths.com.au/shop/productdetails/32954/sistema-storage-with-lid-60l,https://cdn0.woolworths.media/content/wowproductimages/medium/032954.jpg,2020-09-20 15:36:09,,0,Designs may vary,True
6e844bff-dea2-4d19-8a76-56dd2226afde,Woolworths Supermarket,Household,Armada Freezer Bags Medium 80 pack,036286,$0.60,$0.01 / 1EA,https://www.woolworths.com.au/shop/productdetails/36286/armada-freezer-bags-medium,https://cdn0.woolworths.media/content/wowproductimages/medium/036286.jpg,2020-09-20 15:36:09,Average product rating out of 5: 4.5. Product score is based on 107 ratings,107,,True
5af1ed47-d2ac-40fb-9af2-83901e97201c,Woolworths Supermarket,Household,Brita Micro-disc Filter 3 pack,042602,$10.50,,https://www.woolworths.com.au/shop/productdetails/42602/brita-micro-disc-filter,https://cdn0.woolworths.media/content/wowproductimages/medium/042602.jpg,2020-09-20 15:36:09,,0,,True
835757f7-49e2-49c5-a0c6-92537deaefa0,Woolworths Supermarket,Household,Rocketman Dvd each,052123,$16.00,,https://www.woolworths.com.au/shop/productdetails/52123/rocketman-dvd,https://cdn0.woolworths.media/content/wowproductimages/medium/052123.jpg,2020-09-20 15:36:09,,0,,True
ebcd0315-a4e1-41f2-b315-37cea2895d8c,Woolworths Supermarket,Household,Cool Gear Midway Bottle 828ml each,055220,$7.00,,https://www.woolworths.com.au/shop/productdetails/55220/cool-gear-midway-bottle-828ml,https://cdn0.woolworths.media/content/wowproductimages/medium/055220.jpg,2020-09-20 15:36:09,,0,,True
e6e155e1-fe48-4caf-9d44-1cd09d962210,Woolworths Supermarket,Household,Fast & Furious: Hobbs & Shaw Dvd each,061947,$16.00,,https://www.woolworths.com.au/shop/productdetails/61947/fast-furious-hobbs-shaw-dvd,https://cdn0.woolworths.media/content/wowproductimages/medium/061947.jpg,2020-09-20 15:36:09,,0,,True
b4aea3e7-82fd-48cb-a682-5e58ff5d1b5b,Woolworths Supermarket,Household,Danger Close The Battle Of Long Tan Dvd each,070324,$16.00,,https://www.woolworths.com.au/shop/productdetails/70324/danger-close-the-battle-of-long-tan-dvd,https://cdn0.woolworths.media/content/wowproductimages/medium/070324.jpg,2020-09-20 15:36:09,,0,,True
bc64192f-6781-4bff-b5a9-5a0b04f64f21,Woolworths Supermarket,Household,Kleenex Facial Tissues Extra Care Aloe Vera White 60pk,079487,,,https://www.woolworths.com.au/shop/productdetails/79487/kleenex-facial-tissues-extra-care-aloe-vera-white,https://cdn0.woolworths.media/content/wowproductimages/medium/079487.jpg,2020-09-20 15:36:09,,0,,False
9e0f6295-3150-4448-821a-4076fd4bd659,Woolworths Supermarket,Household,Little Wishes Bassinette Sheets 2 pack,080919,$3.00,,https://www.woolworths.com.au/shop/productdetails/80919/little-wishes-bassinette-sheets,https://cdn0.woolworths.media/content/wowproductimages/medium/080919.jpg,2020-09-20 15:36:09,,0,,True
a7c6547d-e52e-4a03-badc-c9b7dde3486f,Woolworths Supermarket,Household,Little Wishes Hooded Towel With Wash Mitt each,081533,$3.75,,https://www.woolworths.com.au/shop/productdetails/81533/little-wishes-hooded-towel-with-wash-mitt,https://cdn0.woolworths.media/content/wowproductimages/medium/081533.jpg,2020-09-20 15:36:09,,0,,True
e9fe76d7-681c-442b-b909-97cbfd1fdb51,Woolworths Supermarket,Household,Sistema Tritan Active Water Bottle each,532375,$6.00,$6.00 / 1EA,https://www.woolworths.com.au/shop/productdetails/532375/sistema-tritan-active-water-bottle,https://cdn0.woolworths.media/content/wowproductimages/medium/532375.jpg,2020-09-20 15:36:09,,0,Designs may vary,True
ac9c4273-9cc4-4590-b4b6-44b4373fe6d4,Woolworths Supermarket,Household,Clio Ultra Low Cut Footlet One Size Black 2 pack,571540,$3.60,,https://www.woolworths.com.au/shop/productdetails/571540/clio-ultra-low-cut-footlet-one-size-black,https://cdn0.woolworths.media/content/wowproductimages/medium/571540.jpg,2020-09-20 15:36:09,,0,,True
a34006a7-6d0e-48ca-b3dd-ed38b407388a,Woolworths Supermarket,Household,Woolworths Mens Big Brolly Black each,572342,$17.95,,https://www.woolworths.com.au/shop/productdetails/572342/woolworths-mens-big-brolly-black,https://cdn0.woolworths.media/content/wowproductimages/medium/572342.jpg,2020-09-20 15:36:09,,0,,True
def7a45a-e0c3-4884-8348-7a1472a20a78,Woolworths Supermarket,Household,Sony Spiderman Homecoming Dvd each,660378,$13.00,,https://www.woolworths.com.au/shop/productdetails/660378/sony-spiderman-homecoming-dvd,https://cdn0.woolworths.media/content/wowproductimages/medium/660378.jpg,2020-09-20 15:36:09,,0,,True
5bdf9a1d-736a-4a65-bfae-5f6f2bc405f5,Woolworths Supermarket,Household,Jamie Oliver Small Baking Dish each,677295,$9.60,,https://www.woolworths.com.au/shop/productdetails/677295/jamie-oliver-small-baking-dish,https://cdn0.woolworths.media/content/wowproductimages/medium/677295.jpg,2020-09-20 15:36:09,,0,,True
13efd22d-f647-45d6-8313-f3e7af2c007a,Woolworths Supermarket,Household,Jumanji Welcome To The Jungle Dvd each,681195,$13.00,,https://www.woolworths.com.au/shop/productdetails/681195/jumanji-welcome-to-the-jungle-dvd,https://cdn0.woolworths.media/content/wowproductimages/medium/681195.jpg,2020-09-20 15:36:09,,0,,True
2ece8a7f-88ea-4366-bd93-23280dfec71c,Woolworths Supermarket,Household,Decor Match Ups Clips Square 630ml each,689926,$3.00,,https://www.woolworths.com.au/shop/productdetails/689926/decor-match-ups-clips-square-630ml,https://cdn0.woolworths.media/content/wowproductimages/medium/689926.jpg,2020-09-20 15:36:09,,0,,True
da4ee90d-bbbd-47c8-b46b-080ffa413fdb,Woolworths Supermarket,Household,Strike Carpet Cleaner Foam 500g,750884,$3.99,$0.80 / 100G,https://www.woolworths.com.au/shop/productdetails/750884/strike-carpet-cleaner-foam,https://cdn0.woolworths.media/content/wowproductimages/medium/750884.jpg,2020-09-20 15:36:09,Average product rating out of 5: 3.7. Product score is based on 379 ratings,379,,True
02a6931d-40c5-4827-95cb-37aeaa2f58da,Woolworths Supermarket,Household,Hotel Transylvania 3 Dvd each,803325,$13.00,,https://www.woolworths.com.au/shop/productdetails/803325/hotel-transylvania-3-dvd,https://cdn0.woolworths.media/content/wowproductimages/medium/803325.jpg,2020-09-20 15:36:09,,0,,True
8ac789c0-de02-45dd-b110-7a624ce10533,Woolworths Supermarket,Household,Mint Wok 30cm each,807307,,,https://www.woolworths.com.au/shop/productdetails/807307/mint-wok-30cm,https://cdn0.woolworths.media/content/wowproductimages/medium/807307.jpg,2020-09-20 15:36:09,,0,,False
d225c75e-8d82-40c8-baf1-ebd3eb8f0c48,Woolworths Supermarket,Household,Australian Women's Weekly Cookbook Series each,823107,$14.99,,https://www.woolworths.com.au/shop/productdetails/823107/australian-women-s-weekly-cookbook-series,https://cdn0.woolworths.media/content/wowproductimages/medium/823107.jpg,2020-09-20 15:36:09,,0,,True
2551775e-b961-4922-b40b-84817c83e01f,Woolworths Supermarket,Household,Dreamworks How To Train Your Dragon 3 Dvd each,826460,$10.00,,https://www.woolworths.com.au/shop/productdetails/826460/dreamworks-how-to-train-your-dragon-3-dvd,https://cdn0.woolworths.media/content/wowproductimages/medium/826460.jpg,2020-09-20 15:36:09,,0,,True
6938c3d6-092d-4b63-9f7d-be494844d0e5,Woolworths Supermarket,Household,Air Wick Essential Oil Frangipani Electric Triple Refill 19ml,841808,$13.50,$2.37 / 10ML,https://www.woolworths.com.au/shop/productdetails/841808/air-wick-essential-oil-frangipani-electric-triple-refill,https://cdn0.woolworths.media/content/wowproductimages/medium/841808.jpg,2020-09-20 15:36:09,,0,Was $14.50 22/05/2019,True
121e073b-056d-4a6b-8420-bfd0a83a2f5a,Woolworths Supermarket,Household,Hygiene Plus Sustain Food Handling Powder Free Disposable Gloves 100 pack,015930,$13.00,$0.13 / 1EA,https://www.woolworths.com.au/shop/productdetails/15930/hygiene-plus-sustain-food-handling-powder-free-disposable-gloves,https://cdn0.woolworths.media/content/wowproductimages/medium/015930.jpg,2020-09-20 15:36:09,,0,,True
5021add4-1f31-4323-a623-714c27f71635,Woolworths Supermarket,Household,Essentials Top & Front Loader 4kg,019439,$3.69,$0.92 / 1KG,https://www.woolworths.com.au/shop/productdetails/19439/essentials-top-front-loader,https://cdn0.woolworths.media/content/wowproductimages/medium/019439.jpg,2020-09-20 15:36:09,,0,,True
8dff94dc-badd-4d02-851e-fa172de7eb34,Woolworths Supermarket,Household,Telstra Samsung Galaxy A20 Black each,052327,$229.00,,https://www.woolworths.com.au/shop/productdetails/52327/telstra-samsung-galaxy-a20-black,https://cdn0.woolworths.media/content/wowproductimages/medium/052327.jpg,2020-09-20 15:36:09,,0,,True
d017eb8d-066e-4f67-b3cb-d1c1b60cffd2,Woolworths Supermarket,Household,Sistema Ss Dual Wall Bottle 1l each,056843,$30.00,,https://www.woolworths.com.au/shop/productdetails/56843/sistema-ss-dual-wall-bottle-1l,https://cdn0.woolworths.media/content/wowproductimages/medium/056843.jpg,2020-09-20 15:36:09,,0,,True
42632440-288a-4dd6-8f13-81f598966d29,Woolworths Supermarket,Household,Mint Silicone Trivet Assorted each,082101,$3.00,,https://www.woolworths.com.au/shop/productdetails/82101/mint-silicone-trivet-assorted,https://cdn0.woolworths.media/content/wowproductimages/medium/082101.jpg,2020-09-20 15:36:09,,0,,True
5d2de9f6-dffc-4326-b635-ceb43d9a3907,Woolworths Supermarket,Household,Mint Bottle Opener Stainless Steel each,082113,$2.00,,https://www.woolworths.com.au/shop/productdetails/82113/mint-bottle-opener-stainless-steel,https://cdn0.woolworths.media/content/wowproductimages/medium/082113.jpg,2020-09-20 15:36:09,,0,,True
b24f34c7-0d50-4b92-a4f2-1be8680480e0,Woolworths Supermarket,Household,Mint Netted Food Cover each,082114,$4.00,,https://www.woolworths.com.au/shop/productdetails/82114/mint-netted-food-cover,https://cdn0.woolworths.media/content/wowproductimages/medium/082114.jpg,2020-09-20 15:36:09,,0,,True
b3e20476-6ae5-4b33-9d53-a36bf3914eb8,Woolworths Supermarket,Household,Mint Stainless Steel Egg Timer each,082222,$8.00,,https://www.woolworths.com.au/shop/productdetails/82222/mint-stainless-steel-egg-timer,https://cdn0.woolworths.media/content/wowproductimages/medium/082222.jpg,2020-09-20 15:36:09,,0,,True
19955d16-ed74-4f70-b391-f22110ee6989,Woolworths Supermarket,Household,Jamie Oliver 3 In 1 Speed Peeler each,083568,$12.00,,https://www.woolworths.com.au/shop/productdetails/83568/jamie-oliver-3-in-1-speed-peeler,https://cdn0.woolworths.media/content/wowproductimages/medium/083568.jpg,2020-09-20 15:36:09,,0,,True
d0253c6a-4843-427d-b89a-7da9d4d52956,Woolworths Supermarket,Household,Telstra Prepaid Nokia 2.3 4gx Black each,090795,$149.00,,https://www.woolworths.com.au/shop/productdetails/90795/telstra-prepaid-nokia-2-3-4gx-black,https://cdn0.woolworths.media/content/wowproductimages/medium/090795.jpg,2020-09-20 15:36:09,,0,,True
3647428c-0515-48b8-be6b-0e30dc175dbf,Woolworths Supermarket,Household,Sugar Wrap 100% Eco Garbage Bags 27l 30 pack,103379,$6.95,$0.23 / 1EA,https://www.woolworths.com.au/shop/productdetails/103379/sugar-wrap-100-eco-garbage-bags-27l,https://cdn0.woolworths.media/content/wowproductimages/medium/103379.jpg,2020-09-20 15:36:09,,0,,True
5d70eece-edbc-4dc5-bd27-1817bfa92793,Woolworths Supermarket,Household,Essentials Glass Water Bottle each,433972,$3.00,,https://www.woolworths.com.au/shop/productdetails/433972/essentials-glass-water-bottle,https://cdn0.woolworths.media/content/wowproductimages/medium/433972.jpg,2020-09-20 15:36:09,,0,,True
4dea9085-90e8-4225-8b80-31cdc121bf33,Woolworths Supermarket,Household,Brita Active Blue Filter Bottle 600ml,442195,$11.00,,https://www.woolworths.com.au/shop/productdetails/442195/brita-active-blue-filter-bottle,https://cdn0.woolworths.media/content/wowproductimages/medium/442195.jpg,2020-09-20 15:36:09,,0,,True
cf8f4286-3aef-412c-b527-0460afd0492f,Woolworths Supermarket,Household,Brita Active Lime Filter Bottle 600ml,442206,$11.00,,https://www.woolworths.com.au/shop/productdetails/442206/brita-active-lime-filter-bottle,https://cdn0.woolworths.media/content/wowproductimages/medium/442206.jpg,2020-09-20 15:36:09,,0,,True
bc7eae05-bc55-474c-a446-80eafb16fc40,Woolworths Supermarket,Household,Fluffy Fragrance Temptations Ultra Fabric Softener Aqua Desire 1l,456582,$7.00,$7.00 / 1L,https://www.woolworths.com.au/shop/productdetails/456582/fluffy-fragrance-temptations-ultra-fabric-softener-aqua-desire,https://cdn0.woolworths.media/content/wowproductimages/medium/456582.jpg,2020-09-20 15:36:09,,0,,True
e413bdaf-b4f4-40b5-a80d-1a8685e1b75e,Woolworths Supermarket,Household,Wiltshire Value Pack Tongs 3 pack,578091,$9.00,,https://www.woolworths.com.au/shop/productdetails/578091/wiltshire-value-pack-tongs,https://cdn0.woolworths.media/content/wowproductimages/medium/578091.jpg,2020-09-20 15:36:09,,0,,True
fedeb314-b5b1-442c-b65c-2bca4b681cf4,Woolworths Supermarket,Household,Essentials Flannelback Tablecloth 150cm X 260cm each,634238,$8.00,,https://www.woolworths.com.au/shop/productdetails/634238/essentials-flannelback-tablecloth-150cm-x-260cm,https://cdn0.woolworths.media/content/wowproductimages/medium/634238.jpg,2020-09-20 15:36:09,,0,,True
dd96f454-c2f2-4521-8169-e92a0a6bc87e,Woolworths Supermarket,Household,Essentials Placemat 33x48cm each,634239,$3.00,,https://www.woolworths.com.au/shop/productdetails/634239/essentials-placemat-33x48cm,https://cdn0.woolworths.media/content/wowproductimages/medium/634239.jpg,2020-09-20 15:36:09,,0,,True
216ed9ce-1ad0-4311-be47-d5fc3a0339c5,Woolworths Supermarket,Household,Inspire Jacquard Tablecloth 150x220cm each,634430,$12.00,,https://www.woolworths.com.au/shop/productdetails/634430/inspire-jacquard-tablecloth-150x220cm,https://cdn0.woolworths.media/content/wowproductimages/medium/634430.jpg,2020-09-20 15:36:09,,0,,True
a60c74c0-82be-4338-b9c5-13415845e5ba,Woolworths Supermarket,Household,Inspire Dish Drying Mat 40x45cm each,634432,$8.00,,https://www.woolworths.com.au/shop/productdetails/634432/inspire-dish-drying-mat-40x45cm,https://cdn0.woolworths.media/content/wowproductimages/medium/634432.jpg,2020-09-20 15:36:09,,0,,True
51ec9ba3-4580-4dd8-ad67-13333b559305,Woolworths Supermarket,Household,Rain Or Shine Rain Poncho Kids Yellow each,634556,$4.95,,https://www.woolworths.com.au/shop/productdetails/634556/rain-or-shine-rain-poncho-kids-yellow,https://cdn0.woolworths.media/content/wowproductimages/medium/634556.jpg,2020-09-20 15:36:09,,0,,True
c7997769-bb24-4ce4-a853-8089b53eea82,Woolworths Supermarket,Household,Inspire Yarn Dyed Tea Towel 3 pack,634698,$9.00,,https://www.woolworths.com.au/shop/productdetails/634698/inspire-yarn-dyed-tea-towel,https://cdn0.woolworths.media/content/wowproductimages/medium/634698.jpg,2020-09-20 15:36:09,,0,,True
74c4c4c1-6833-494a-aed8-028ebdeaded3,Woolworths Supermarket,Household,Inspire Hemstitch Tablecloth 150x200cm each,634916,$12.00,,https://www.woolworths.com.au/shop/productdetails/634916/inspire-hemstitch-tablecloth-150x200cm,https://cdn0.woolworths.media/content/wowproductimages/medium/634916.jpg,2020-09-20 15:36:09,,0,,True
1a33de80-d2a8-4bb5-a632-6cd7b55c2dfa,Woolworths Supermarket,Household,Compost-a-pak Compost Bin Liners each,650456,$8.00,$0.15 / 1EA,https://www.woolworths.com.au/shop/productdetails/650456/compost-a-pak-compost-bin-liners,https://cdn0.woolworths.media/content/wowproductimages/medium/650456.jpg,2020-09-20 15:36:09,,0,,True
154ee786-a20f-4223-be4b-e82c2d026270,Woolworths Supermarket,Household,Quilton Pocket Packs 4ply Hypo Allergenic 6 pack,662129,$2.00,$3.33 / 100SS,https://www.woolworths.com.au/shop/productdetails/662129/quilton-pocket-packs-4ply-hypo-allergenic,https://cdn0.woolworths.media/content/wowproductimages/medium/662129.jpg,2020-09-20 15:36:09,,0,,True
5562ee02-56c0-4a35-9cb1-ebc08b2996e0,Woolworths Supermarket,Household,Wiltshire Salute Beer Glasses 425ml 4 pack,671651,$15.00,,https://www.woolworths.com.au/shop/productdetails/671651/wiltshire-salute-beer-glasses-425ml,https://cdn0.woolworths.media/content/wowproductimages/medium/671651.jpg,2020-09-20 15:36:09,,0,,True
0e97765c-9076-4df9-b8c0-59563c56b15c,Woolworths Supermarket,Household,Tefal Cook Right Pancake Pan 25cm,674285,$20.00,,https://www.woolworths.com.au/shop/productdetails/674285/tefal-cook-right-pancake-pan,https://cdn0.woolworths.media/content/wowproductimages/medium/674285.jpg,2020-09-20 15:36:09,,0,,True
bfd1413e-080f-48ac-8fe2-9b034dc3f176,Woolworths Supermarket,Household,Jamie Oliver Large Baking Tray each,674354,$12.00,,https://www.woolworths.com.au/shop/productdetails/674354/jamie-oliver-large-baking-tray,https://cdn0.woolworths.media/content/wowproductimages/medium/674354.jpg,2020-09-20 15:36:09,,0,,True
3be7a344-b225-4851-b97e-b111afd407bb,Woolworths Supermarket,Household,Jamie Oliver Large Baking Dish each,677149,$16.00,,https://www.woolworths.com.au/shop/productdetails/677149/jamie-oliver-large-baking-dish,https://cdn0.woolworths.media/content/wowproductimages/medium/677149.jpg,2020-09-20 15:36:09,,0,,True
8644154a-22f0-4ded-8062-0f8c3e726c4b,Woolworths Supermarket,Household,Jamie Oliver Ramekins 4 pack,677294,$9.60,,https://www.woolworths.com.au/shop/productdetails/677294/jamie-oliver-ramekins,https://cdn0.woolworths.media/content/wowproductimages/medium/677294.jpg,2020-09-20 15:36:09,,0,,True
fc653860-8cf0-48f2-a05c-036d99dd4147,Woolworths Supermarket,Household,Fluffy Fragrance Temptations Fabric Softener Spice Allure 2l,679255,$13.00,$6.50 / 1L,https://www.woolworths.com.au/shop/productdetails/679255/fluffy-fragrance-temptations-fabric-softener-spice-allure,https://cdn0.woolworths.media/content/wowproductimages/medium/679255.jpg,2020-09-20 15:36:09,,0,,True
d147eb79-be6b-4cd7-ad02-cd24d37bb6b7,Woolworths Supermarket,Household,Finish Powerball All In 1 Max Dishwasher Tablets Lemon 94 pack,692012,,,https://www.woolworths.com.au/shop/productdetails/692012/finish-powerball-all-in-1-max-dishwasher-tablets-lemon,https://cdn0.woolworths.media/content/wowproductimages/medium/692012.jpg,2020-09-20 15:36:09,,0,,False
5e53bcac-9e95-4ac9-bbc4-ced532b5ce8b,Woolworths Supermarket,Household,Wiltshire Cookie & Baking Tray each,717769,$17.00,,https://www.woolworths.com.au/shop/productdetails/717769/wiltshire-cookie-baking-tray,https://cdn0.woolworths.media/content/wowproductimages/medium/717769.jpg,2020-09-20 15:36:09,,0,,True
972014b5-b92f-4403-9b19-88f9370799b5,Woolworths Supermarket,Household,Arcosteel 30cm Hard Anodised Frypan each,724718,$25.00,,https://www.woolworths.com.au/shop/productdetails/724718/arcosteel-30cm-hard-anodised-frypan,https://cdn0.woolworths.media/content/wowproductimages/medium/724718.jpg,2020-09-20 15:36:09,,0,,True
5830211a-9be2-4f9c-966d-16d9a8236837,Woolworths Supermarket,Household,Arcosteel Stainless Steel Saucepan With Lid 16x10cm each,727793,$24.00,,https://www.woolworths.com.au/shop/productdetails/727793/arcosteel-stainless-steel-saucepan-with-lid-16x10cm,https://cdn0.woolworths.media/content/wowproductimages/medium/727793.jpg,2020-09-20 15:36:09,,0,,True
b40ca54a-0711-4b6f-9d7b-e3389ea4a6cb,Woolworths Supermarket,Household,Wiltshire Bakeware Enamel Bake Pie Dish 26cm each,758138,$12.00,,https://www.woolworths.com.au/shop/productdetails/758138/wiltshire-bakeware-enamel-bake-pie-dish-26cm,https://cdn0.woolworths.media/content/wowproductimages/medium/758138.jpg,2020-09-20 15:36:09,,0,,True
807f4376-6bf5-41ca-8b9c-e7481a02936e,Woolworths Supermarket,Household,Wiltshire Bakeware Enamel Bake Baker 34cm each,758191,$19.00,,https://www.woolworths.com.au/shop/productdetails/758191/wiltshire-bakeware-enamel-bake-baker-34cm,https://cdn0.woolworths.media/content/wowproductimages/medium/758191.jpg,2020-09-20 15:36:09,,0,,True
c9313918-50c4-467c-87ec-1c3c1995f1cc,Woolworths Supermarket,Household,Inspire Non-stick 26cm Frypan each,782550,$8.00,,https://www.woolworths.com.au/shop/productdetails/782550/inspire-non-stick-26cm-frypan,https://cdn0.woolworths.media/content/wowproductimages/medium/782550.jpg,2020-09-20 15:36:09,,0,,True
cdffcc32-e639-4c7b-ab1d-9e61b379ddae,Woolworths Supermarket,Household,Jamie Oliver Knife Set 3 piece,786952,$19.20,,https://www.woolworths.com.au/shop/productdetails/786952/jamie-oliver-knife-set,https://cdn0.woolworths.media/content/wowproductimages/medium/786952.jpg,2020-09-20 15:36:09,,0,,True
673ba370-2d8c-41b1-a49c-6fb9456d2725,Woolworths Supermarket,Household,Jamie Oliver Small Pop Jar Yellow Lid each,786992,$4.80,,https://www.woolworths.com.au/shop/productdetails/786992/jamie-oliver-small-pop-jar-yellow-lid,https://cdn0.woolworths.media/content/wowproductimages/medium/786992.jpg,2020-09-20 15:36:09,,0,,True
025b51eb-20c4-4c58-a7de-4c50e70d9b66,Woolworths Supermarket,Household,Jamie Oliver Wooden Spoon Set 2 piece,786996,$4.80,,https://www.woolworths.com.au/shop/productdetails/786996/jamie-oliver-wooden-spoon-set,https://cdn0.woolworths.media/content/wowproductimages/medium/786996.jpg,2020-09-20 15:36:09,,0,,True
ad39f225-f969-4104-9575-318f0953a504,Woolworths Supermarket,Household,Jamie Oliver Utensil Pizza Cutter Stainless Steel each,786998,$8.00,,https://www.woolworths.com.au/shop/productdetails/786998/jamie-oliver-utensil-pizza-cutter-stainless-steel,https://cdn0.woolworths.media/content/wowproductimages/medium/786998.jpg,2020-09-20 15:36:09,,0,,True
5f112bb8-ea19-425b-9692-e6753d659210,Woolworths Supermarket,Household,Jamie Oliver Medium Pop Jar Red Lid each,787057,$6.40,$6.40 / 1EA,https://www.woolworths.com.au/shop/productdetails/787057/jamie-oliver-medium-pop-jar-red-lid,https://cdn0.woolworths.media/content/wowproductimages/medium/787057.jpg,2020-09-20 15:36:09,,0,,True
b9bed6a6-dd4b-4d08-af1e-19646d456c8a,Woolworths Supermarket,Household,Wiltshire Classico Liqueur Glasses 40ml 6 pack,802423,$10.00,,https://www.woolworths.com.au/shop/productdetails/802423/wiltshire-classico-liqueur-glasses-40ml,https://cdn0.woolworths.media/content/wowproductimages/medium/802423.jpg,2020-09-20 15:36:09,,0,,True
b69a5c1b-8e6b-4c5a-b5b7-d6b3ac2cc02c,Woolworths Supermarket,Household,"Mint Santoku Knife 7"" each",807196,$8.00,,https://www.woolworths.com.au/shop/productdetails/807196/mint-santoku-knife-7-,https://cdn0.woolworths.media/content/wowproductimages/medium/807196.jpg,2020-09-20 15:36:09,,0,,True
fa159744-7c69-46be-aeed-c8d8b9a7ecff,Woolworths Supermarket,Household,Mint Chef Knife each,807222,$5.60,,https://www.woolworths.com.au/shop/productdetails/807222/mint-chef-knife,https://cdn0.woolworths.media/content/wowproductimages/medium/807222.jpg,2020-09-20 15:36:09,,0,,True
c41d4513-0bf6-4d2d-8a16-b05299662f45,Woolworths Supermarket,Household,Mint Cook Knife each,807223,$5.60,,https://www.woolworths.com.au/shop/productdetails/807223/mint-cook-knife,https://cdn0.woolworths.media/content/wowproductimages/medium/807223.jpg,2020-09-20 15:36:09,,0,,True
7096eb80-ac7f-4962-aeb3-90833cc6a7f8,Woolworths Supermarket,Household,Mint Cake Icing Set each,807228,$6.00,,https://www.woolworths.com.au/shop/productdetails/807228/mint-cake-icing-set,https://cdn0.woolworths.media/content/wowproductimages/medium/807228.jpg,2020-09-20 15:36:09,,0,,True
ded7dc07-9976-43da-8d8b-c46f0e57992e,Woolworths Supermarket,Household,Mint Measuring Set 9 pack,807262,$8.00,,https://www.woolworths.com.au/shop/productdetails/807262/mint-measuring-set,https://cdn0.woolworths.media/content/wowproductimages/medium/807262.jpg,2020-09-20 15:36:09,,0,,True
a6d81730-de3c-4f33-9f37-16c24d430953,Woolworths Supermarket,Household,Mint Stainless Steel Flat Spatula each,807273,$6.00,,https://www.woolworths.com.au/shop/productdetails/807273/mint-stainless-steel-flat-spatula,https://cdn0.woolworths.media/content/wowproductimages/medium/807273.jpg,2020-09-20 15:36:09,,0,,True
32daf7f4-346c-4d11-8a08-2768299a5ff2,Woolworths Supermarket,Household,Mint Electric Salt/pepper Mill each,807278,$12.00,,https://www.woolworths.com.au/shop/productdetails/807278/mint-electric-salt-pepper-mill,https://cdn0.woolworths.media/content/wowproductimages/medium/807278.jpg,2020-09-20 15:36:09,,0,,True
61abc360-27a0-4512-bd6d-a6aab8d16305,Woolworths Supermarket,Household,Mint Apple Slicer each,807291,$2.80,,https://www.woolworths.com.au/shop/productdetails/807291/mint-apple-slicer,https://cdn0.woolworths.media/content/wowproductimages/medium/807291.jpg,2020-09-20 15:36:09,,0,,True
6f8ee54a-8df6-4677-8542-c18b73afce26,Woolworths Supermarket,Household,Mint Soft Grip Apple Corer each,807295,$4.00,,https://www.woolworths.com.au/shop/productdetails/807295/mint-soft-grip-apple-corer,https://cdn0.woolworths.media/content/wowproductimages/medium/807295.jpg,2020-09-20 15:36:09,,0,,True
6fcc8d59-16dd-4af8-b930-1ef675a70482,Woolworths Supermarket,Household,Mint Non-stick Coating Saucepan 16cm each,807302,$14.00,,https://www.woolworths.com.au/shop/productdetails/807302/mint-non-stick-coating-saucepan-16cm,https://cdn0.woolworths.media/content/wowproductimages/medium/807302.jpg,2020-09-20 15:36:09,,0,,True
e9e93963-da40-4f18-9f13-8a46b0a8d26f,Woolworths Supermarket,Household,Mint Rectangular Stoneware Medium Baking Dish each,807325,$8.40,,https://www.woolworths.com.au/shop/productdetails/807325/mint-rectangular-stoneware-medium-baking-dish,https://cdn0.woolworths.media/content/wowproductimages/medium/807325.jpg,2020-09-20 15:36:09,,0,,True
aca3a48e-512f-40ea-944d-c871d76e0733,Woolworths Supermarket,Household,Mint Non-stick Coating Jumbo Frypan 32cm each,807333,$15.00,,https://www.woolworths.com.au/shop/productdetails/807333/mint-non-stick-coating-jumbo-frypan-32cm,https://cdn0.woolworths.media/content/wowproductimages/medium/807333.jpg,2020-09-20 15:36:09,,0,,True
029cc105-3d09-4d33-83ed-555e515c09ed,Woolworths Supermarket,Household,Essentials Bamboo Chopsticks 6 pack,807338,$1.40,,https://www.woolworths.com.au/shop/productdetails/807338/essentials-bamboo-chopsticks,https://cdn0.woolworths.media/content/wowproductimages/medium/807338.jpg,2020-09-20 15:36:09,,0,,True
905e9c92-ff4c-4b2f-b60b-f83549e51fa3,Woolworths Supermarket,Household,Mint Latte Spoons 4 pack,807340,$6.00,,https://www.woolworths.com.au/shop/productdetails/807340/mint-latte-spoons,https://cdn0.woolworths.media/content/wowproductimages/medium/807340.jpg,2020-09-20 15:36:09,,0,,True
6b10177a-f907-4b83-a9a2-d8776f40dde9,Woolworths Supermarket,Household,Mint 3in1 Mandoline Dicer each,808587,$18.00,,https://www.woolworths.com.au/shop/productdetails/808587/mint-3in1-mandoline-dicer,https://cdn0.woolworths.media/content/wowproductimages/medium/808587.jpg,2020-09-20 15:36:09,,0,,True
6ad47892-428f-4f43-9f2f-125489035402,Woolworths Supermarket,Household,Hot Topic Hot Topic Collectable Glass Tumbler each,809835,$3.00,,https://www.woolworths.com.au/shop/productdetails/809835/hot-topic-hot-topic-collectable-glass-tumbler,https://cdn0.woolworths.media/content/wowproductimages/medium/809835.jpg,2020-09-20 15:36:09,,0,,True
9b838c8b-40d3-491f-8ae0-1aea05bd575d,Woolworths Supermarket,Household,Wiltshire Long Drink Glass 470ml 4 pack,810053,$15.00,,https://www.woolworths.com.au/shop/productdetails/810053/wiltshire-long-drink-glass-470ml,https://cdn0.woolworths.media/content/wowproductimages/medium/810053.jpg,2020-09-20 15:36:09,,0,,True
38bab4a8-bedc-4637-aade-36d242edcff4,Woolworths Supermarket,Household,Inspire Silicone Oven Glove each,815415,$8.00,,https://www.woolworths.com.au/shop/productdetails/815415/inspire-silicone-oven-glove,https://cdn0.woolworths.media/content/wowproductimages/medium/815415.jpg,2020-09-20 15:36:09,,0,,True
d0e2a5a5-4633-4f13-8ded-fdd879510ffb,Woolworths Supermarket,Household,Inspire Yarn Dyed Cotton Apron 88cmx73cm each,815418,$8.00,,https://www.woolworths.com.au/shop/productdetails/815418/inspire-yarn-dyed-cotton-apron-88cmx73cm,https://cdn0.woolworths.media/content/wowproductimages/medium/815418.jpg,2020-09-20 15:36:09,,0,,True
c6edf1f3-5a40-411a-a0f5-b5212407c3ec,Woolworths Supermarket,Household,Air Wick Liquid Electric Vanilla & Soft Cashmere Prime 21ml,816967,$11.00,$5.24 / 10ML,https://www.woolworths.com.au/shop/productdetails/816967/air-wick-liquid-electric-vanilla-soft-cashmere-prime,https://cdn0.woolworths.media/content/wowproductimages/medium/816967.jpg,2020-09-20 15:36:09,,0,,True
58e577d7-f80d-4397-936d-b96021b13b4f,Woolworths Supermarket,Household,Armada Resealable Snack Bags 50 pack,824734,$1.60,$0.03 / 1EA,https://www.woolworths.com.au/shop/productdetails/824734/armada-resealable-snack-bags,https://cdn0.woolworths.media/content/wowproductimages/medium/824734.jpg,2020-09-20 15:36:09,Average product rating out of 5: 4.5. Product score is based on 291 ratings,291,,True
384014c8-2e93-4f5b-873c-efdccf1db671,Woolworths Supermarket,Household,Bonds Low Cut Heel Grip Footlets Black each,828731,$6.00,,https://www.woolworths.com.au/shop/productdetails/828731/bonds-low-cut-heel-grip-footlets-black,https://cdn0.woolworths.media/content/wowproductimages/medium/828731.jpg,2020-09-20 15:36:09,,0,,True
db142df9-7a1a-4fed-905e-219359cbce65,Woolworths Supermarket,Household,Woolworths Essentials Whisk Metal With Nylon Handle each,854117,$2.00,,https://www.woolworths.com.au/shop/productdetails/854117/woolworths-essentials-whisk-metal-with-nylon-handle,https://cdn0.woolworths.media/content/wowproductimages/medium/854117.jpg,2020-09-20 15:36:09,,0,,True
cb3bad50-5ad2-41b6-81c4-f33c6195d529,Woolworths Supermarket,Household,Essentials Nylon Utensils 6 pack,854119,$6.00,,https://www.woolworths.com.au/shop/productdetails/854119/essentials-nylon-utensils,https://cdn0.woolworths.media/content/wowproductimages/medium/854119.jpg,2020-09-20 15:36:09,,0,,True
ae7ead3b-7353-4804-bd27-18e69e274d6f,Woolworths Supermarket,Household,Woolworths Essentials Kitchen Scissors 21cm,854121,$2.00,,https://www.woolworths.com.au/shop/productdetails/854121/woolworths-essentials-kitchen-scissors,https://cdn0.woolworths.media/content/wowproductimages/medium/854121.jpg,2020-09-20 15:36:09,,0,,True
218806d8-a0ef-4757-a45c-8d55a815c546,Woolworths Supermarket,Household,Essentials Nylon Turner each,854194,,,https://www.woolworths.com.au/shop/productdetails/854194/essentials-nylon-turner,https://cdn0.woolworths.media/content/wowproductimages/medium/854194.jpg,2020-09-20 15:36:09,,0,,False
c61e96df-7129-408c-a317-25f320d496cf,Woolworths Supermarket,Household,Jamie Oliver Rec Bowl 20cm,898566,$8.00,,https://www.woolworths.com.au/shop/productdetails/898566/jamie-oliver-rec-bowl,https://cdn0.woolworths.media/content/wowproductimages/medium/898566.jpg,2020-09-20 15:36:09,,0,,True
d74031dd-4f2c-49f8-89e9-99bb6490fbfc,Woolworths Supermarket,Household,Jamie Oliver Recycled Glass Bowl 30cm Bowl each,898573,$14.00,,https://www.woolworths.com.au/shop/productdetails/898573/jamie-oliver-recycled-glass-bowl-30cm-bowl,https://cdn0.woolworths.media/content/wowproductimages/medium/898573.jpg,2020-09-20 15:36:09,,0,,True
e9577c09-38b9-40ae-9bf7-bdc68fd6673e,Woolworths Supermarket,Household,Jamie Oliver Kitchen Shears each,898957,$14.40,,https://www.woolworths.com.au/shop/productdetails/898957/jamie-oliver-kitchen-shears,https://cdn0.woolworths.media/content/wowproductimages/medium/898957.jpg,2020-09-20 15:36:09,,0,,True
21845b38-fe01-4c8f-9452-7e05163ac74a,Woolworths Supermarket,Household,Wiltshire Stainless Steel Carving Knife 20cm each,923969,$20.00,,https://www.woolworths.com.au/shop/productdetails/923969/wiltshire-stainless-steel-carving-knife-20cm,https://cdn0.woolworths.media/content/wowproductimages/medium/923969.jpg,2020-09-20 15:36:09,,0,,True
c8670478-5e7c-4f18-aa96-8965d3f99b03,Woolworths Supermarket,Household,Wiltshire Stainless Steel Tomato Knife 12cm each,923985,$14.00,,https://www.woolworths.com.au/shop/productdetails/923985/wiltshire-stainless-steel-tomato-knife-12cm,https://cdn0.woolworths.media/content/wowproductimages/medium/923985.jpg,2020-09-20 15:36:09,,0,,True
a13fcc1d-deb9-4633-81dc-753b61322a94,Woolworths Supermarket,Household,Wiltshire Stainless Steel Santoku Knife 18cm each,923986,$20.00,,https://www.woolworths.com.au/shop/productdetails/923986/wiltshire-stainless-steel-santoku-knife-18cm,https://cdn0.woolworths.media/content/wowproductimages/medium/923986.jpg,2020-09-20 15:36:09,,0,,True
67830360-026f-4624-bca1-37f7ba1bf391,Woolworths Supermarket,Household,Wiltshire Stainless Steel Bread Knife 20cm each,924030,$20.00,,https://www.woolworths.com.au/shop/productdetails/924030/wiltshire-stainless-steel-bread-knife-20cm,https://cdn0.woolworths.media/content/wowproductimages/medium/924030.jpg,2020-09-20 15:36:09,,0,,True
9822d0f6-ca4d-42d8-ae04-7e50f89a2c54,Woolworths Supermarket,Household,Wiltshire Ring Pan 22cm each,928089,,,https://www.woolworths.com.au/shop/productdetails/928089/wiltshire-ring-pan-22cm,https://cdn0.woolworths.media/content/wowproductimages/medium/928089.jpg,2020-09-20 15:36:09,,0,,False
9393ad4b-af93-4929-8ba2-9027c1c53e0d,Woolworths Supermarket,Household,Mirabella Bikie Gnome each,089439,$6.00,,https://www.woolworths.com.au/shop/productdetails/89439/mirabella-bikie-gnome,https://cdn0.woolworths.media/content/wowproductimages/medium/089439.jpg,2020-09-20 15:36:09,,0,Designs may vary,True
2e538934-3e2b-471d-82c5-5b8d232b752a,Woolworths Supermarket,Household,Woolworths Mens Big Brolly Navy White each,572391,$17.95,,https://www.woolworths.com.au/shop/productdetails/572391/woolworths-mens-big-brolly-navy-white,https://cdn0.woolworths.media/content/wowproductimages/medium/572391.jpg,2020-09-20 15:36:09,,0,,True
728c0e69-4684-483d-b589-a0923a9a67e0,Woolworths Supermarket,Household,Woolworths Mens Big Brolly Red White each,572393,$17.95,,https://www.woolworths.com.au/shop/productdetails/572393/woolworths-mens-big-brolly-red-white,https://cdn0.woolworths.media/content/wowproductimages/medium/572393.jpg,2020-09-20 15:36:09,,0,,True
80967a90-a516-4c3a-ace9-97d771e947d7,Woolworths Supermarket,Household,Fairy Dishwasher Tablets All In One Lemon 67 capsules,583400,$27.00,$0.40 / 1EA,https://www.woolworths.com.au/shop/productdetails/583400/fairy-dishwasher-tablets-all-in-one-lemon,https://cdn0.woolworths.media/content/wowproductimages/medium/583400.jpg,2020-09-20 15:36:09,,0,Was $35.00 01/08/2017,True
6dd1672e-602b-4fd9-a38d-c4b10ed76cf1,Woolworths Supermarket,Household,Mirabella Beach Garden Gnomes each,880537,$6.00,,https://www.woolworths.com.au/shop/productdetails/880537/mirabella-beach-garden-gnomes,https://cdn0.woolworths.media/content/wowproductimages/medium/880537.jpg,2020-09-20 15:36:09,,0,Designs may vary,True
1f8ff3d5-824f-4446-9a6f-f783292898dc,Woolworths Supermarket,Household,Ambi Pur Bathroom Spray Fresh Sky 275g,083877,$7.00,$2.55 / 100G,https://www.woolworths.com.au/shop/productdetails/83877/ambi-pur-bathroom-spray-fresh-sky,https://cdn0.woolworths.media/content/wowproductimages/medium/083877.jpg,2020-09-20 15:36:09,,0,,True
0c1b07fd-d37f-4af2-8fbe-102f46b43d22,Woolworths Supermarket,Household,Olympic Check Ticket Book Loose 100 pack,016507,$1.00,,https://www.woolworths.com.au/shop/productdetails/16507/olympic-check-ticket-book-loose,https://cdn0.woolworths.media/content/wowproductimages/medium/016507.jpg,2020-09-20 15:36:09,,0,,True
2b49f382-6d77-4de4-9da6-773ee41b614c,Woolworths Supermarket,Household,Fairy Platinum Plus Dishwasher Tablets Lemon 30 pack,041809,$30.00,$1.00 / 1EA,https://www.woolworths.com.au/shop/productdetails/41809/fairy-platinum-plus-dishwasher-tablets-lemon,https://cdn0.woolworths.media/content/wowproductimages/medium/041809.jpg,2020-09-20 15:36:09,,0,,True
4a2ceb44-a497-4e57-9c3e-5d4339c5296a,Woolworths Supermarket,Household,Xstreem Led's 3 Watt Rechargeable Flashlight each,059329,$29.50,$29.50 / 1EA,https://www.woolworths.com.au/shop/productdetails/59329/xstreem-led-s-3-watt-rechargeable-flashlight,https://cdn0.woolworths.media/content/wowproductimages/medium/059329.jpg,2020-09-20 15:36:09,,0,,True
647d7e8a-d3a6-4b04-80ba-e2920e108f5a,Woolworths Supermarket,Household,For Kids Weather Protection Poncho each,729886,$2.95,,https://www.woolworths.com.au/shop/productdetails/729886/for-kids-weather-protection-poncho,https://cdn0.woolworths.media/content/wowproductimages/medium/729886.jpg,2020-09-20 15:36:09,,0,,True
0cb69df5-ac48-4939-b6fd-e4dedb93ceec,Woolworths Supermarket,Household,"Jackson Inbound Travel Adaptor - Suits Usa, Uk & Europe each",958807,$15.00,,https://www.woolworths.com.au/shop/productdetails/958807/jackson-inbound-travel-adaptor-suits-usa-uk-europe,https://cdn0.woolworths.media/content/wowproductimages/medium/958807.jpg,2020-09-20 15:36:09,,0,,True
9848877f-a9ba-42e1-adf3-0a8d313fa696,Woolworths Supermarket,Household,Sugar Wrap 100% Compostable Eco Cling Wrap 30m each,104403,$5.50,$0.18 / 1M,https://www.woolworths.com.au/shop/productdetails/104403/sugar-wrap-100-compostable-eco-cling-wrap-30m,https://cdn0.woolworths.media/content/wowproductimages/medium/104403.jpg,2020-09-20 15:36:09,,0,,True
b9426cfb-f5b9-4489-b4b8-271dfdec61ee,Woolworths Supermarket,Household,Cuddly Aroma Collections Concentrate Fabric Softener Conditioner 900ml,598597,$4.49,$4.99 / 1L,https://www.woolworths.com.au/shop/productdetails/598597/cuddly-aroma-collections-concentrate-fabric-softener-conditioner,https://cdn0.woolworths.media/content/wowproductimages/medium/598597.jpg,2020-09-20 15:36:09,,0,,True
a849891e-e88c-4e4a-85c1-d7e5e7a90bfa,Woolworths Supermarket,Household,No Issues Toilet Paper 275 Sheets x6 pack,582990,$7.00,$0.42 / 100SS,https://www.woolworths.com.au/shop/productdetails/582990/no-issues-toilet-paper-275-sheets,https://cdn0.woolworths.media/content/wowproductimages/medium/582990.jpg,2020-09-20 15:36:09,,0,,True
7c7f3afb-0c97-4358-bbff-544d145c5601,Woolworths Supermarket,Household,Fzone Mobile Prepaid Bundle each,811362,$199.00,,https://www.woolworths.com.au/shop/productdetails/811362/fzone-mobile-prepaid-bundle,https://cdn0.woolworths.media/content/wowproductimages/medium/811362.jpg,2020-09-20 15:36:09,,0,,True
c4c0a493-fd7b-460d-bc14-948143eae131,Woolworths Supermarket,Household,Armada Freezer Bags Small 120 pack,018316,$0.60,$0.01 / 1EA,https://www.woolworths.com.au/shop/productdetails/18316/armada-freezer-bags-small,https://cdn0.woolworths.media/content/wowproductimages/medium/018316.jpg,2020-09-20 15:36:09,,0,,True
1d05326d-d58d-4ba1-a67d-9f000d04e879,Woolworths Supermarket,Household,Paperclick Stationery Set each,055231,$1.00,,https://www.woolworths.com.au/shop/productdetails/55231/paperclick-stationery-set,https://cdn0.woolworths.media/content/wowproductimages/medium/055231.jpg,2020-09-20 15:36:09,,0,,True
9aa6b9b4-4250-45ab-a41f-3d8f96b48717,Woolworths Supermarket,Household,Stabilo Swing Cool Pastels Highlighters 4 pack,060871,$6.50,,https://www.woolworths.com.au/shop/productdetails/60871/stabilo-swing-cool-pastels-highlighters,https://cdn0.woolworths.media/content/wowproductimages/medium/060871.jpg,2020-09-20 15:36:09,,0,,True
850646cc-9a42-4a2f-9593-441abaebcd19,Woolworths Supermarket,Household,Vevelle Recycled Paper Towel 2 Ply 2 pack,067115,$2.50,$1.79 / 100SS,https://www.woolworths.com.au/shop/productdetails/67115/vevelle-recycled-paper-towel-2-ply,https://cdn0.woolworths.media/content/wowproductimages/medium/067115.jpg,2020-09-20 15:36:09,,0,,True
7ef0b218-8d20-4d74-ab36-f88a05d19254,Woolworths Supermarket,Household,Gm Housebrand Paint Your Own Flamingo / Pineapple Assorted each,055268,$6.00,,https://www.woolworths.com.au/shop/productdetails/55268/gm-housebrand-paint-your-own-flamingo-pineapple-assorted,https://cdn0.woolworths.media/content/wowproductimages/medium/055268.jpg,2020-09-20 15:36:09,,0,Designs may vary,True
9ace6048-2f39-4ed1-8841-500127dcd884,Woolworths Supermarket,Household,Gm Housebrand Poster Paint 6 pack,055269,$6.00,,https://www.woolworths.com.au/shop/productdetails/55269/gm-housebrand-poster-paint,https://cdn0.woolworths.media/content/wowproductimages/medium/055269.jpg,2020-09-20 15:36:09,,0,,True
82430428-46cc-48de-8170-9bf7749daf97,Woolworths Supermarket,Household,Gm Housebrand Craft Paper Kit 20 pack,055275,$5.00,,https://www.woolworths.com.au/shop/productdetails/55275/gm-housebrand-craft-paper-kit,https://cdn0.woolworths.media/content/wowproductimages/medium/055275.jpg,2020-09-20 15:36:09,,0,,True
b2793704-3d05-4868-921e-2344eebf59f6,Woolworths Supermarket,Household,Gm Housebrand Chenille Craft Wallet each,055276,$5.00,,https://www.woolworths.com.au/shop/productdetails/55276/gm-housebrand-chenille-craft-wallet,https://cdn0.woolworths.media/content/wowproductimages/medium/055276.jpg,2020-09-20 15:36:09,,0,,True
9187b8ef-35aa-4987-98e3-cb4f71dc03cf,Woolworths Supermarket,Household,Paperclick Large Pu Pencil Case Assorted each,055283,$5.00,,https://www.woolworths.com.au/shop/productdetails/55283/paperclick-large-pu-pencil-case-assorted,https://cdn0.woolworths.media/content/wowproductimages/medium/055283.jpg,2020-09-20 15:36:09,,0,Designs may vary,True
56be2495-4889-4362-ae34-5b14f68a1ba7,Woolworths Supermarket,Household,Gm Housebrand Paint Your Own Painting Set Assorted each,055302,$6.00,,https://www.woolworths.com.au/shop/productdetails/55302/gm-housebrand-paint-your-own-painting-set-assorted,https://cdn0.woolworths.media/content/wowproductimages/medium/055302.jpg,2020-09-20 15:36:09,,0,Designs may vary,True
d3cdbc47-bdad-4d52-96cc-d116bb3ff9ce,Woolworths Supermarket,Household,Gm Housebrand Paint Your Own Monsters Assorted each,055306,$6.00,,https://www.woolworths.com.au/shop/productdetails/55306/gm-housebrand-paint-your-own-monsters-assorted,https://cdn0.woolworths.media/content/wowproductimages/medium/055306.jpg,2020-09-20 15:36:09,,0,Designs may vary,True
72fd3e62-35f0-4306-aec2-2b0c32d3bdc4,Woolworths Supermarket,Household,Gm Housebrand Poster Paint Glitter 4 pack,055307,$6.00,,https://www.woolworths.com.au/shop/productdetails/55307/gm-housebrand-poster-paint-glitter,https://cdn0.woolworths.media/content/wowproductimages/medium/055307.jpg,2020-09-20 15:36:09,,0,,True
42477f09-c451-4bfb-8c95-b34d209e716f,Woolworths Supermarket,Household,Gm Housebrand Water Colour Paints 12 pack,055308,$2.00,,https://www.woolworths.com.au/shop/productdetails/55308/gm-housebrand-water-colour-paints,https://cdn0.woolworths.media/content/wowproductimages/medium/055308.jpg,2020-09-20 15:36:09,,0,,True
c305aa10-f92c-4bb9-a7d2-9fa96562421c,Woolworths Supermarket,Household,Gm Housebrand Coloured Art Smock each,055328,$5.00,,https://www.woolworths.com.au/shop/productdetails/55328/gm-housebrand-coloured-art-smock,https://cdn0.woolworths.media/content/wowproductimages/medium/055328.jpg,2020-09-20 15:36:09,,0,,True
8eb2aa54-cfae-451e-b438-e9798c7b8c41,Woolworths Supermarket,Household,Gm Housebrand Paint Your Own Painting Set Unicorn / Mermaid each,055333,$6.00,,https://www.woolworths.com.au/shop/productdetails/55333/gm-housebrand-paint-your-own-painting-set-unicorn-mermaid,https://cdn0.woolworths.media/content/wowproductimages/medium/055333.jpg,2020-09-20 15:36:09,,0,Designs may vary,True
c011ca7f-b929-430e-98ea-72ebb7d79503,Woolworths Supermarket,Household,Gm Housebrand Paint By Numbers Assorted each,055335,$6.00,,https://www.woolworths.com.au/shop/productdetails/55335/gm-housebrand-paint-by-numbers-assorted,https://cdn0.woolworths.media/content/wowproductimages/medium/055335.jpg,2020-09-20 15:36:09,,0,Designs may vary,True
df50e1d0-1f94-4372-b69c-dd429e5fd5e7,Woolworths Supermarket,Household,Gm Housebrand Paint Your Own Princess & Castle Set each,055338,$6.00,,https://www.woolworths.com.au/shop/productdetails/55338/gm-housebrand-paint-your-own-princess-castle-set,https://cdn0.woolworths.media/content/wowproductimages/medium/055338.jpg,2020-09-20 15:36:09,,0,,True
c90ec339-4180-479b-aacd-526e08f83c94,Woolworths Supermarket,Household,Gm Housebrand Make Your Own Tiara Assorted each,058993,$5.00,,https://www.woolworths.com.au/shop/productdetails/58993/gm-housebrand-make-your-own-tiara-assorted,https://cdn0.woolworths.media/content/wowproductimages/medium/058993.jpg,2020-09-20 15:36:09,,0,,True
e0b870ad-32ec-47ab-a414-a4ea910f3525,Woolworths Supermarket,Household,Jackson Outbound Travel Adaptor India each,059529,$8.50,,https://www.woolworths.com.au/shop/productdetails/59529/jackson-outbound-travel-adaptor-india,https://cdn0.woolworths.media/content/wowproductimages/medium/059529.jpg,2020-09-20 15:36:09,,0,,True
2b9145e1-bf3b-40eb-ac8c-b32796156b8a,Woolworths Supermarket,Household,Mirabella Solar Monk each,089911,$10.00,,https://www.woolworths.com.au/shop/productdetails/89911/mirabella-solar-monk,https://cdn0.woolworths.media/content/wowproductimages/medium/089911.jpg,2020-09-20 15:36:09,,0,Designs may vary,True
d15cb72c-5894-4728-8301-8536e28284d4,Woolworths Supermarket,Household,Crayola Awesome Animals Colouring & Marker Book each,094183,$7.00,,https://www.woolworths.com.au/shop/productdetails/94183/crayola-awesome-animals-colouring-marker-book,https://cdn0.woolworths.media/content/wowproductimages/medium/094183.jpg,2020-09-20 15:36:09,,0,,True
82f58078-26a6-40e6-81bd-61c1b92988d7,Woolworths Supermarket,Household,Motor Magazine each,103895,$11.95,,https://www.woolworths.com.au/shop/productdetails/103895/motor-magazine,https://cdn0.woolworths.media/content/wowproductimages/medium/103895.jpg,2020-09-20 15:36:09,,0,Offer Details Here,True
4c939684-51bb-4030-bf56-c9564577e6c6,Woolworths Supermarket,Household,Energizer E90 Alkaline Batteries 2 pack,106429,$7.49,$3.75 / 1EA,https://www.woolworths.com.au/shop/productdetails/106429/energizer-e90-alkaline-batteries,https://cdn0.woolworths.media/content/wowproductimages/medium/106429.jpg,2020-09-20 15:36:09,,0,,True
b429b9c9-7847-41b0-a2e6-83dd0fb204f9,Woolworths Supermarket,Household,Jackson Motion Sensor Light each,108511,$12.00,,https://www.woolworths.com.au/shop/productdetails/108511/jackson-motion-sensor-light,https://cdn0.woolworths.media/content/wowproductimages/medium/108511.jpg,2020-09-20 15:36:09,,0,,True
31693423-2751-4c33-80ba-5c6a1a864719,Woolworths Supermarket,Household,Energizer 392 Battery each,108777,$3.99,$3.99 / 1EA,https://www.woolworths.com.au/shop/productdetails/108777/energizer-392-battery,https://cdn0.woolworths.media/content/wowproductimages/medium/108777.jpg,2020-09-20 15:36:09,,0,,True
7c602d62-5bc4-4a8a-891d-df1f34daf3b0,Woolworths Supermarket,Household,Energizer 364 Battery each,108778,$2.99,$2.99 / 1EA,https://www.woolworths.com.au/shop/productdetails/108778/energizer-364-battery,https://cdn0.woolworths.media/content/wowproductimages/medium/108778.jpg,2020-09-20 15:36:09,,0,,True
c0079a5d-9a46-4344-8ab7-b67eea66db85,Woolworths Supermarket,Household,Jackson 4k Hdmi Cable 3m each,109200,$20.00,,https://www.woolworths.com.au/shop/productdetails/109200/jackson-4k-hdmi-cable-3m,https://cdn0.woolworths.media/content/wowproductimages/medium/109200.jpg,2020-09-20 15:36:09,,0,,True
0c49d4dd-bcf5-43f7-a1f5-d1d86f3121a9,Woolworths Supermarket,Household,Energizer 2430 Lithium Battery each,109488,$4.99,$4.99 / 1EA,https://www.woolworths.com.au/shop/productdetails/109488/energizer-2430-lithium-battery,https://cdn0.woolworths.media/content/wowproductimages/medium/109488.jpg,2020-09-20 15:36:09,,0,,True
ca24b6b7-c900-4369-af69-9bfe169fd90c,Woolworths Supermarket,Household,Energizer 379 Battery each,110565,$2.99,$2.99 / 1EA,https://www.woolworths.com.au/shop/productdetails/110565/energizer-379-battery,https://cdn0.woolworths.media/content/wowproductimages/medium/110565.jpg,2020-09-20 15:36:09,,0,,True
6c7195d6-2ac5-4d10-9b0a-851f660c11c6,Woolworths Supermarket,Household,Energizer 389 Battery each,110853,$3.99,$3.99 / 1EA,https://www.woolworths.com.au/shop/productdetails/110853/energizer-389-battery,https://cdn0.woolworths.media/content/wowproductimages/medium/110853.jpg,2020-09-20 15:36:09,,0,,True
def787b4-102b-48a9-a1a8-ccff774980ee,Woolworths Supermarket,Household,Energizer Led Booklite each,260149,$22.00,,https://www.woolworths.com.au/shop/productdetails/260149/energizer-led-booklite,https://cdn0.woolworths.media/content/wowproductimages/medium/260149.jpg,2020-09-20 15:36:09,,0,,True
01499540-fb3c-431f-b2f8-f120dc06a05d,Woolworths Supermarket,Household,Xstreem 16 Led Flashlight each,265573,$18.50,,https://www.woolworths.com.au/shop/productdetails/265573/xstreem-16-led-flashlight,https://cdn0.woolworths.media/content/wowproductimages/medium/265573.jpg,2020-09-20 15:36:09,,0,,True
e63eebcf-a63c-478b-a1fb-06ab537e4d42,Woolworths Supermarket,Household,Strike Microfibre Twist Mop each,562002,$8.00,$8.00 / 1EA,https://www.woolworths.com.au/shop/productdetails/562002/strike-microfibre-twist-mop,https://cdn0.woolworths.media/content/wowproductimages/medium/562002.jpg,2020-09-20 15:36:09,,0,,True
90f5a983-a6e7-4368-981d-1812cd84db8d,Woolworths Supermarket,Household,Jackson 4 Outlet Power Block With 2x Usb Outlets each,677039,$29.00,,https://www.woolworths.com.au/shop/productdetails/677039/jackson-4-outlet-power-block-with-2x-usb-outlets,https://cdn0.woolworths.media/content/wowproductimages/medium/677039.jpg,2020-09-20 15:36:09,,0,,True
e27f00d9-1dfd-4f90-b7b7-97baa6a3bc74,Woolworths Supermarket,Household,Energizer A544 Battery each,685629,$14.99,$14.99 / 1EA,https://www.woolworths.com.au/shop/productdetails/685629/energizer-a544-battery,https://cdn0.woolworths.media/content/wowproductimages/medium/685629.jpg,2020-09-20 15:36:09,,0,,True
0e3ecfd0-6bee-40cb-b6ae-8e2cbc81fb77,Woolworths Supermarket,Household,Jackson Outbound Travel Adaptor For Travel To Uk each,693101,$8.50,,https://www.woolworths.com.au/shop/productdetails/693101/jackson-outbound-travel-adaptor-for-travel-to-uk,https://cdn0.woolworths.media/content/wowproductimages/medium/693101.jpg,2020-09-20 15:36:09,,0,,True
e08bb0a7-3400-4e63-973d-37edd3e61790,Woolworths Supermarket,Household,Jackson Outbound Travel Adaptor For Travel To Usa each,693114,$8.50,,https://www.woolworths.com.au/shop/productdetails/693114/jackson-outbound-travel-adaptor-for-travel-to-usa,https://cdn0.woolworths.media/content/wowproductimages/medium/693114.jpg,2020-09-20 15:36:09,,0,,True
9102fe0b-e2c9-4b07-a9d9-3a2b6741c8b5,Woolworths Supermarket,Household,Energizer 360 Area Lantern each,693115,$40.00,,https://www.woolworths.com.au/shop/productdetails/693115/energizer-360-area-lantern,https://cdn0.woolworths.media/content/wowproductimages/medium/693115.jpg,2020-09-20 15:36:09,,0,,True
f0cc1957-3018-474e-b993-925685257d44,Woolworths Supermarket,Household,Jackson Outbound Travel Adaptor For Travel To Europe each,693116,$8.50,,https://www.woolworths.com.au/shop/productdetails/693116/jackson-outbound-travel-adaptor-for-travel-to-europe,https://cdn0.woolworths.media/content/wowproductimages/medium/693116.jpg,2020-09-20 15:36:09,,0,,True
2f03b188-af7f-4187-a173-b62632873782,Woolworths Supermarket,Household,Jackson Usb Charger - 2x Usb-a + 2xusb-c each,807429,$25.00,,https://www.woolworths.com.au/shop/productdetails/807429/jackson-usb-charger-2x-usb-a-2xusb-c,https://cdn0.woolworths.media/content/wowproductimages/medium/807429.jpg,2020-09-20 15:36:09,,0,,True
da577551-58dc-4fd2-81bb-a44e06ee4b63,Woolworths Supermarket,Household,Wiltshire Tart Quiche Pan 25cm each,928051,$12.00,,https://www.woolworths.com.au/shop/productdetails/928051/wiltshire-tart-quiche-pan-25cm,https://cdn0.woolworths.media/content/wowproductimages/medium/928051.jpg,2020-09-20 15:36:09,,0,,True
dedb7f9a-aad9-4630-9bdd-406b6c81926b,Woolworths Supermarket,Household,Art Advantage Brush Tube 10 pieces,928745,$10.00,,https://www.woolworths.com.au/shop/productdetails/928745/art-advantage-brush-tube,https://cdn0.woolworths.media/content/wowproductimages/medium/928745.jpg,2020-09-20 15:36:09,,0,,True
c573e4ba-8ec0-4641-ad71-1f221403987e,Woolworths Supermarket,Household,Art Advantage Assorted Brush Tube 25 pieces,928747,$17.00,,https://www.woolworths.com.au/shop/productdetails/928747/art-advantage-assorted-brush-tube,https://cdn0.woolworths.media/content/wowproductimages/medium/928747.jpg,2020-09-20 15:36:09,,0,,True
594d490a-ae79-4c86-bcc9-fbe57d1fce77,Woolworths Supermarket,Household,For Her Ladies Garden Shoes each,870879,$5.00,,https://www.woolworths.com.au/shop/productdetails/870879/for-her-ladies-garden-shoes,https://cdn0.woolworths.media/content/wowproductimages/medium/870879.jpg,2020-09-20 15:36:09,,0,Designs may vary,True
e78a7ec3-7193-4481-ae72-d70d80022cdd,Woolworths Supermarket,Household,Domestos Disinfectant Bleach Toilet Cleaner Mountain Fresh 1.25l,098782,$5.50,$0.44 / 100ML,https://www.woolworths.com.au/shop/productdetails/98782/domestos-disinfectant-bleach-toilet-cleaner-mountain-fresh,https://cdn0.woolworths.media/content/wowproductimages/medium/098782.jpg,2020-09-20 15:36:09,,0,,True
40a35d3c-ae94-41ad-a34b-2f7c0b0c119e,Woolworths Supermarket,Household,Homebrand Gloves Disposable Lightly Powdered 100 pack,296659,$8.00,$0.08 / 1EA,https://www.woolworths.com.au/shop/productdetails/296659/homebrand-gloves-disposable-lightly-powdered,https://cdn0.woolworths.media/content/wowproductimages/medium/296659.jpg,2020-09-20 15:36:09,,0,,True
3de78ce6-1912-4bda-9092-987fccbaab90,Woolworths Supermarket,Household,Tradie Mens Socks Black 11/13 3 pack,520499,$10.00,$10.00 / 1EA,https://www.woolworths.com.au/shop/productdetails/520499/tradie-mens-socks-black-11-13,https://cdn0.woolworths.media/content/wowproductimages/medium/520499.jpg,2020-09-20 15:36:09,,0,,True
7baa3fde-b661-441c-acc2-e777b94abbe5,Woolworths Supermarket,Household,Tradie Mens Work Socks Black 7/10 3 pack,520518,$10.00,$10.00 / 1EA,https://www.woolworths.com.au/shop/productdetails/520518/tradie-mens-work-socks-black-7-10,https://cdn0.woolworths.media/content/wowproductimages/medium/520518.jpg,2020-09-20 15:36:09,,0,,True
0e426a7c-a88e-44c3-9b18-ece8d08ebead,Woolworths Supermarket,Household,Fluffy Divine Blends Ultra Fabric Softener Lotus & Sea Minerals 900ml,759725,$7.00,$7.78 / 1L,https://www.woolworths.com.au/shop/productdetails/759725/fluffy-divine-blends-ultra-fabric-softener-lotus-sea-minerals,https://cdn0.woolworths.media/content/wowproductimages/medium/759725.jpg,2020-09-20 15:36:09,,0,,True
05a383ff-d3d8-41bd-8d46-ab197f14ac36,Woolworths Supermarket,Household,Eveready Eveready Torch Brilliant Beam Flashlight 2x D Type each,010290,$10.00,,https://www.woolworths.com.au/shop/productdetails/10290/eveready-eveready-torch-brilliant-beam-flashlight-2x-d-type,https://cdn0.woolworths.media/content/wowproductimages/medium/010290.jpg,2020-09-20 15:36:09,,0,,True
38161c04-8104-4042-a876-aa17d0fe265b,Woolworths Supermarket,Household,Jackson Outbound Travel Adaptor With 2x Usb Charging Outlets each,336468,$25.00,,https://www.woolworths.com.au/shop/productdetails/336468/jackson-outbound-travel-adaptor-with-2x-usb-charging-outlets,https://cdn0.woolworths.media/content/wowproductimages/medium/336468.jpg,2020-09-20 15:36:09,,0,,True
578abd2f-b9c4-47e9-a3df-2d4d6d2e2168,Woolworths Supermarket,Household,Jackson Protected Powerboard With Master Switch And 90cm Lead each,517754,$17.00,$17.00 / 1EA,https://www.woolworths.com.au/shop/productdetails/517754/jackson-protected-powerboard-with-master-switch-and-90cm-lead,https://cdn0.woolworths.media/content/wowproductimages/medium/517754.jpg,2020-09-20 15:36:09,,0,,True
6a722408-9333-410d-aa7b-2fa2b0f6aa7a,Woolworths Supermarket,Household,Jackson Switch Mode Power Supply - 500ma each,520317,$32.00,,https://www.woolworths.com.au/shop/productdetails/520317/jackson-switch-mode-power-supply-500ma,https://cdn0.woolworths.media/content/wowproductimages/medium/520317.jpg,2020-09-20 15:36:09,,0,,True
e8dd0e5e-cb2a-467f-9b46-92948def8a0a,Woolworths Supermarket,Household,Jackson Outbound Travel Adaptor For Travel To Japan each,693117,$8.50,,https://www.woolworths.com.au/shop/productdetails/693117/jackson-outbound-travel-adaptor-for-travel-to-japan,https://cdn0.woolworths.media/content/wowproductimages/medium/693117.jpg,2020-09-20 15:36:09,,0,,True
233783f0-68fa-4c90-a5f2-e80192ca2d8f,Woolworths Supermarket,Household,Wonder Peppa Pig Training Facial Tissues Pocket 6 x9 pack,066599,$3.00,$5.56 / 100SS,https://www.woolworths.com.au/shop/productdetails/66599/wonder-peppa-pig-training-facial-tissues-pocket,https://cdn0.woolworths.media/content/wowproductimages/medium/066599.jpg,2020-09-20 15:36:09,,0,,True
77c8dbb3-7b9c-457b-937e-5c6c40f09f89,Woolworths Supermarket,Household,Decor Match Ups Clips Tall Square 3l each,689924,$5.00,,https://www.woolworths.com.au/shop/productdetails/689924/decor-match-ups-clips-tall-square-3l,https://cdn0.woolworths.media/content/wowproductimages/medium/689924.jpg,2020-09-20 15:36:09,,0,,True
ff2388ac-f1a5-4b70-843d-e75134e9f209,Woolworths Supermarket,Household,Decor Match Ups Clips Square 1.4l each,689925,$3.50,,https://www.woolworths.com.au/shop/productdetails/689925/decor-match-ups-clips-square-1-4l,https://cdn0.woolworths.media/content/wowproductimages/medium/689925.jpg,2020-09-20 15:36:09,,0,,True
0c7c16fb-4632-4f01-8aaf-1726267de1db,Woolworths Supermarket,Household,Decor Match Ups Clips Juice Jug 2.4l each,689942,$8.00,,https://www.woolworths.com.au/shop/productdetails/689942/decor-match-ups-clips-juice-jug-2-4l,https://cdn0.woolworths.media/content/wowproductimages/medium/689942.jpg,2020-09-20 15:36:09,,0,,True
b911f508-c3b9-4c35-a39c-7690c50055eb,Woolworths Supermarket,Household,Frozen 2 Storybook each,069135,$7.00,,https://www.woolworths.com.au/shop/productdetails/69135/frozen-2-storybook,https://cdn0.woolworths.media/content/wowproductimages/medium/069135.jpg,2020-09-20 15:36:09,,0,,True
f60930c3-2e64-4bcf-8665-bae38c1bd399,Woolworths Supermarket,Household,Green Gardener Metal Peacock each,088932,$25.00,,https://www.woolworths.com.au/shop/productdetails/88932/green-gardener-metal-peacock,https://cdn0.woolworths.media/content/wowproductimages/medium/088932.jpg,2020-09-20 15:36:09,,0,Designs may vary,True
15469339-ab21-4cdb-919c-184cf0bad603,Woolworths Supermarket,Household,Mint Silicone Spoon Rest each,807292,$3.50,,https://www.woolworths.com.au/shop/productdetails/807292/mint-silicone-spoon-rest,https://cdn0.woolworths.media/content/wowproductimages/medium/807292.jpg,2020-09-20 15:36:09,,0,,True
3990dea9-270d-462d-a8e4-ef22e10e8ab4,Woolworths Supermarket,Household,Mint Microwave Egg Cooker 2 pack,807301,$8.00,,https://www.woolworths.com.au/shop/productdetails/807301/mint-microwave-egg-cooker,https://cdn0.woolworths.media/content/wowproductimages/medium/807301.jpg,2020-09-20 15:36:09,,0,,True
be531380-96af-4fad-9aee-c70ca062649a,Woolworths Supermarket,Household,Mint Lemon Squeezer each,807297,$7.00,,https://www.woolworths.com.au/shop/productdetails/807297/mint-lemon-squeezer,https://cdn0.woolworths.media/content/wowproductimages/medium/807297.jpg,2020-09-20 15:36:09,,0,,True
25ed635a-3c6f-42ae-97f5-39a270e4825a,Woolworths Supermarket,Household,Inspire Metal Pedal Bin 5l each,829916,$15.00,,https://www.woolworths.com.au/shop/productdetails/829916/inspire-metal-pedal-bin-5l,https://cdn0.woolworths.media/content/wowproductimages/medium/829916.jpg,2020-09-20 15:36:09,,0,,True
5cb4bdfd-9396-4e4b-80fa-b344a593b3bd,Woolworths Supermarket,Household,Fluffy Summer Breeze Concentrate Fabric Softener Conditioner 1l,336488,$7.00,$7.00 / 1L,https://www.woolworths.com.au/shop/productdetails/336488/fluffy-summer-breeze-concentrate-fabric-softener-conditioner,https://cdn0.woolworths.media/content/wowproductimages/medium/336488.jpg,2020-09-20 15:36:09,,0,,True
0f694437-6e54-4ecc-b82c-7faac2230c37,Woolworths Supermarket,Household,Gm Housebrand Paint Your Own Piggy Bank Assorted each,055323,$6.00,,https://www.woolworths.com.au/shop/productdetails/55323/gm-housebrand-paint-your-own-piggy-bank-assorted,https://cdn0.woolworths.media/content/wowproductimages/medium/055323.jpg,2020-09-20 15:36:09,,0,,True
493b23a6-f77c-4c8f-8dd5-c524489caa3a,Woolworths Supermarket,Household,Gm Housebrand Chenille Assorted Craft Box each,058994,$10.00,,https://www.woolworths.com.au/shop/productdetails/58994/gm-housebrand-chenille-assorted-craft-box,https://cdn0.woolworths.media/content/wowproductimages/medium/058994.jpg,2020-09-20 15:36:09,,0,,True
4e13f237-d6c8-42a0-8469-44aae2f16aa9,Woolworths Supermarket,Household,Fisher-price Laugh & Learn Puppy's Remote Assorted each,472945,$3.25,,https://www.woolworths.com.au/shop/productdetails/472945/fisher-price-laugh-learn-puppy-s-remote-assorted,https://cdn0.woolworths.media/content/wowproductimages/medium/472945.jpg,2020-09-20 15:36:09,,0,Designs may vary,True
064d61cf-d849-4511-8e86-60076ffd4371,Woolworths Supermarket,Household,Sabco 3-in-1 Spray Squeegee Washer Large each,790727,$11.25,$11.25 / 1EA,https://www.woolworths.com.au/shop/productdetails/790727/sabco-3-in-1-spray-squeegee-washer-large,https://cdn0.woolworths.media/content/wowproductimages/medium/790727.jpg,2020-09-20 15:36:09,,0,,True
f2f6fc95-1e1f-4301-b2b8-30016f200e82,Woolworths Supermarket,Household,Icare Wipex Recycled Paper Towel White 2 pack,103467,$1.75,$1.46 / 100SS,https://www.woolworths.com.au/shop/productdetails/103467/icare-wipex-recycled-paper-towel-white,https://cdn0.woolworths.media/content/wowproductimages/medium/103467.jpg,2020-09-20 15:36:09,,0,,True
7153b72e-7459-487a-a2d9-13b2bf89aaf7,Woolworths Supermarket,Household,Crayola Out Of This World Colouring & Marker Book each,094134,$7.00,,https://www.woolworths.com.au/shop/productdetails/94134/crayola-out-of-this-world-colouring-marker-book,https://cdn0.woolworths.media/content/wowproductimages/medium/094134.jpg,2020-09-20 15:36:09,,0,,True
76a133c1-9570-4eb3-8931-b8097611d055,Woolworths Supermarket,Household,Afl Official Team Game Cards 9 pack,783725,$2.99,,https://www.woolworths.com.au/shop/productdetails/783725/afl-official-team-game-cards,https://cdn0.woolworths.media/content/wowproductimages/medium/783725.jpg,2020-09-20 15:36:09,,0,,True
243b3a9c-d9bc-47aa-8a98-c7d0b0f1c805,Woolworths Supermarket,Household,Heat Beads Charcoal Bbq Briquettes 4kg,630272,$8.00,$0.20 / 100G,https://www.woolworths.com.au/shop/productdetails/630272/heat-beads-charcoal-bbq-briquettes,https://cdn0.woolworths.media/content/wowproductimages/medium/630272.jpg,2020-09-20 15:36:09,,0,,True
e6c47ef3-d493-4dfa-8cae-9e3b070ca481,Woolworths Supermarket,Household,Michelle Bridges Meal Prep Dipper Pots 6 pack,687146,$1.50,,https://www.woolworths.com.au/shop/productdetails/687146/michelle-bridges-meal-prep-dipper-pots,https://cdn0.woolworths.media/content/wowproductimages/medium/687146.jpg,2020-09-20 15:36:09,,0,,True
