supermarket,category,product_name,product_id,price,cup_price,product_url,img_url,viewed_date,ratings,rating_count,product_specials,available_in_stock
Woolworths Supermarket,Lunch Box,"Arnott's Mini Choc Chip, Jatz, & Scotch Finger Multipack 12 pack",689921,$5.00,$1.71 / 100G,https://www.woolworths.com.au/shop/productdetails/689921/arnott-s-mini-choc-chip-jatz-scotch-finger-multipack,https://cdn0.woolworths.media/content/wowproductimages/medium/689921.jpg,2020-09-10 15:57:20,,0,Was $6.00 08/01/2018,True
Woolworths Supermarket,Lunch Box,Fresh Strawberry 250G,144607,$1.50,$6.00 / 1KG,https://www.woolworths.com.au/shop/productdetails/144607/fresh-strawberry,https://cdn0.woolworths.media/content/wowproductimages/medium/144607.jpg,2020-09-10 15:57:20,,0,,True
Woolworths Supermarket,Lunch Box,Parker's Multi Pack Pretzels Lightly Salted 6 pack,378031,$3.10,$2.07 / 100G,https://www.woolworths.com.au/shop/productdetails/378031/parker-s-multi-pack-pretzels-lightly-salted,https://cdn0.woolworths.media/content/wowproductimages/medium/378031.jpg,2020-09-10 15:57:20,,0,2 for $5.00,True
Woolworths Supermarket,Lunch Box,Oreo Mini Multipack Original 23g x 10 pack,788789,$3.95,$1.72 / 100G,https://www.woolworths.com.au/shop/productdetails/788789/oreo-mini-multipack-original,https://cdn0.woolworths.media/content/wowproductimages/medium/788789.jpg,2020-09-10 15:57:20,,0,,True
Woolworths Supermarket,Lunch Box,Woolworths Original Gluten Free Popcorn 10 pack,510726,$2.75,$1.38 / 100G,https://www.woolworths.com.au/shop/productdetails/510726/woolworths-original-gluten-free-popcorn,https://cdn0.woolworths.media/content/wowproductimages/medium/510726.jpg,2020-09-10 15:57:20,Average product rating out of 5: 4.3. Product score is based on 410 ratings,410,Was $3.00 27/11/2017,True
Woolworths Supermarket,Lunch Box,Golden Pikelets Bite Size 16 pack,208667,$3.00,$0.19 / 1EA,https://www.woolworths.com.au/shop/productdetails/208667/golden-pikelets-bite-size,https://cdn0.woolworths.media/content/wowproductimages/medium/208667.jpg,2020-09-10 15:57:20,,0,,True
Woolworths Supermarket,Lunch Box,Cavendish Bananas EACH,133211,$0.54,$0.54 / 1KG,https://www.woolworths.com.au/shop/productdetails/133211/cavendish-bananas,https://cdn0.woolworths.media/content/wowproductimages/medium/133211.jpg,2020-09-10 15:57:20,,0,,True
Woolworths Supermarket,Lunch Box,Woolworths Choc Chip Minis 8pk 180g,587116,$2.50,$1.39 / 100G,https://www.woolworths.com.au/shop/productdetails/587116/woolworths-choc-chip-minis,https://cdn0.woolworths.media/content/wowproductimages/medium/587116.jpg,2020-09-10 15:57:20,Average product rating out of 5: 4.4. Product score is based on 1255 ratings,1255,,True
Woolworths Supermarket,Lunch Box,Fresh Blueberries 125g,169792,$2.50,$20.00 / 1KG,https://www.woolworths.com.au/shop/productdetails/169792/fresh-blueberries,https://cdn0.woolworths.media/content/wowproductimages/medium/169792.jpg,2020-09-10 15:57:20,,0,,True
Woolworths Supermarket,Lunch Box,Hercules Click Zip Resealable Sandwich Bags 40 pack,125367,$2.00,$0.05 / 1EA,https://www.woolworths.com.au/shop/productdetails/125367/hercules-click-zip-resealable-sandwich-bags,https://cdn0.woolworths.media/content/wowproductimages/medium/125367.jpg,2020-09-10 15:57:20,,0,,True
Woolworths Supermarket,Lunch Box,Uncle Tobys Le Snak Tasty Cheese Dip & Crackers 12 pack,248197,$7.60,$2.88 / 100G,https://www.woolworths.com.au/shop/productdetails/248197/uncle-tobys-le-snak-tasty-cheese-dip-crackers,https://cdn0.woolworths.media/content/wowproductimages/medium/248197.jpg,2020-09-10 15:57:20,,0,,True
Woolworths Supermarket,Lunch Box,Woolworths Qukes Baby Cucumbers Punnet 250g,169067,$4.00,$16.00 / 1KG,https://www.woolworths.com.au/shop/productdetails/169067/woolworths-qukes-baby-cucumbers-punnet,https://cdn0.woolworths.media/content/wowproductimages/medium/169067.jpg,2020-09-10 15:57:20,,0,,True
Woolworths Supermarket,Lunch Box,Arnott's Shapes Variety 15 pack,641532,$5.00,$1.33 / 100G,https://www.woolworths.com.au/shop/productdetails/641532/arnott-s-shapes-variety,https://cdn0.woolworths.media/content/wowproductimages/medium/641532.jpg,2020-09-10 15:57:20,,0,Was $6.00 08/01/2018,True
Woolworths Supermarket,Lunch Box,Sunbites Grain Waves Sour Cream & Chives 5 pack,720220,$3.10,$2.82 / 100G,https://www.woolworths.com.au/shop/productdetails/720220/sunbites-grain-waves-sour-cream-chives,https://cdn0.woolworths.media/content/wowproductimages/medium/720220.jpg,2020-09-10 15:57:20,,0,2 for $5.00,True
Woolworths Supermarket,Lunch Box,Woolworths Tasty Cheese & Crackers 4 pack,787428,$4.00,$33.33 / 1KG,https://www.woolworths.com.au/shop/productdetails/787428/woolworths-tasty-cheese-crackers,https://cdn0.woolworths.media/content/wowproductimages/medium/787428.jpg,2020-09-10 15:57:20,Average product rating out of 5: 4.4. Product score is based on 398 ratings,398,,True
Woolworths Supermarket,Lunch Box,Woolworths All Butter Croissants 4 pack,033593,$2.50,$0.63 / 1EA,https://www.woolworths.com.au/shop/productdetails/33593/woolworths-all-butter-croissants,https://cdn0.woolworths.media/content/wowproductimages/medium/033593.jpg,2020-09-10 15:57:20,Average product rating out of 5: 4.5. Product score is based on 662 ratings,662,Was $4 29/08/2016,True
Woolworths Supermarket,Lunch Box,Uncle Tobys Roll-ups Strawberry Fun Prints 6 pack,324231,$2.00,$2.13 / 100G,https://www.woolworths.com.au/shop/productdetails/324231/uncle-tobys-roll-ups-strawberry-fun-prints,https://cdn0.woolworths.media/content/wowproductimages/medium/324231.jpg,2020-09-10 15:57:20,,0,,True
Woolworths Supermarket,Lunch Box,Nice & Natural Fruit Strings Strawberry 136g,334160,$3.50,$2.57 / 100G,https://www.woolworths.com.au/shop/productdetails/334160/nice-natural-fruit-strings-strawberry,https://cdn0.woolworths.media/content/wowproductimages/medium/334160.jpg,2020-09-10 15:57:20,,0,,True
Woolworths Supermarket,Lunch Box,Woolworths Mini Banana Muffin 8 pack,607875,$3.50,$1.09 / 100G,https://www.woolworths.com.au/shop/productdetails/607875/woolworths-mini-banana-muffin,https://cdn0.woolworths.media/content/wowproductimages/medium/607875.jpg,2020-09-10 15:57:20,Average product rating out of 5: 4.2. Product score is based on 987 ratings,987,,True
Woolworths Supermarket,Lunch Box,Golden Days Fruit Snacks Bites Apricot Delight 150g,000131,$2.45,$1.63 / 100G,https://www.woolworths.com.au/shop/productdetails/131/golden-days-fruit-snacks-bites-apricot-delight,https://cdn0.woolworths.media/content/wowproductimages/medium/000131.jpg,2020-09-10 15:57:20,Average product rating out of 5: 4.6. Product score is based on 29 ratings,29,,True
Woolworths Supermarket,Lunch Box,Arnott's Tiny Teddy Variety 15 pack,641537,$5.00,$1.33 / 100G,https://www.woolworths.com.au/shop/productdetails/641537/arnott-s-tiny-teddy-variety,https://cdn0.woolworths.media/content/wowproductimages/medium/641537.jpg,2020-09-10 15:57:20,,0,Was $6.00 08/01/2018,True
Woolworths Supermarket,Lunch Box,Woolworths Apple Juice 6x250ml,729168,$2.30,$1.53 / 1L,https://www.woolworths.com.au/shop/productdetails/729168/woolworths-apple-juice,https://cdn0.woolworths.media/content/wowproductimages/medium/729168.jpg,2020-09-10 15:57:20,Average product rating out of 5: 4.6. Product score is based on 318 ratings,318,,True
Woolworths Supermarket,Lunch Box,Hass Avocado each,120080,$3.00,$3.00 / 1EA,https://www.woolworths.com.au/shop/productdetails/120080/hass-avocado,https://cdn0.woolworths.media/content/wowproductimages/medium/120080.jpg,2020-09-10 15:57:20,,0,,True
Woolworths Supermarket,Lunch Box,Woolworths Fresh Carrots 1KG,135369,$1.50,$1.50 / 1KG,https://www.woolworths.com.au/shop/productdetails/135369/woolworths-fresh-carrots,https://cdn0.woolworths.media/content/wowproductimages/medium/135369.jpg,2020-09-10 15:57:20,,0,,True
Woolworths Supermarket,Lunch Box,Woolworths Fresh Carrots 1KG,135369,$1.50,$1.50 / 1KG,https://www.woolworths.com.au/shop/productdetails/135369/woolworths-fresh-carrots,https://cdn0.woolworths.media/content/wowproductimages/medium/135369.jpg,2020-09-10 15:57:20,,0,,True
Woolworths Supermarket,Lunch Box,Hillview Cheese Block 1KG,500187,$8.00,$8.00 / 1KG,https://www.woolworths.com.au/shop/productdetails/500187/hillview-cheese-block,https://cdn0.woolworths.media/content/wowproductimages/medium/500187.jpg,2020-09-10 15:57:20,Average product rating out of 5: 4.5. Product score is based on 66 ratings,66,,True
Woolworths Supermarket,Lunch Box,Driscoll's Fresh Raspberry 125g,165262,$5.50,$44.00 / 1KG,https://www.woolworths.com.au/shop/productdetails/165262/driscoll-s-fresh-raspberry,https://cdn0.woolworths.media/content/wowproductimages/medium/165262.jpg,2020-09-10 15:57:20,,0,,True
Woolworths Supermarket,Lunch Box,Select Truss Cocktail Tomato 250g,747009,$4.50,$18.00 / 1KG,https://www.woolworths.com.au/shop/productdetails/747009/select-truss-cocktail-tomato,https://cdn0.woolworths.media/content/wowproductimages/medium/747009.jpg,2020-09-10 15:57:20,,0,,True
Woolworths Supermarket,Lunch Box,Fresh Tomato each,134034,$0.65,$0.65 / 1EA,https://www.woolworths.com.au/shop/productdetails/134034/fresh-tomato,https://cdn0.woolworths.media/content/wowproductimages/medium/134034.jpg,2020-09-10 15:57:20,,0,,True
Woolworths Supermarket,Lunch Box,Wonder White Hi Fibre Sandwich Slice Bread 700G,332466,$3.40,$0.49 / 100G,https://www.woolworths.com.au/shop/productdetails/332466/wonder-white-hi-fibre-sandwich-slice-bread,https://cdn0.woolworths.media/content/wowproductimages/medium/332466.jpg,2020-09-10 15:57:20,,0,,True
Woolworths Supermarket,Lunch Box,The Odd Bunch Pear Prepacked 1KG,800774,$2.50,$2.50 / 1KG,https://www.woolworths.com.au/shop/productdetails/800774/the-odd-bunch-pear-prepacked,https://cdn0.woolworths.media/content/wowproductimages/medium/800774.jpg,2020-09-10 15:57:20,,0,,True
Woolworths Supermarket,Lunch Box,Woolworths Mini Choc Chip Muffin 8 pack,883004,$3.50,$1.09 / 100G,https://www.woolworths.com.au/shop/productdetails/883004/woolworths-mini-choc-chip-muffin,https://cdn0.woolworths.media/content/wowproductimages/medium/883004.jpg,2020-09-10 15:57:20,Average product rating out of 5: 4.1. Product score is based on 939 ratings,939,,True
Woolworths Supermarket,Lunch Box,Western Star Supersoft Spreadable 500g,199420,$6.00,$1.20 / 100G,https://www.woolworths.com.au/shop/productdetails/199420/western-star-supersoft-spreadable,https://cdn0.woolworths.media/content/wowproductimages/medium/199420.jpg,2020-09-10 15:57:20,,0,,True
Woolworths Supermarket,Lunch Box,Mission Wraps Mini Original 8 pack,320195,$5.00,$1.30 / 100G,https://www.woolworths.com.au/shop/productdetails/320195/mission-wraps-mini-original,https://cdn0.woolworths.media/content/wowproductimages/medium/320195.jpg,2020-09-10 15:57:20,,0,,True
Woolworths Supermarket,Lunch Box,Woolworths Extra Tasty Cheese Block 500g,310238,$6.00,$12.00 / 1KG,https://www.woolworths.com.au/shop/productdetails/310238/woolworths-extra-tasty-cheese-block,https://cdn0.woolworths.media/content/wowproductimages/medium/310238.jpg,2020-09-10 15:57:20,Average product rating out of 5: 4.7. Product score is based on 854 ratings,854,,True
Woolworths Supermarket,Lunch Box,Uncle Tobys Le Snak Tasty Cheese Dip & Crackers 12 pack,248197,$7.60,$2.88 / 100G,https://www.woolworths.com.au/shop/productdetails/248197/uncle-tobys-le-snak-tasty-cheese-dip-crackers,https://cdn0.woolworths.media/content/wowproductimages/medium/248197.jpg,2020-09-10 15:57:20,,0,,True
Woolworths Supermarket,Lunch Box,Woolworths Apple & Blackcurrant Juice 6x250ml,729169,$2.30,$1.53 / 1L,https://www.woolworths.com.au/shop/productdetails/729169/woolworths-apple-blackcurrant-juice,https://cdn0.woolworths.media/content/wowproductimages/medium/729169.jpg,2020-09-10 15:57:20,Average product rating out of 5: 4.4. Product score is based on 330 ratings,330,,True
Woolworths Supermarket,Lunch Box,Coon Cheese Slices Tasty 750g,187899,$10.00,$13.33 / 1KG,https://www.woolworths.com.au/shop/productdetails/187899/coon-cheese-slices-tasty,https://cdn0.woolworths.media/content/wowproductimages/medium/187899.jpg,2020-09-10 15:57:20,,0,Was $12.00 07/07/2020,True
Woolworths Supermarket,Lunch Box,Philadelphia Cream Cheese Spread 250g,079223,$4.70,$18.80 / 1KG,https://www.woolworths.com.au/shop/productdetails/79223/philadelphia-cream-cheese-spread,https://cdn0.woolworths.media/content/wowproductimages/medium/079223.jpg,2020-09-10 15:57:20,,0,,True
Woolworths Supermarket,Lunch Box,Woolworths Mini Banana Muffin 8 pack,607875,$3.50,$1.09 / 100G,https://www.woolworths.com.au/shop/productdetails/607875/woolworths-mini-banana-muffin,https://cdn0.woolworths.media/content/wowproductimages/medium/607875.jpg,2020-09-10 15:57:20,Average product rating out of 5: 4.2. Product score is based on 987 ratings,987,,True
Woolworths Supermarket,Lunch Box,Woolworths Bread Four Seed Loaf 800G,244061,$2.00,$0.25 / 100G,https://www.woolworths.com.au/shop/productdetails/244061/woolworths-bread-four-seed-loaf,https://cdn0.woolworths.media/content/wowproductimages/medium/244061.jpg,2020-09-10 15:57:20,,0,,True
Woolworths Supermarket,Lunch Box,Tip Top Sunblest White Sandwich Bread 650g,019899,$3.00,$0.46 / 100G,https://www.woolworths.com.au/shop/productdetails/19899/tip-top-sunblest-white-sandwich-bread,https://cdn0.woolworths.media/content/wowproductimages/medium/019899.jpg,2020-09-10 15:57:20,,0,,True
Woolworths Supermarket,Lunch Box,Helga's Wholemeal Bread With Grains 850G,075035,$3.90,$0.46 / 100G,https://www.woolworths.com.au/shop/productdetails/75035/helga-s-wholemeal-bread-with-grains,https://cdn0.woolworths.media/content/wowproductimages/medium/075035.jpg,2020-09-10 15:57:20,,0,,True
Woolworths Supermarket,Lunch Box,Uncle Tobys Roll-ups Strawberry Fun Prints 6 pack,324231,$2.00,$2.13 / 100G,https://www.woolworths.com.au/shop/productdetails/324231/uncle-tobys-roll-ups-strawberry-fun-prints,https://cdn0.woolworths.media/content/wowproductimages/medium/324231.jpg,2020-09-10 15:57:20,,0,,True
Woolworths Supermarket,Lunch Box,Nestle Muesli Bars Lunch Box Favourites 15 pack,597603,$6.00,$1.28 / 100G,https://www.woolworths.com.au/shop/productdetails/597603/nestle-muesli-bars-lunch-box-favourites,https://cdn0.woolworths.media/content/wowproductimages/medium/597603.jpg,2020-09-10 15:57:20,,0,Was $6.80 24/04/2017,True
Woolworths Supermarket,Lunch Box,Smith's Multipack Crinkle Cut Variety 20 pack,245856,$5.50,$1.45 / 100G,https://www.woolworths.com.au/shop/productdetails/245856/smith-s-multipack-crinkle-cut-variety,https://cdn0.woolworths.media/content/wowproductimages/medium/245856.jpg,2020-09-10 15:57:20,,0,2 for $9.80,True
Woolworths Supermarket,Lunch Box,Woolworths Lamington Fingers 18 pack,957610,$2.50,$0.71 / 100G,https://www.woolworths.com.au/shop/productdetails/957610/woolworths-lamington-fingers,https://cdn0.woolworths.media/content/wowproductimages/medium/957610.jpg,2020-09-10 15:57:20,Average product rating out of 5: 4.5. Product score is based on 430 ratings,430,,True
Woolworths Supermarket,Lunch Box,Woolworths Fresh Food Kids Mini Apples 5 pack,588064,$2.50,$0.50 / 1EA,https://www.woolworths.com.au/shop/productdetails/588064/woolworths-fresh-food-kids-mini-apples,https://cdn0.woolworths.media/content/wowproductimages/medium/588064.jpg,2020-09-10 15:57:20,Average product rating out of 5: 4.3. Product score is based on 521 ratings,521,,True
Woolworths Supermarket,Lunch Box,Oreo Wafers Biscuit 10 pack,729836,$2.40,$1.88 / 100G,https://www.woolworths.com.au/shop/productdetails/729836/oreo-wafers-biscuit,https://cdn0.woolworths.media/content/wowproductimages/medium/729836.jpg,2020-09-10 15:57:20,,0,,True
Woolworths Supermarket,Lunch Box,Vege Chips Multi 12 Pack 250g,057855,$8.80,$3.52 / 100G,https://www.woolworths.com.au/shop/productdetails/57855/vege-chips-multi-12-pack,https://cdn0.woolworths.media/content/wowproductimages/medium/057855.jpg,2020-09-10 15:57:20,Average product rating out of 5: 4.6. Product score is based on 42 ratings,42,,True
Woolworths Supermarket,Lunch Box,Arnott's Jatz Mini Multipack 184g,689838,$3.00,$1.63 / 100G,https://www.woolworths.com.au/shop/productdetails/689838/arnott-s-jatz-mini-multipack,https://cdn0.woolworths.media/content/wowproductimages/medium/689838.jpg,2020-09-10 15:57:20,,0,,True
Woolworths Supermarket,Lunch Box,Sunbeam Sultanas 6x40g,039667,$3.00,$12.50 / 1KG,https://www.woolworths.com.au/shop/productdetails/39667/sunbeam-sultanas,https://cdn0.woolworths.media/content/wowproductimages/medium/039667.jpg,2020-09-10 15:57:20,,0,,True
Woolworths Supermarket,Lunch Box,Iceberg Lettuce each,154340,$2.90,$2.90 / 1EA,https://www.woolworths.com.au/shop/productdetails/154340/iceberg-lettuce,https://cdn0.woolworths.media/content/wowproductimages/medium/154340.jpg,2020-09-10 15:57:20,,0,,True
Woolworths Supermarket,Lunch Box,Woolworths Crispbread & Cheese Cheddar Dip 12 pack,248801,$4.00,$1.33 / 100G,https://www.woolworths.com.au/shop/productdetails/248801/woolworths-crispbread-cheese-cheddar-dip,https://cdn0.woolworths.media/content/wowproductimages/medium/248801.jpg,2020-09-10 15:57:20,Average product rating out of 5: 4.1. Product score is based on 210 ratings,210,,True
Woolworths Supermarket,Lunch Box,Woolworths Fruit Drink 35% Tropical 6x250ml,503111,$2.00,$1.33 / 1L,https://www.woolworths.com.au/shop/productdetails/503111/woolworths-fruit-drink-35-tropical,https://cdn0.woolworths.media/content/wowproductimages/medium/503111.jpg,2020-09-10 15:57:20,Average product rating out of 5: 4.1. Product score is based on 199 ratings,199,,True
Woolworths Supermarket,Lunch Box,Woolworths Fresh Food Kids Mini Pears 5 PACK,588302,$2.50,$0.50 / 1EA,https://www.woolworths.com.au/shop/productdetails/588302/woolworths-fresh-food-kids-mini-pears,https://cdn0.woolworths.media/content/wowproductimages/medium/588302.jpg,2020-09-10 15:57:20,Average product rating out of 5: 4.2. Product score is based on 465 ratings,465,,True
Woolworths Supermarket,Lunch Box,Woolworths Cr√®me Wafer Minis 6 pack,825167,$2.50,$1.43 / 100G,https://www.woolworths.com.au/shop/productdetails/825167/woolworths-cr-me-wafer-minis,https://cdn0.woolworths.media/content/wowproductimages/medium/825167.jpg,2020-09-10 15:57:20,Average product rating out of 5: 4.2. Product score is based on 587 ratings,587,,True
Woolworths Supermarket,Lunch Box,Woolworths Mini Mighty Cheese Pinwheel 8 pack,512256,$4.00,$0.50 / 1EA,https://www.woolworths.com.au/shop/productdetails/512256/woolworths-mini-mighty-cheese-pinwheel,https://cdn0.woolworths.media/content/wowproductimages/medium/512256.jpg,2020-09-10 15:57:20,,0,,True
Woolworths Supermarket,Lunch Box,Woolworths Sweet & Juicy Mandarins 750G PREPACK,591940,$3.90,$5.20 / 1KG,https://www.woolworths.com.au/shop/productdetails/591940/woolworths-sweet-juicy-mandarins,https://cdn0.woolworths.media/content/wowproductimages/medium/591940.jpg,2020-09-10 15:57:20,,0,,True
Woolworths Supermarket,Lunch Box,Ribena Blackcurrant Drink 6 pack,194667,$3.00,$2.00 / 1L,https://www.woolworths.com.au/shop/productdetails/194667/ribena-blackcurrant-drink,https://cdn0.woolworths.media/content/wowproductimages/medium/194667.jpg,2020-09-10 15:57:20,,0,Was $3.55 24/09/2018,True
Woolworths Supermarket,Lunch Box,Babybel Mini Cheese Portions 100g,295443,$4.80,$48.00 / 1KG,https://www.woolworths.com.au/shop/productdetails/295443/babybel-mini-cheese-portions,https://cdn0.woolworths.media/content/wowproductimages/medium/295443.jpg,2020-09-10 15:57:20,,0,,True
Woolworths Supermarket,Lunch Box,Kellogg's Lcms Yoghurty Split Stix Snack Bars 138g,312255,$4.00,$2.90 / 100G,https://www.woolworths.com.au/shop/productdetails/312255/kellogg-s-lcms-yoghurty-split-stix-snack-bars,https://cdn0.woolworths.media/content/wowproductimages/medium/312255.jpg,2020-09-10 15:57:20,,0,,True
Woolworths Supermarket,Lunch Box,Laughing Cow Cheese Original 128g,346555,$3.00,$23.44 / 1KG,https://www.woolworths.com.au/shop/productdetails/346555/laughing-cow-cheese-original,https://cdn0.woolworths.media/content/wowproductimages/medium/346555.jpg,2020-09-10 15:57:20,,0,,True
Woolworths Supermarket,Lunch Box,Calbee Harvest Snaps Original Salted 5 pack,669791,$3.50,$4.38 / 100G,https://www.woolworths.com.au/shop/productdetails/669791/calbee-harvest-snaps-original-salted,https://cdn0.woolworths.media/content/wowproductimages/medium/669791.jpg,2020-09-10 15:57:20,,0,2 for $5.00,True
Woolworths Supermarket,Lunch Box,Real Foods Corn Thins Original 150g,071422,$1.80,$1.20 / 100G,https://www.woolworths.com.au/shop/productdetails/71422/real-foods-corn-thins-original,https://cdn0.woolworths.media/content/wowproductimages/medium/071422.jpg,2020-09-10 15:57:20,,0,,True
Woolworths Supermarket,Lunch Box,Woolworths Red Seedless Watermelon Quarter Each,120384,$6.63,$6.63 / 1KG,https://www.woolworths.com.au/shop/productdetails/120384/woolworths-red-seedless-watermelon-quarter,https://cdn0.woolworths.media/content/wowproductimages/medium/120384.jpg,2020-09-10 15:57:20,,0,,True
Woolworths Supermarket,Lunch Box,Kellogg's K-time Baked Twists Strawberry & Yoghurt Flavour Snack Bars 185g,722766,$4.00,$2.16 / 100G,https://www.woolworths.com.au/shop/productdetails/722766/kellogg-s-k-time-baked-twists-strawberry-yoghurt-flavour-snack-bars,https://cdn0.woolworths.media/content/wowproductimages/medium/722766.jpg,2020-09-10 15:57:20,,0,,True
Woolworths Supermarket,Lunch Box,Golden Days Snacks Sesame Snaps 3x40g,008519,$2.50,$2.08 / 100G,https://www.woolworths.com.au/shop/productdetails/8519/golden-days-snacks-sesame-snaps,https://cdn0.woolworths.media/content/wowproductimages/medium/008519.jpg,2020-09-10 15:57:20,Average product rating out of 5: 4.8. Product score is based on 32 ratings,32,,True
Woolworths Supermarket,Lunch Box,Tip Top The One Sandwich Bread White 700g,713816,$3.40,$0.49 / 100G,https://www.woolworths.com.au/shop/productdetails/713816/tip-top-the-one-sandwich-bread-white,https://cdn0.woolworths.media/content/wowproductimages/medium/713816.jpg,2020-09-10 15:57:20,,0,,True
Woolworths Supermarket,Lunch Box,Woolworths Single Leaf Baby Spinach 280g,524336,$5.00,$17.86 / 1KG,https://www.woolworths.com.au/shop/productdetails/524336/woolworths-single-leaf-baby-spinach,https://cdn0.woolworths.media/content/wowproductimages/medium/524336.jpg,2020-09-10 15:57:20,Average product rating out of 5: 4.8. Product score is based on 532 ratings,532,,True
Woolworths Supermarket,Lunch Box,Hass Avocado each,120080,$3.00,$3.00 / 1EA,https://www.woolworths.com.au/shop/productdetails/120080/hass-avocado,https://cdn0.woolworths.media/content/wowproductimages/medium/120080.jpg,2020-09-10 15:57:20,,0,,True
Woolworths Supermarket,Lunch Box,Fresh Blueberries 125g,169792,$2.50,$20.00 / 1KG,https://www.woolworths.com.au/shop/productdetails/169792/fresh-blueberries,https://cdn0.woolworths.media/content/wowproductimages/medium/169792.jpg,2020-09-10 15:57:20,,0,,True
Woolworths Supermarket,Lunch Box,Woolworths Solanato Tomato 200g,727144,$3.50,$17.50 / 1KG,https://www.woolworths.com.au/shop/productdetails/727144/woolworths-solanato-tomato,https://cdn0.woolworths.media/content/wowproductimages/medium/727144.jpg,2020-09-10 15:57:20,Average product rating out of 5: 4.7. Product score is based on 465 ratings,465,,True
Woolworths Supermarket,Lunch Box,Fresh Pink Lady Apples each,105919,$0.97,$0.97 / 1EA,https://www.woolworths.com.au/shop/productdetails/105919/fresh-pink-lady-apples,https://cdn0.woolworths.media/content/wowproductimages/medium/105919.jpg,2020-09-10 15:57:20,,0,,True
Woolworths Supermarket,Lunch Box,Select Fresh Pink Lady Apples 1kg,310968,$4.90,$4.90 / 1KG,https://www.woolworths.com.au/shop/productdetails/310968/select-fresh-pink-lady-apples,https://cdn0.woolworths.media/content/wowproductimages/medium/310968.jpg,2020-09-10 15:57:20,,0,,True
Woolworths Supermarket,Lunch Box,Woolworths Baby Leaf Spinach 120g,524322,$3.00,$25.00 / 1KG,https://www.woolworths.com.au/shop/productdetails/524322/woolworths-baby-leaf-spinach,https://cdn0.woolworths.media/content/wowproductimages/medium/524322.jpg,2020-09-10 15:57:20,Average product rating out of 5: 4.7. Product score is based on 2842 ratings,2842,,True
Woolworths Supermarket,Lunch Box,Fresh Strawberry 250G,144607,$1.50,$6.00 / 1KG,https://www.woolworths.com.au/shop/productdetails/144607/fresh-strawberry,https://cdn0.woolworths.media/content/wowproductimages/medium/144607.jpg,2020-09-10 15:57:20,,0,,True
Woolworths Supermarket,Lunch Box,Iceberg Lettuce each,154340,$2.90,$2.90 / 1EA,https://www.woolworths.com.au/shop/productdetails/154340/iceberg-lettuce,https://cdn0.woolworths.media/content/wowproductimages/medium/154340.jpg,2020-09-10 15:57:20,,0,,True
Woolworths Supermarket,Lunch Box,Western Star Original Spreadable 500g,069756,$6.00,$1.20 / 100G,https://www.woolworths.com.au/shop/productdetails/69756/western-star-original-spreadable,https://cdn0.woolworths.media/content/wowproductimages/medium/069756.jpg,2020-09-10 15:57:20,,0,,True
Woolworths Supermarket,Lunch Box,Woolworths Fresh Carrots 1KG,135369,$1.50,$1.50 / 1KG,https://www.woolworths.com.au/shop/productdetails/135369/woolworths-fresh-carrots,https://cdn0.woolworths.media/content/wowproductimages/medium/135369.jpg,2020-09-10 15:57:20,,0,,True
Woolworths Supermarket,Lunch Box,Woolworths Cherry Tomatoes 250g,149620,$3.50,$14.00 / 1KG,https://www.woolworths.com.au/shop/productdetails/149620/woolworths-cherry-tomatoes,https://cdn0.woolworths.media/content/wowproductimages/medium/149620.jpg,2020-09-10 15:57:20,,0,,True
Woolworths Supermarket,Lunch Box,Woolworths Red Seedless Watermelon Quarter Each,120384,$6.63,$6.63 / 1KG,https://www.woolworths.com.au/shop/productdetails/120384/woolworths-red-seedless-watermelon-quarter,https://cdn0.woolworths.media/content/wowproductimages/medium/120384.jpg,2020-09-10 15:57:20,,0,,True
Woolworths Supermarket,Lunch Box,Onion Red EACH,144497,$0.53,$0.53 / 0,https://www.woolworths.com.au/shop/productdetails/144497/onion-red,https://cdn0.woolworths.media/content/wowproductimages/medium/144497.jpg,2020-09-10 15:57:20,,0,,True
Woolworths Supermarket,Lunch Box,Fresh Tomato each,134034,$0.65,$0.65 / 1EA,https://www.woolworths.com.au/shop/productdetails/134034/fresh-tomato,https://cdn0.woolworths.media/content/wowproductimages/medium/134034.jpg,2020-09-10 15:57:20,,0,,True
Woolworths Supermarket,Lunch Box,Select Continental Cucumbers each,137102,$3.00,,https://www.woolworths.com.au/shop/productdetails/137102/select-continental-cucumbers,https://cdn0.woolworths.media/content/wowproductimages/medium/137102.jpg,2020-09-10 15:57:20,,0,,True
Woolworths Supermarket,Lunch Box,Woolworths Baby Spinach Salad Bag 60g,379515,$2.00,$33.33 / 1KG,https://www.woolworths.com.au/shop/productdetails/379515/woolworths-baby-spinach-salad-bag,https://cdn0.woolworths.media/content/wowproductimages/medium/379515.jpg,2020-09-10 15:57:20,Average product rating out of 5: 4.7. Product score is based on 725 ratings,725,,True
Woolworths Supermarket,Lunch Box,Cavendish Bananas EACH,133211,$0.54,$0.54 / 1KG,https://www.woolworths.com.au/shop/productdetails/133211/cavendish-bananas,https://cdn0.woolworths.media/content/wowproductimages/medium/133211.jpg,2020-09-10 15:57:20,,0,,True
Woolworths Supermarket,Lunch Box,Woolworths Qukes Baby Cucumbers Punnet 250g,169067,$4.00,$16.00 / 1KG,https://www.woolworths.com.au/shop/productdetails/169067/woolworths-qukes-baby-cucumbers-punnet,https://cdn0.woolworths.media/content/wowproductimages/medium/169067.jpg,2020-09-10 15:57:20,,0,,True
Woolworths Supermarket,Lunch Box,Infuzions Veggie Straws 5 pack,453873,$3.20,$4.27 / 100G,https://www.woolworths.com.au/shop/productdetails/453873/infuzions-veggie-straws,https://cdn0.woolworths.media/content/wowproductimages/medium/453873.jpg,2020-09-10 15:57:20,,0,2 for $5.00,True
Woolworths Supermarket,Lunch Box,Arnott's Shapes Mini Chicken Crimpy 8 pack,641535,$3.00,$1.50 / 100G,https://www.woolworths.com.au/shop/productdetails/641535/arnott-s-shapes-mini-chicken-crimpy,https://cdn0.woolworths.media/content/wowproductimages/medium/641535.jpg,2020-09-10 15:57:20,,0,,True
Woolworths Supermarket,Lunch Box,Ritz Mini Multipack 150g,971576,$3.20,$2.13 / 100G,https://www.woolworths.com.au/shop/productdetails/971576/ritz-mini-multipack,https://cdn0.woolworths.media/content/wowproductimages/medium/971576.jpg,2020-09-10 15:57:20,,0,,True
Woolworths Supermarket,Lunch Box,Woolworths Fresh Donuts Cinnamon 12 pack,038214,$3.00,$0.25 / 1EA,https://www.woolworths.com.au/shop/productdetails/38214/woolworths-fresh-donuts-cinnamon,https://cdn0.woolworths.media/content/wowproductimages/medium/038214.jpg,2020-09-10 15:57:20,Average product rating out of 5: 4.2. Product score is based on 591 ratings,591,Was $4 29/08/2016,True
Woolworths Supermarket,Lunch Box,Laughing Cow Cheez Dippers 140g,702391,$4.50,$32.14 / 1KG,https://www.woolworths.com.au/shop/productdetails/702391/laughing-cow-cheez-dippers,https://cdn0.woolworths.media/content/wowproductimages/medium/702391.jpg,2020-09-10 15:57:20,,0,,True
Woolworths Supermarket,Lunch Box,Woolworths Apple & Blackcurrant Juice 6x250ml,729169,$2.30,$1.53 / 1L,https://www.woolworths.com.au/shop/productdetails/729169/woolworths-apple-blackcurrant-juice,https://cdn0.woolworths.media/content/wowproductimages/medium/729169.jpg,2020-09-10 15:57:20,Average product rating out of 5: 4.4. Product score is based on 330 ratings,330,,True
Woolworths Supermarket,Lunch Box,Yoplait Petit Miam Strawberry 70G,312191,$0.80,$1.14 / 100G,https://www.woolworths.com.au/shop/productdetails/312191/yoplait-petit-miam-strawberry,https://cdn0.woolworths.media/content/wowproductimages/medium/312191.jpg,2020-09-10 15:57:20,,0,,True
Woolworths Supermarket,Lunch Box,Woolworths Mini Croissant 8 pack,333359,$4.00,$0.50 / 1EA,https://www.woolworths.com.au/shop/productdetails/333359/woolworths-mini-croissant,https://cdn0.woolworths.media/content/wowproductimages/medium/333359.jpg,2020-09-10 15:57:20,,0,Was $4.98 12/04/2016,True
Woolworths Supermarket,Lunch Box,Obela Grab & Go Roast Capsicum Hommus 125g,780072,$3.00,$2.40 / 100G,https://www.woolworths.com.au/shop/productdetails/780072/obela-grab-go-roast-capsicum-hommus,https://cdn0.woolworths.media/content/wowproductimages/medium/780072.jpg,2020-09-10 15:57:20,,0,,True
Woolworths Supermarket,Lunch Box,Armada Select Resealable Snack Bags 50 pack,824734,$1.60,$0.03 / 1EA,https://www.woolworths.com.au/shop/productdetails/824734/armada-select-resealable-snack-bags,https://cdn0.woolworths.media/content/wowproductimages/medium/824734.jpg,2020-09-10 15:57:20,Average product rating out of 5: 4.5. Product score is based on 291 ratings,291,,True
Woolworths Supermarket,Lunch Box,Sistema Coolers Maxi Fold Up Lunch each,310586,$5.00,,https://www.woolworths.com.au/shop/productdetails/310586/sistema-coolers-maxi-fold-up-lunch,https://cdn0.woolworths.media/content/wowproductimages/medium/310586.jpg,2020-09-10 15:57:20,,0,Designs may vary,True
Woolworths Supermarket,Lunch Box,Obela Classic Tzatziki To Go Dip 125g,621149,$3.00,$2.40 / 100G,https://www.woolworths.com.au/shop/productdetails/621149/obela-classic-tzatziki-to-go-dip,https://cdn0.woolworths.media/content/wowproductimages/medium/621149.jpg,2020-09-10 15:57:20,,0,,True
Woolworths Supermarket,Lunch Box,Woolworths Pear In Raspberry Flavoured Jelly 4X120G,245393,$2.20,$4.58 / 1KG,https://www.woolworths.com.au/shop/productdetails/245393/woolworths-pear-in-raspberry-flavoured-jelly,https://cdn0.woolworths.media/content/wowproductimages/medium/245393.jpg,2020-09-10 15:57:20,Average product rating out of 5: 3.4. Product score is based on 275 ratings,275,Was $3.49 08/08/16,True
Woolworths Supermarket,Lunch Box,Nestle Uncle Tobys Le Snak Cheddar Cheese Dip & Crackers 12 pack,248199,$7.60,$2.88 / 100G,https://www.woolworths.com.au/shop/productdetails/248199/nestle-uncle-tobys-le-snak-cheddar-cheese-dip-crackers,https://cdn0.woolworths.media/content/wowproductimages/medium/248199.jpg,2020-09-10 15:57:20,,0,,True
Woolworths Supermarket,Lunch Box,Essentials Assorted Flavours Fruit Bars 25 pack,295228,$3.70,$0.74 / 100G,https://www.woolworths.com.au/shop/productdetails/295228/essentials-assorted-flavours-fruit-bars,https://cdn0.woolworths.media/content/wowproductimages/medium/295228.jpg,2020-09-10 15:57:20,Average product rating out of 5: 3.4. Product score is based on 367 ratings,367,,True
Woolworths Supermarket,Lunch Box,Yoplait Petit Miam Blueberry 70g,374587,$0.80,$1.14 / 100G,https://www.woolworths.com.au/shop/productdetails/374587/yoplait-petit-miam-blueberry,https://cdn0.woolworths.media/content/wowproductimages/medium/374587.jpg,2020-09-10 15:57:20,,0,,True
Woolworths Supermarket,Lunch Box,Woolworths Tasty Cheese Sticks 160g,453303,$4.50,$28.13 / 1KG,https://www.woolworths.com.au/shop/productdetails/453303/woolworths-tasty-cheese-sticks,https://cdn0.woolworths.media/content/wowproductimages/medium/453303.jpg,2020-09-10 15:57:20,Average product rating out of 5: 4.1. Product score is based on 1031 ratings,1031,,True
Woolworths Supermarket,Lunch Box,Uncle Tobys Muesli Bars Choc Chip 15 pack,597602,$6.00,$1.28 / 100G,https://www.woolworths.com.au/shop/productdetails/597602/uncle-tobys-muesli-bars-choc-chip,https://cdn0.woolworths.media/content/wowproductimages/medium/597602.jpg,2020-09-10 15:57:20,,0,Was $6.80 24/04/2017,True
Woolworths Supermarket,Lunch Box,Sanitarium Up&go Liquid Breakfast Choc Ice 12 pack,717255,$13.00,$4.33 / 1L,https://www.woolworths.com.au/shop/productdetails/717255/sanitarium-up-go-liquid-breakfast-choc-ice,https://cdn0.woolworths.media/content/wowproductimages/medium/717255.jpg,2020-09-10 15:57:20,,0,,True
Woolworths Supermarket,Lunch Box,Fresh Tomato each,134034,$0.65,$0.65 / 1EA,https://www.woolworths.com.au/shop/productdetails/134034/fresh-tomato,https://cdn0.woolworths.media/content/wowproductimages/medium/134034.jpg,2020-09-10 15:57:20,,0,,True
Woolworths Supermarket,Lunch Box,Select Continental Cucumbers each,137102,$3.00,,https://www.woolworths.com.au/shop/productdetails/137102/select-continental-cucumbers,https://cdn0.woolworths.media/content/wowproductimages/medium/137102.jpg,2020-09-10 15:57:20,,0,,True
Woolworths Supermarket,Lunch Box,Sunrice Rice Cakes Sea Salt & Balsamic Vinegar 195g,248362,$2.70,$1.38 / 100G,https://www.woolworths.com.au/shop/productdetails/248362/sunrice-rice-cakes-sea-salt-balsamic-vinegar,https://cdn0.woolworths.media/content/wowproductimages/medium/248362.jpg,2020-09-10 15:57:20,,0,,True
Woolworths Supermarket,Lunch Box,Vegemite Spread 150g,281263,$3.50,$2.33 / 100G,https://www.woolworths.com.au/shop/productdetails/281263/vegemite-spread,https://cdn0.woolworths.media/content/wowproductimages/medium/281263.jpg,2020-09-10 15:57:20,,0,,True
Woolworths Supermarket,Lunch Box,Woolworths Fresh Granny Smith Apples 1kg,310966,$4.90,$4.90 / 1KG,https://www.woolworths.com.au/shop/productdetails/310966/woolworths-fresh-granny-smith-apples,https://cdn0.woolworths.media/content/wowproductimages/medium/310966.jpg,2020-09-10 15:57:20,,0,,True
Woolworths Supermarket,Lunch Box,Tip Top The One Sandwich Bread White 700g,713816,$3.40,$0.49 / 100G,https://www.woolworths.com.au/shop/productdetails/713816/tip-top-the-one-sandwich-bread-white,https://cdn0.woolworths.media/content/wowproductimages/medium/713816.jpg,2020-09-10 15:57:20,,0,,True
Woolworths Supermarket,Lunch Box,Woolworths Qukes Baby Cucumbers Punnet 250g,169067,$4.00,$16.00 / 1KG,https://www.woolworths.com.au/shop/productdetails/169067/woolworths-qukes-baby-cucumbers-punnet,https://cdn0.woolworths.media/content/wowproductimages/medium/169067.jpg,2020-09-10 15:57:20,,0,,True
Woolworths Supermarket,Lunch Box,Western Star Original Spreadable 500g,069756,$6.00,$1.20 / 100G,https://www.woolworths.com.au/shop/productdetails/69756/western-star-original-spreadable,https://cdn0.woolworths.media/content/wowproductimages/medium/069756.jpg,2020-09-10 15:57:20,,0,,True
Woolworths Supermarket,Lunch Box,Woolworths Baby Leaf Spinach 120g,524322,$3.00,$25.00 / 1KG,https://www.woolworths.com.au/shop/productdetails/524322/woolworths-baby-leaf-spinach,https://cdn0.woolworths.media/content/wowproductimages/medium/524322.jpg,2020-09-10 15:57:20,Average product rating out of 5: 4.7. Product score is based on 2842 ratings,2842,,True
Woolworths Supermarket,Lunch Box,Woolworths Baby Spinach Salad Bag 60g,379515,$2.00,$33.33 / 1KG,https://www.woolworths.com.au/shop/productdetails/379515/woolworths-baby-spinach-salad-bag,https://cdn0.woolworths.media/content/wowproductimages/medium/379515.jpg,2020-09-10 15:57:20,Average product rating out of 5: 4.7. Product score is based on 725 ratings,725,,True
Woolworths Supermarket,Lunch Box,Woolworths Solanato Tomato 200g,727144,$3.50,$17.50 / 1KG,https://www.woolworths.com.au/shop/productdetails/727144/woolworths-solanato-tomato,https://cdn0.woolworths.media/content/wowproductimages/medium/727144.jpg,2020-09-10 15:57:20,Average product rating out of 5: 4.7. Product score is based on 465 ratings,465,,True
Woolworths Supermarket,Lunch Box,Fresh Blueberries 125g,169792,$2.50,$20.00 / 1KG,https://www.woolworths.com.au/shop/productdetails/169792/fresh-blueberries,https://cdn0.woolworths.media/content/wowproductimages/medium/169792.jpg,2020-09-10 15:57:20,,0,,True
Woolworths Supermarket,Lunch Box,Fresh Pink Lady Apples each,105919,$0.97,$0.97 / 1EA,https://www.woolworths.com.au/shop/productdetails/105919/fresh-pink-lady-apples,https://cdn0.woolworths.media/content/wowproductimages/medium/105919.jpg,2020-09-10 15:57:20,,0,,True
Woolworths Supermarket,Lunch Box,Onion Red EACH,144497,$0.53,$0.53 / 0,https://www.woolworths.com.au/shop/productdetails/144497/onion-red,https://cdn0.woolworths.media/content/wowproductimages/medium/144497.jpg,2020-09-10 15:57:20,,0,,True
Woolworths Supermarket,Lunch Box,Cavendish Bananas EACH,133211,$0.54,$0.54 / 1KG,https://www.woolworths.com.au/shop/productdetails/133211/cavendish-bananas,https://cdn0.woolworths.media/content/wowproductimages/medium/133211.jpg,2020-09-10 15:57:20,,0,,True
Woolworths Supermarket,Lunch Box,Iceberg Lettuce each,154340,$2.90,$2.90 / 1EA,https://www.woolworths.com.au/shop/productdetails/154340/iceberg-lettuce,https://cdn0.woolworths.media/content/wowproductimages/medium/154340.jpg,2020-09-10 15:57:20,,0,,True
Woolworths Supermarket,Lunch Box,Woolworths Red Seedless Watermelon Quarter Each,120384,$6.63,$6.63 / 1KG,https://www.woolworths.com.au/shop/productdetails/120384/woolworths-red-seedless-watermelon-quarter,https://cdn0.woolworths.media/content/wowproductimages/medium/120384.jpg,2020-09-10 15:57:20,,0,,True
Woolworths Supermarket,Lunch Box,Hass Avocado each,120080,$3.00,$3.00 / 1EA,https://www.woolworths.com.au/shop/productdetails/120080/hass-avocado,https://cdn0.woolworths.media/content/wowproductimages/medium/120080.jpg,2020-09-10 15:57:20,,0,,True
Woolworths Supermarket,Lunch Box,Woolworths Cherry Tomatoes 250g,149620,$3.50,$14.00 / 1KG,https://www.woolworths.com.au/shop/productdetails/149620/woolworths-cherry-tomatoes,https://cdn0.woolworths.media/content/wowproductimages/medium/149620.jpg,2020-09-10 15:57:20,,0,,True
Woolworths Supermarket,Lunch Box,Fresh Tomato each,134034,$0.65,$0.65 / 1EA,https://www.woolworths.com.au/shop/productdetails/134034/fresh-tomato,https://cdn0.woolworths.media/content/wowproductimages/medium/134034.jpg,2020-09-10 15:57:20,,0,,True
Woolworths Supermarket,Lunch Box,Select Fresh Pink Lady Apples 1kg,310968,$4.90,$4.90 / 1KG,https://www.woolworths.com.au/shop/productdetails/310968/select-fresh-pink-lady-apples,https://cdn0.woolworths.media/content/wowproductimages/medium/310968.jpg,2020-09-10 15:57:20,,0,,True
Woolworths Supermarket,Lunch Box,Select Continental Cucumbers each,137102,$3.00,,https://www.woolworths.com.au/shop/productdetails/137102/select-continental-cucumbers,https://cdn0.woolworths.media/content/wowproductimages/medium/137102.jpg,2020-09-10 15:57:20,,0,,True
Woolworths Supermarket,Lunch Box,Woolworths Fresh Carrots 1KG,135369,$1.50,$1.50 / 1KG,https://www.woolworths.com.au/shop/productdetails/135369/woolworths-fresh-carrots,https://cdn0.woolworths.media/content/wowproductimages/medium/135369.jpg,2020-09-10 15:57:20,,0,,True
Woolworths Supermarket,Lunch Box,Woolworths Single Leaf Baby Spinach 280g,524336,$5.00,$17.86 / 1KG,https://www.woolworths.com.au/shop/productdetails/524336/woolworths-single-leaf-baby-spinach,https://cdn0.woolworths.media/content/wowproductimages/medium/524336.jpg,2020-09-10 15:57:20,Average product rating out of 5: 4.8. Product score is based on 532 ratings,532,,True
Woolworths Supermarket,Lunch Box,Fresh Strawberry 250G,144607,$1.50,$6.00 / 1KG,https://www.woolworths.com.au/shop/productdetails/144607/fresh-strawberry,https://cdn0.woolworths.media/content/wowproductimages/medium/144607.jpg,2020-09-10 15:57:20,,0,,True
Woolworths Supermarket,Lunch Box,Uncle Tobys Roll-ups Rainbow Berry 6 pack,324234,$2.00,$2.13 / 100G,https://www.woolworths.com.au/shop/productdetails/324234/uncle-tobys-roll-ups-rainbow-berry,https://cdn0.woolworths.media/content/wowproductimages/medium/324234.jpg,2020-09-10 15:57:20,,0,,True
Woolworths Supermarket,Lunch Box,Decor Lunch Box Ice Pack Small Assorted 2pk,495443,$7.00,,https://www.woolworths.com.au/shop/productdetails/495443/decor-lunch-box-ice-pack-small-assorted,https://cdn0.woolworths.media/content/wowproductimages/medium/495443.jpg,2020-09-10 15:57:20,,0,Designs may vary,True
Woolworths Supermarket,Lunch Box,Woolworths Two Fruits In Juice In Juice 4x125g,744522,$2.20,$4.40 / 1KG,https://www.woolworths.com.au/shop/productdetails/744522/woolworths-two-fruits-in-juice-in-juice,https://cdn0.woolworths.media/content/wowproductimages/medium/744522.jpg,2020-09-10 15:57:20,Average product rating out of 5: 4.3. Product score is based on 2543 ratings,2543,Was $2.50 09/07/2018,True
Woolworths Supermarket,Lunch Box,Sunrice Rice Snacks Salt & Vinegar Mini Bites 160g,793683,$4.00,$2.50 / 100G,https://www.woolworths.com.au/shop/productdetails/793683/sunrice-rice-snacks-salt-vinegar-mini-bites,https://cdn0.woolworths.media/content/wowproductimages/medium/793683.jpg,2020-09-10 15:57:20,Average product rating out of 5: 4.7. Product score is based on 18 ratings,18,Was $4.99 31/07/2017,True
Woolworths Supermarket,Lunch Box,Woolworths Vanilla Yoghurt Pouch 70g,891954,$0.75,$1.07 / 100G,https://www.woolworths.com.au/shop/productdetails/891954/woolworths-vanilla-yoghurt-pouch,https://cdn0.woolworths.media/content/wowproductimages/medium/891954.jpg,2020-09-10 15:57:20,Average product rating out of 5: 4.2. Product score is based on 476 ratings,476,,True
Woolworths Supermarket,Lunch Box,Woolworths Strawberry Yoghurt Pouch 70G,891955,$0.75,$1.07 / 100G,https://www.woolworths.com.au/shop/productdetails/891955/woolworths-strawberry-yoghurt-pouch,https://cdn0.woolworths.media/content/wowproductimages/medium/891955.jpg,2020-09-10 15:57:20,Average product rating out of 5: 4.1. Product score is based on 789 ratings,789,,True
Woolworths Supermarket,Lunch Box,Obela Smooth Classic Hommus Singles 3x60g,925093,$3.00,$1.67 / 100G,https://www.woolworths.com.au/shop/productdetails/925093/obela-smooth-classic-hommus-singles,https://cdn0.woolworths.media/content/wowproductimages/medium/925093.jpg,2020-09-10 15:57:20,,0,,True
Woolworths Supermarket,Lunch Box,Woolworths Iced Donuts 6 pack,007928,$3.00,$0.50 / 1EA,https://www.woolworths.com.au/shop/productdetails/7928/woolworths-iced-donuts,https://cdn0.woolworths.media/content/wowproductimages/medium/007928.jpg,2020-09-10 15:57:20,,0,Was $3.20 01/03/2015,True
Woolworths Supermarket,Lunch Box,Woolworths Bread White Extra Soft Loaf 680G,055656,$2.00,$0.29 / 100G,https://www.woolworths.com.au/shop/productdetails/55656/woolworths-bread-white-extra-soft-loaf,https://cdn0.woolworths.media/content/wowproductimages/medium/055656.jpg,2020-09-10 15:57:20,,0,,True
Woolworths Supermarket,Lunch Box,Woolworths Cherry Tomatoes 250g,149620,$3.50,$14.00 / 1KG,https://www.woolworths.com.au/shop/productdetails/149620/woolworths-cherry-tomatoes,https://cdn0.woolworths.media/content/wowproductimages/medium/149620.jpg,2020-09-10 15:57:20,,0,,True
Woolworths Supermarket,Lunch Box,Paradise Kidz Kids Uglies Snack Pack 10pk 250g,201344,$3.80,$1.52 / 100G,https://www.woolworths.com.au/shop/productdetails/201344/paradise-kidz-kids-uglies-snack-pack-10pk,https://cdn0.woolworths.media/content/wowproductimages/medium/201344.jpg,2020-09-10 15:57:20,,0,Was $5.00 08/01/2018,True
Woolworths Supermarket,Lunch Box,Mission Wraps Original 8 pack,320194,$4.00,$0.71 / 100G,https://www.woolworths.com.au/shop/productdetails/320194/mission-wraps-original,https://cdn0.woolworths.media/content/wowproductimages/medium/320194.jpg,2020-09-10 15:57:20,,0,,True
Woolworths Supermarket,Lunch Box,Twisties Multipack Cheese 6 pack,345305,$3.15,$2.76 / 100G,https://www.woolworths.com.au/shop/productdetails/345305/twisties-multipack-cheese,https://cdn0.woolworths.media/content/wowproductimages/medium/345305.jpg,2020-09-10 15:57:20,,0,2 for $5.00,True
Woolworths Supermarket,Lunch Box,Aunt Betty's Creamy Rice Dessert Natural Vanilla 240g,493529,$3.00,$1.25 / 100G,https://www.woolworths.com.au/shop/productdetails/493529/aunt-betty-s-creamy-rice-dessert-natural-vanilla,https://cdn0.woolworths.media/content/wowproductimages/medium/493529.jpg,2020-09-10 15:57:20,,0,,True
Woolworths Supermarket,Lunch Box,Woolworths Banana Yoghurt Pouch 70g,569764,$0.75,$1.07 / 100G,https://www.woolworths.com.au/shop/productdetails/569764/woolworths-banana-yoghurt-pouch,https://cdn0.woolworths.media/content/wowproductimages/medium/569764.jpg,2020-09-10 15:57:20,Average product rating out of 5: 4.6. Product score is based on 41 ratings,41,,True
Woolworths Supermarket,Lunch Box,Arnott's Tiny Teddy Chocolate 8 pack,689922,$3.00,$1.50 / 100G,https://www.woolworths.com.au/shop/productdetails/689922/arnott-s-tiny-teddy-chocolate,https://cdn0.woolworths.media/content/wowproductimages/medium/689922.jpg,2020-09-10 15:57:20,,0,,True
Woolworths Supermarket,Lunch Box,Kellogg's K-time Baked Twists Strawberry & Blueberry Flavour Snack Bars 185g,724087,$4.00,$2.16 / 100G,https://www.woolworths.com.au/shop/productdetails/724087/kellogg-s-k-time-baked-twists-strawberry-blueberry-flavour-snack-bars,https://cdn0.woolworths.media/content/wowproductimages/medium/724087.jpg,2020-09-10 15:57:20,,0,,True
Woolworths Supermarket,Lunch Box,Woolworths Soya Crisps Snacks 400g pack,750543,$7.00,$17.50 / 1KG,https://www.woolworths.com.au/shop/productdetails/750543/woolworths-soya-crisps-snacks,https://cdn0.woolworths.media/content/wowproductimages/medium/750543.jpg,2020-09-10 15:57:20,Average product rating out of 5: 4.4. Product score is based on 187 ratings,187,,True
Woolworths Supermarket,Lunch Box,Obela Grab & Go Classic Hommus 125g,780071,$3.00,$2.40 / 100G,https://www.woolworths.com.au/shop/productdetails/780071/obela-grab-go-classic-hommus,https://cdn0.woolworths.media/content/wowproductimages/medium/780071.jpg,2020-09-10 15:57:20,,0,,True
Woolworths Supermarket,Lunch Box,Kellogg's K-time Baked Twists Raspberry & Apple Flavour Snack Bars 185g,724085,$4.00,$2.16 / 100G,https://www.woolworths.com.au/shop/productdetails/724085/kellogg-s-k-time-baked-twists-raspberry-apple-flavour-snack-bars,https://cdn0.woolworths.media/content/wowproductimages/medium/724085.jpg,2020-09-10 15:57:20,,0,,True
Woolworths Supermarket,Lunch Box,Cottee's Strawberry Jam 500g,033565,$2.80,$0.56 / 100G,https://www.woolworths.com.au/shop/productdetails/33565/cottee-s-strawberry-jam,https://cdn0.woolworths.media/content/wowproductimages/medium/033565.jpg,2020-09-10 15:57:20,,0,,True
Woolworths Supermarket,Lunch Box,Pop Tops Apple Drink 250ml x6 pack,035849,$3.75,$2.50 / 1L,https://www.woolworths.com.au/shop/productdetails/35849/pop-tops-apple-drink,https://cdn0.woolworths.media/content/wowproductimages/medium/035849.jpg,2020-09-10 15:57:20,,0,,True
Woolworths Supermarket,Lunch Box,Sun Valley True Fruit Bars 100% Tropical Fruit Nas 6 pack,074002,$4.50,$3.75 / 100G,https://www.woolworths.com.au/shop/productdetails/74002/sun-valley-true-fruit-bars-100-tropical-fruit-nas,https://cdn0.woolworths.media/content/wowproductimages/medium/074002.jpg,2020-09-10 15:57:20,Average product rating out of 5: 4.7. Product score is based on 37 ratings,37,,True
Woolworths Supermarket,Lunch Box,Sistema Plasticware Drink Bottle 460ml each,137319,$5.00,,https://www.woolworths.com.au/shop/productdetails/137319/sistema-plasticware-drink-bottle-460ml,https://cdn0.woolworths.media/content/wowproductimages/medium/137319.jpg,2020-09-10 15:57:20,,0,,True
Woolworths Supermarket,Lunch Box,Woolworths Qukes Baby Cucumbers Punnet 250g,169067,$4.00,$16.00 / 1KG,https://www.woolworths.com.au/shop/productdetails/169067/woolworths-qukes-baby-cucumbers-punnet,https://cdn0.woolworths.media/content/wowproductimages/medium/169067.jpg,2020-09-10 15:57:20,,0,,True
Woolworths Supermarket,Lunch Box,Bega Tasty Cheese Slices 500g,769558,$9.00,$18.00 / 1KG,https://www.woolworths.com.au/shop/productdetails/769558/bega-tasty-cheese-slices,https://cdn0.woolworths.media/content/wowproductimages/medium/769558.jpg,2020-09-10 15:57:20,,0,Was $10.00 06/01/2020,True
Woolworths Supermarket,Lunch Box,Hillview Cheese Block 1KG,500187,$8.00,$8.00 / 1KG,https://www.woolworths.com.au/shop/productdetails/500187/hillview-cheese-block,https://cdn0.woolworths.media/content/wowproductimages/medium/500187.jpg,2020-09-10 15:57:20,Average product rating out of 5: 4.5. Product score is based on 66 ratings,66,,True
Woolworths Supermarket,Lunch Box,Woolworths Single Leaf Baby Spinach 280g,524336,$5.00,$17.86 / 1KG,https://www.woolworths.com.au/shop/productdetails/524336/woolworths-single-leaf-baby-spinach,https://cdn0.woolworths.media/content/wowproductimages/medium/524336.jpg,2020-09-10 15:57:20,Average product rating out of 5: 4.8. Product score is based on 532 ratings,532,,True
Woolworths Supermarket,Lunch Box,Woolworths Baby Leaf Spinach 120g,524322,$3.00,$25.00 / 1KG,https://www.woolworths.com.au/shop/productdetails/524322/woolworths-baby-leaf-spinach,https://cdn0.woolworths.media/content/wowproductimages/medium/524322.jpg,2020-09-10 15:57:20,Average product rating out of 5: 4.7. Product score is based on 2842 ratings,2842,,True
Woolworths Supermarket,Lunch Box,Cavendish Bananas EACH,133211,$0.54,$0.54 / 1KG,https://www.woolworths.com.au/shop/productdetails/133211/cavendish-bananas,https://cdn0.woolworths.media/content/wowproductimages/medium/133211.jpg,2020-09-10 15:57:20,,0,,True
Woolworths Supermarket,Lunch Box,Western Star Original Spreadable 500g,069756,$6.00,$1.20 / 100G,https://www.woolworths.com.au/shop/productdetails/69756/western-star-original-spreadable,https://cdn0.woolworths.media/content/wowproductimages/medium/069756.jpg,2020-09-10 15:57:20,,0,,True
Woolworths Supermarket,Lunch Box,Iceberg Lettuce each,154340,$2.90,$2.90 / 1EA,https://www.woolworths.com.au/shop/productdetails/154340/iceberg-lettuce,https://cdn0.woolworths.media/content/wowproductimages/medium/154340.jpg,2020-09-10 15:57:20,,0,,True
Woolworths Supermarket,Lunch Box,Hass Avocado each,120080,$3.00,$3.00 / 1EA,https://www.woolworths.com.au/shop/productdetails/120080/hass-avocado,https://cdn0.woolworths.media/content/wowproductimages/medium/120080.jpg,2020-09-10 15:57:20,,0,,True
Woolworths Supermarket,Lunch Box,Woolworths Red Seedless Watermelon Quarter Each,120384,$6.63,$6.63 / 1KG,https://www.woolworths.com.au/shop/productdetails/120384/woolworths-red-seedless-watermelon-quarter,https://cdn0.woolworths.media/content/wowproductimages/medium/120384.jpg,2020-09-10 15:57:20,,0,,True
Woolworths Supermarket,Lunch Box,Woolworths Solanato Tomato 200g,727144,$3.50,$17.50 / 1KG,https://www.woolworths.com.au/shop/productdetails/727144/woolworths-solanato-tomato,https://cdn0.woolworths.media/content/wowproductimages/medium/727144.jpg,2020-09-10 15:57:20,Average product rating out of 5: 4.7. Product score is based on 465 ratings,465,,True
Woolworths Supermarket,Lunch Box,Fresh Blueberries 125g,169792,$2.50,$20.00 / 1KG,https://www.woolworths.com.au/shop/productdetails/169792/fresh-blueberries,https://cdn0.woolworths.media/content/wowproductimages/medium/169792.jpg,2020-09-10 15:57:20,,0,,True
Woolworths Supermarket,Lunch Box,Fresh Strawberry 250G,144607,$1.50,$6.00 / 1KG,https://www.woolworths.com.au/shop/productdetails/144607/fresh-strawberry,https://cdn0.woolworths.media/content/wowproductimages/medium/144607.jpg,2020-09-10 15:57:20,,0,,True
Woolworths Supermarket,Lunch Box,Fresh Pink Lady Apples each,105919,$0.97,$0.97 / 1EA,https://www.woolworths.com.au/shop/productdetails/105919/fresh-pink-lady-apples,https://cdn0.woolworths.media/content/wowproductimages/medium/105919.jpg,2020-09-10 15:57:20,,0,,True
Woolworths Supermarket,Lunch Box,Woolworths Cherry Tomatoes 250g,149620,$3.50,$14.00 / 1KG,https://www.woolworths.com.au/shop/productdetails/149620/woolworths-cherry-tomatoes,https://cdn0.woolworths.media/content/wowproductimages/medium/149620.jpg,2020-09-10 15:57:20,,0,,True
Woolworths Supermarket,Lunch Box,Fresh Tomato each,134034,$0.65,$0.65 / 1EA,https://www.woolworths.com.au/shop/productdetails/134034/fresh-tomato,https://cdn0.woolworths.media/content/wowproductimages/medium/134034.jpg,2020-09-10 15:57:20,,0,,True
Woolworths Supermarket,Lunch Box,Select Continental Cucumbers each,137102,$3.00,,https://www.woolworths.com.au/shop/productdetails/137102/select-continental-cucumbers,https://cdn0.woolworths.media/content/wowproductimages/medium/137102.jpg,2020-09-10 15:57:20,,0,,True
Woolworths Supermarket,Lunch Box,Woolworths Fresh Carrots 1KG,135369,$1.50,$1.50 / 1KG,https://www.woolworths.com.au/shop/productdetails/135369/woolworths-fresh-carrots,https://cdn0.woolworths.media/content/wowproductimages/medium/135369.jpg,2020-09-10 15:57:20,,0,,True
Woolworths Supermarket,Lunch Box,Woolworths Spring Water 24x600ml pack,696782,$6.00,$0.42 / 1L,https://www.woolworths.com.au/shop/productdetails/696782/woolworths-spring-water,https://cdn0.woolworths.media/content/wowproductimages/medium/696782.jpg,2020-09-10 15:57:20,,0,,True
Woolworths Supermarket,Lunch Box,Select Fresh Pink Lady Apples 1kg,310968,$4.90,$4.90 / 1KG,https://www.woolworths.com.au/shop/productdetails/310968/select-fresh-pink-lady-apples,https://cdn0.woolworths.media/content/wowproductimages/medium/310968.jpg,2020-09-10 15:57:20,,0,,True
Woolworths Supermarket,Lunch Box,Hercules Click Zip Resealable Sandwich Bags 75 pack,147825,$3.50,$0.05 / 1EA,https://www.woolworths.com.au/shop/productdetails/147825/hercules-click-zip-resealable-sandwich-bags,https://cdn0.woolworths.media/content/wowproductimages/medium/147825.jpg,2020-09-10 15:57:20,,0,Was $3.99 28/05/2018,True
Woolworths Supermarket,Lunch Box,Nutella Hazelnut Spread 220g,187099,$3.70,$1.68 / 100G,https://www.woolworths.com.au/shop/productdetails/187099/nutella-hazelnut-spread,https://cdn0.woolworths.media/content/wowproductimages/medium/187099.jpg,2020-09-10 15:57:20,,0,,True
Woolworths Supermarket,Lunch Box,Golden Days Fruit Apricot Coconut Slice 150g,241243,$2.45,$1.63 / 100G,https://www.woolworths.com.au/shop/productdetails/241243/golden-days-fruit-apricot-coconut-slice,https://cdn0.woolworths.media/content/wowproductimages/medium/241243.jpg,2020-09-10 15:57:20,Average product rating out of 5: 4.6. Product score is based on 16 ratings,16,,True
Woolworths Supermarket,Lunch Box,Nestle Uncle Tobys Le Snak Cheddar Cheese Dip & Crackers 6 pack,248205,$2.35,$1.78 / 100G,https://www.woolworths.com.au/shop/productdetails/248205/nestle-uncle-tobys-le-snak-cheddar-cheese-dip-crackers,https://cdn0.woolworths.media/content/wowproductimages/medium/248205.jpg,2020-09-10 15:57:20,,0,,True
Woolworths Supermarket,Lunch Box,Woolworths Kiwi Fruit Green each,267083,$0.77,$0.77 / 1EA,https://www.woolworths.com.au/shop/productdetails/267083/woolworths-kiwi-fruit-green,https://cdn0.woolworths.media/content/wowproductimages/medium/267083.jpg,2020-09-10 15:57:20,,0,,True
Woolworths Supermarket,Lunch Box,French Fries Multipack Original 6 pack,293610,$3.35,$3.02 / 100G,https://www.woolworths.com.au/shop/productdetails/293610/french-fries-multipack-original,https://cdn0.woolworths.media/content/wowproductimages/medium/293610.jpg,2020-09-10 15:57:20,,0,2 for $5.00,True
Woolworths Supermarket,Lunch Box,Uncle Tobys Roll-ups Rainbow Fruit Salad 6 pack,324233,$2.00,$2.13 / 100G,https://www.woolworths.com.au/shop/productdetails/324233/uncle-tobys-roll-ups-rainbow-fruit-salad,https://cdn0.woolworths.media/content/wowproductimages/medium/324233.jpg,2020-09-10 15:57:20,,0,,True
Woolworths Supermarket,Lunch Box,Kellogg's Lcms Choc Chip Cereal Snack Bars 15 pack,336769,$7.00,$2.12 / 100G,https://www.woolworths.com.au/shop/productdetails/336769/kellogg-s-lcms-choc-chip-cereal-snack-bars,https://cdn0.woolworths.media/content/wowproductimages/medium/336769.jpg,2020-09-10 15:57:20,,0,Was $8.00 09/10/2016,True
Woolworths Supermarket,Lunch Box,Nice & Natural Chocolate Nut Bar Peanut & Almond 6 pack,343910,$3.00,$1.67 / 100G,https://www.woolworths.com.au/shop/productdetails/343910/nice-natural-chocolate-nut-bar-peanut-almond,https://cdn0.woolworths.media/content/wowproductimages/medium/343910.jpg,2020-09-10 15:57:20,,0,,True
Woolworths Supermarket,Lunch Box,Cheetos Multipack Cheese & Bacon Balls 6 pack,345304,$3.15,$3.09 / 100G,https://www.woolworths.com.au/shop/productdetails/345304/cheetos-multipack-cheese-bacon-balls,https://cdn0.woolworths.media/content/wowproductimages/medium/345304.jpg,2020-09-10 15:57:20,,0,2 for $5.00,True
Woolworths Supermarket,Lunch Box,Cobs Popcorn Lightly Salted Slightly Sweet Gluten Free 120g,377593,$2.85,$2.38 / 100G,https://www.woolworths.com.au/shop/productdetails/377593/cobs-popcorn-lightly-salted-slightly-sweet-gluten-free,https://cdn0.woolworths.media/content/wowproductimages/medium/377593.jpg,2020-09-10 15:57:20,,0,,True
Woolworths Supermarket,Lunch Box,Woolworths Baby Spinach Salad Bag 60g,379515,$2.00,$33.33 / 1KG,https://www.woolworths.com.au/shop/productdetails/379515/woolworths-baby-spinach-salad-bag,https://cdn0.woolworths.media/content/wowproductimages/medium/379515.jpg,2020-09-10 15:57:20,Average product rating out of 5: 4.7. Product score is based on 725 ratings,725,,True
Woolworths Supermarket,Lunch Box,Mission Wraps Light 8pk 567g,384285,$4.00,$0.71 / 100G,https://www.woolworths.com.au/shop/productdetails/384285/mission-wraps-light,https://cdn0.woolworths.media/content/wowproductimages/medium/384285.jpg,2020-09-10 15:57:20,,0,,True
Woolworths Supermarket,Lunch Box,Woolworths Chips Variety Pack 20pk 380g,434124,$4.00,$1.05 / 100G,https://www.woolworths.com.au/shop/productdetails/434124/woolworths-chips-variety-pack,https://cdn0.woolworths.media/content/wowproductimages/medium/434124.jpg,2020-09-10 15:57:20,Average product rating out of 5: 4.3. Product score is based on 434 ratings,434,,True
Woolworths Supermarket,Lunch Box,Kellogg's Lcms Yoghurty Split Stix Snack Bars 345g,521371,$7.00,$2.03 / 100G,https://www.woolworths.com.au/shop/productdetails/521371/kellogg-s-lcms-yoghurty-split-stix-snack-bars,https://cdn0.woolworths.media/content/wowproductimages/medium/521371.jpg,2020-09-10 15:57:20,,0,Was $8.00 09/10/2016,True
Woolworths Supermarket,Lunch Box,Woolworths Mango In Mango Jelly 480g 4pk,526016,$2.20,$4.58 / 1KG,https://www.woolworths.com.au/shop/productdetails/526016/woolworths-mango-in-mango-jelly,https://cdn0.woolworths.media/content/wowproductimages/medium/526016.jpg,2020-09-10 15:57:20,,0,Was $2.50 09/07/2018,True
Woolworths Supermarket,Lunch Box,Sistema Plasticware Sandwich Box To Go each,711918,$5.00,,https://www.woolworths.com.au/shop/productdetails/711918/sistema-plasticware-sandwich-box-to-go,https://cdn0.woolworths.media/content/wowproductimages/medium/711918.jpg,2020-09-10 15:57:20,,0,Designs may vary,True
Woolworths Supermarket,Lunch Box,Sanitarium Up&go Liquid Breakfast Vanilla Ice 12 pack,733705,$13.00,$4.33 / 1L,https://www.woolworths.com.au/shop/productdetails/733705/sanitarium-up-go-liquid-breakfast-vanilla-ice,https://cdn0.woolworths.media/content/wowproductimages/medium/733705.jpg,2020-09-10 15:57:20,,0,,True
Woolworths Supermarket,Lunch Box,The Happy Snack Company Roasted Chick Peas Lightly Salted 6x25g,927881,$5.30,$3.53 / 100G,https://www.woolworths.com.au/shop/productdetails/927881/the-happy-snack-company-roasted-chick-peas-lightly-salted,https://cdn0.woolworths.media/content/wowproductimages/medium/927881.jpg,2020-09-10 15:57:20,Average product rating out of 5: 4.5. Product score is based on 28 ratings,28,,True
Woolworths Supermarket,Lunch Box,Essentials Cling Wrap 60m,013542,$1.40,$0.02 / 1M,https://www.woolworths.com.au/shop/productdetails/13542/essentials-cling-wrap,https://cdn0.woolworths.media/content/wowproductimages/medium/013542.jpg,2020-09-10 15:57:20,Average product rating out of 5: 4.1. Product score is based on 277 ratings,277,,True
Woolworths Supermarket,Lunch Box,Glad Cling Wrap 30m,031601,$2.70,$0.09 / 1M,https://www.woolworths.com.au/shop/productdetails/31601/glad-cling-wrap,https://cdn0.woolworths.media/content/wowproductimages/medium/031601.jpg,2020-09-10 15:57:20,,0,,True
Woolworths Supermarket,Lunch Box,Coon Cheese Slices Tasty 500g,035157,$8.00,$16.00 / 1KG,https://www.woolworths.com.au/shop/productdetails/35157/coon-cheese-slices-tasty,https://cdn0.woolworths.media/content/wowproductimages/medium/035157.jpg,2020-09-10 15:57:20,,0,Was $8.60 30/06/2020,True
Woolworths Supermarket,Lunch Box,Armada Brown Paper Lunch Bags 100 pack,039680,$2.50,$0.03 / 1EA,https://www.woolworths.com.au/shop/productdetails/39680/armada-brown-paper-lunch-bags,https://cdn0.woolworths.media/content/wowproductimages/medium/039680.jpg,2020-09-10 15:57:20,,0,,True
Woolworths Supermarket,Lunch Box,Philadelphia Cream Cheese Spread 250g,079223,$4.70,$18.80 / 1KG,https://www.woolworths.com.au/shop/productdetails/79223/philadelphia-cream-cheese-spread,https://cdn0.woolworths.media/content/wowproductimages/medium/079223.jpg,2020-09-10 15:57:20,,0,,True
Woolworths Supermarket,Lunch Box,Tip Top The One Sandwich Bread White 700g,713816,$3.40,$0.49 / 100G,https://www.woolworths.com.au/shop/productdetails/713816/tip-top-the-one-sandwich-bread-white,https://cdn0.woolworths.media/content/wowproductimages/medium/713816.jpg,2020-09-10 15:57:20,,0,,True
Woolworths Supermarket,Lunch Box,Woolworths Qukes Baby Cucumbers Punnet 250g,169067,$4.00,$16.00 / 1KG,https://www.woolworths.com.au/shop/productdetails/169067/woolworths-qukes-baby-cucumbers-punnet,https://cdn0.woolworths.media/content/wowproductimages/medium/169067.jpg,2020-09-10 15:57:20,,0,,True
Woolworths Supermarket,Lunch Box,Woolworths Cherry Tomatoes 250g,149620,$3.50,$14.00 / 1KG,https://www.woolworths.com.au/shop/productdetails/149620/woolworths-cherry-tomatoes,https://cdn0.woolworths.media/content/wowproductimages/medium/149620.jpg,2020-09-10 15:57:20,,0,,True
Woolworths Supermarket,Lunch Box,Woolworths Solanato Tomato 200g,727144,$3.50,$17.50 / 1KG,https://www.woolworths.com.au/shop/productdetails/727144/woolworths-solanato-tomato,https://cdn0.woolworths.media/content/wowproductimages/medium/727144.jpg,2020-09-10 15:57:20,Average product rating out of 5: 4.7. Product score is based on 465 ratings,465,,True
Woolworths Supermarket,Lunch Box,Cavendish Bananas EACH,133211,$0.54,$0.54 / 1KG,https://www.woolworths.com.au/shop/productdetails/133211/cavendish-bananas,https://cdn0.woolworths.media/content/wowproductimages/medium/133211.jpg,2020-09-10 15:57:20,,0,,True
Woolworths Supermarket,Lunch Box,Hass Avocado each,120080,$3.00,$3.00 / 1EA,https://www.woolworths.com.au/shop/productdetails/120080/hass-avocado,https://cdn0.woolworths.media/content/wowproductimages/medium/120080.jpg,2020-09-10 15:57:20,,0,,True
Woolworths Supermarket,Lunch Box,Woolworths Fresh Carrots 1KG,135369,$1.50,$1.50 / 1KG,https://www.woolworths.com.au/shop/productdetails/135369/woolworths-fresh-carrots,https://cdn0.woolworths.media/content/wowproductimages/medium/135369.jpg,2020-09-10 15:57:20,,0,,True
Woolworths Supermarket,Lunch Box,Fresh Strawberry 250G,144607,$1.50,$6.00 / 1KG,https://www.woolworths.com.au/shop/productdetails/144607/fresh-strawberry,https://cdn0.woolworths.media/content/wowproductimages/medium/144607.jpg,2020-09-10 15:57:20,,0,,True
Woolworths Supermarket,Lunch Box,Woolworths Red Seedless Watermelon Quarter Each,120384,$6.63,$6.63 / 1KG,https://www.woolworths.com.au/shop/productdetails/120384/woolworths-red-seedless-watermelon-quarter,https://cdn0.woolworths.media/content/wowproductimages/medium/120384.jpg,2020-09-10 15:57:20,,0,,True
Woolworths Supermarket,Lunch Box,Woolworths Baby Spinach Salad Bag 60g,379515,$2.00,$33.33 / 1KG,https://www.woolworths.com.au/shop/productdetails/379515/woolworths-baby-spinach-salad-bag,https://cdn0.woolworths.media/content/wowproductimages/medium/379515.jpg,2020-09-10 15:57:20,Average product rating out of 5: 4.7. Product score is based on 725 ratings,725,,True
Woolworths Supermarket,Lunch Box,Woolworths Baby Leaf Spinach 120g,524322,$3.00,$25.00 / 1KG,https://www.woolworths.com.au/shop/productdetails/524322/woolworths-baby-leaf-spinach,https://cdn0.woolworths.media/content/wowproductimages/medium/524322.jpg,2020-09-10 15:57:20,Average product rating out of 5: 4.7. Product score is based on 2842 ratings,2842,,True
Woolworths Supermarket,Lunch Box,Iceberg Lettuce each,154340,$2.90,$2.90 / 1EA,https://www.woolworths.com.au/shop/productdetails/154340/iceberg-lettuce,https://cdn0.woolworths.media/content/wowproductimages/medium/154340.jpg,2020-09-10 15:57:20,,0,,True
Woolworths Supermarket,Lunch Box,Select Continental Cucumbers each,137102,$3.00,,https://www.woolworths.com.au/shop/productdetails/137102/select-continental-cucumbers,https://cdn0.woolworths.media/content/wowproductimages/medium/137102.jpg,2020-09-10 15:57:20,,0,,True
Woolworths Supermarket,Lunch Box,Onion Red EACH,144497,$0.53,$0.53 / 0,https://www.woolworths.com.au/shop/productdetails/144497/onion-red,https://cdn0.woolworths.media/content/wowproductimages/medium/144497.jpg,2020-09-10 15:57:20,,0,,True
Woolworths Supermarket,Lunch Box,Western Star Original Spreadable 500g,069756,$6.00,$1.20 / 100G,https://www.woolworths.com.au/shop/productdetails/69756/western-star-original-spreadable,https://cdn0.woolworths.media/content/wowproductimages/medium/069756.jpg,2020-09-10 15:57:20,,0,,True
Woolworths Supermarket,Lunch Box,Select Fresh Pink Lady Apples 1kg,310968,$4.90,$4.90 / 1KG,https://www.woolworths.com.au/shop/productdetails/310968/select-fresh-pink-lady-apples,https://cdn0.woolworths.media/content/wowproductimages/medium/310968.jpg,2020-09-10 15:57:20,,0,,True
Woolworths Supermarket,Lunch Box,Fresh Pink Lady Apples each,105919,$0.97,$0.97 / 1EA,https://www.woolworths.com.au/shop/productdetails/105919/fresh-pink-lady-apples,https://cdn0.woolworths.media/content/wowproductimages/medium/105919.jpg,2020-09-10 15:57:20,,0,,True
Woolworths Supermarket,Lunch Box,Fresh Tomato each,134034,$0.65,$0.65 / 1EA,https://www.woolworths.com.au/shop/productdetails/134034/fresh-tomato,https://cdn0.woolworths.media/content/wowproductimages/medium/134034.jpg,2020-09-10 15:57:20,,0,,True
Woolworths Supermarket,Lunch Box,Fresh Blueberries 125g,169792,$2.50,$20.00 / 1KG,https://www.woolworths.com.au/shop/productdetails/169792/fresh-blueberries,https://cdn0.woolworths.media/content/wowproductimages/medium/169792.jpg,2020-09-10 15:57:20,,0,,True
Woolworths Supermarket,Lunch Box,Woolworths Single Leaf Baby Spinach 280g,524336,$5.00,$17.86 / 1KG,https://www.woolworths.com.au/shop/productdetails/524336/woolworths-single-leaf-baby-spinach,https://cdn0.woolworths.media/content/wowproductimages/medium/524336.jpg,2020-09-10 15:57:20,Average product rating out of 5: 4.8. Product score is based on 532 ratings,532,,True
Woolworths Supermarket,Lunch Box,Fresh Pink Lady Apples each,105919,$0.97,$0.97 / 1EA,https://www.woolworths.com.au/shop/productdetails/105919/fresh-pink-lady-apples,https://cdn0.woolworths.media/content/wowproductimages/medium/105919.jpg,2020-09-10 15:57:20,,0,,True
Woolworths Supermarket,Lunch Box,Praise Traditional Creamy Mayonnaise 365g,128898,$3.40,$0.93 / 100G,https://www.woolworths.com.au/shop/productdetails/128898/praise-traditional-creamy-mayonnaise,https://cdn0.woolworths.media/content/wowproductimages/medium/128898.jpg,2020-09-10 15:57:20,,0,,True
Woolworths Supermarket,Lunch Box,Onion Red EACH,144497,$0.53,$0.53 / 0,https://www.woolworths.com.au/shop/productdetails/144497/onion-red,https://cdn0.woolworths.media/content/wowproductimages/medium/144497.jpg,2020-09-10 15:57:20,,0,,True
Woolworths Supermarket,Lunch Box,Woolworths Anzac Biscuit Family 24 pack,145667,$6.00,$0.25 / 1EA,https://www.woolworths.com.au/shop/productdetails/145667/woolworths-anzac-biscuit-family,https://cdn0.woolworths.media/content/wowproductimages/medium/145667.jpg,2020-09-10 15:57:20,Average product rating out of 5: 4.4. Product score is based on 642 ratings,642,,True
Woolworths Supermarket,Lunch Box,Snow Peas Fresh per kg,145843,$14.00,$14.00 / 1KG,https://www.woolworths.com.au/shop/productdetails/145843/snow-peas-fresh,https://cdn0.woolworths.media/content/wowproductimages/medium/145843.jpg,2020-09-10 15:57:20,,0,,True
Woolworths Supermarket,Lunch Box,Woolworths Iced Finger Bun Extra Soft 4 pack,157108,$3.00,$0.75 / 1EA,https://www.woolworths.com.au/shop/productdetails/157108/woolworths-iced-finger-bun-extra-soft,https://cdn0.woolworths.media/content/wowproductimages/medium/157108.jpg,2020-09-10 15:57:20,,0,Was $4.00 27/04/2020,True
Woolworths Supermarket,Lunch Box,Sunrice Rice Cakes Thin Sour Cream & Chives 195g,214318,$2.70,$1.38 / 100G,https://www.woolworths.com.au/shop/productdetails/214318/sunrice-rice-cakes-thin-sour-cream-chives,https://cdn0.woolworths.media/content/wowproductimages/medium/214318.jpg,2020-09-10 15:57:20,,0,,True
Woolworths Supermarket,Lunch Box,Woolworths Capsicum Mini Vine Sweet 175g punnet,220202,$3.50,$20.00 / 1KG,https://www.woolworths.com.au/shop/productdetails/220202/woolworths-capsicum-mini-vine-sweet,https://cdn0.woolworths.media/content/wowproductimages/medium/220202.jpg,2020-09-10 15:57:20,,0,,True
Woolworths Supermarket,Lunch Box,Kellogg's Crunchy Nut Peanut Snack Bars 6 pack,258310,$3.75,$2.08 / 100G,https://www.woolworths.com.au/shop/productdetails/258310/kellogg-s-crunchy-nut-peanut-snack-bars,https://cdn0.woolworths.media/content/wowproductimages/medium/258310.jpg,2020-09-10 15:57:20,,0,,True
Woolworths Supermarket,Lunch Box,Woolworths Bread Roll Cheese & Bacon 4 pack,337151,$3.50,$0.88 / 1EA,https://www.woolworths.com.au/shop/productdetails/337151/woolworths-bread-roll-cheese-bacon,https://cdn0.woolworths.media/content/wowproductimages/medium/337151.jpg,2020-09-10 15:57:20,,0,Was $4.00 05/11/2018,True
Woolworths Supermarket,Lunch Box,Golden Circle Fruit Juice Apple 6x200ml,477416,$3.00,$2.50 / 1L,https://www.woolworths.com.au/shop/productdetails/477416/golden-circle-fruit-juice-apple,https://cdn0.woolworths.media/content/wowproductimages/medium/477416.jpg,2020-09-10 15:57:20,,0,Was $4.49 12/02/2018,True
Woolworths Supermarket,Lunch Box,Devondale Extra Soft Butter Blend 750g,512321,$7.50,$1.00 / 100G,https://www.woolworths.com.au/shop/productdetails/512321/devondale-extra-soft-butter-blend,https://cdn0.woolworths.media/content/wowproductimages/medium/512321.jpg,2020-09-10 15:57:20,,0,,True
Woolworths Supermarket,Lunch Box,Primo Chicken Breast Thinly Sliced 80g,544762,$3.25,$40.63 / 1KG,https://www.woolworths.com.au/shop/productdetails/544762/primo-chicken-breast-thinly-sliced,https://cdn0.woolworths.media/content/wowproductimages/medium/544762.jpg,2020-09-10 15:57:20,,0,2 for $5.50,True
Woolworths Supermarket,Lunch Box,Sistema Bento Box To Go each,592529,$7.50,,https://www.woolworths.com.au/shop/productdetails/592529/sistema-bento-box-to-go,https://cdn0.woolworths.media/content/wowproductimages/medium/592529.jpg,2020-09-10 15:57:20,,0,Designs may vary,True
Woolworths Supermarket,Lunch Box,Arnott's Favourites Bbq Shapes Scotch Finger & Tiny Teddy Choc 15 pack,689894,$5.00,$1.33 / 100G,https://www.woolworths.com.au/shop/productdetails/689894/arnott-s-favourites-bbq-shapes-scotch-finger-tiny-teddy-choc,https://cdn0.woolworths.media/content/wowproductimages/medium/689894.jpg,2020-09-10 15:57:20,,0,Was $6.00 08/01/2018,True
Woolworths Supermarket,Lunch Box,Sunrice Rice Snacks Mini Bites Cheese 160g,771921,$4.00,$2.50 / 100G,https://www.woolworths.com.au/shop/productdetails/771921/sunrice-rice-snacks-mini-bites-cheese,https://cdn0.woolworths.media/content/wowproductimages/medium/771921.jpg,2020-09-10 15:57:20,Average product rating out of 5: 4.7. Product score is based on 16 ratings,16,Was $4.99 31/07/2017,True
Woolworths Supermarket,Lunch Box,Woolworths Select Mini Blueberry Muffins 8pk 320g,883002,$3.50,$1.09 / 100G,https://www.woolworths.com.au/shop/productdetails/883002/woolworths-select-mini-blueberry-muffins-8pk,https://cdn0.woolworths.media/content/wowproductimages/medium/883002.jpg,2020-09-10 15:57:20,Average product rating out of 5: 4.0. Product score is based on 572 ratings,572,,True
Woolworths Supermarket,Lunch Box,Table Of Plenty Mini Rice Cakes Dark Chocolate 6 pack,641242,$5.50,$6.55 / 100G,https://www.woolworths.com.au/shop/productdetails/641242/table-of-plenty-mini-rice-cakes-dark-chocolate,https://cdn0.woolworths.media/content/wowproductimages/medium/641242.jpg,2020-09-10 15:57:20,Average product rating out of 5: 4.7. Product score is based on 21 ratings,21,,True
Woolworths Supermarket,Lunch Box,Woolworths Cinnamon Donuts 6 pack,007927,$2.00,$0.33 / 1EA,https://www.woolworths.com.au/shop/productdetails/7927/woolworths-cinnamon-donuts,https://cdn0.woolworths.media/content/wowproductimages/medium/007927.jpg,2020-09-10 15:57:20,,0,Was $2.20 01/03/2015,True
Woolworths Supermarket,Lunch Box,Woolworths Custard Filled Profiterole 8 pack,009232,$5.00,$0.63 / 1EA,https://www.woolworths.com.au/shop/productdetails/9232/woolworths-custard-filled-profiterole,https://cdn0.woolworths.media/content/wowproductimages/medium/009232.jpg,2020-09-10 15:57:20,,0,,True
Woolworths Supermarket,Lunch Box,Devondale Extra Soft Butter Blend 500g,015791,$5.70,$1.14 / 100G,https://www.woolworths.com.au/shop/productdetails/15791/devondale-extra-soft-butter-blend,https://cdn0.woolworths.media/content/wowproductimages/medium/015791.jpg,2020-09-10 15:57:20,,0,,True
Woolworths Supermarket,Lunch Box,Sanitarium Up&go Liquid Breakfast Choc Ice 3 pack,032306,$4.80,$6.40 / 1L,https://www.woolworths.com.au/shop/productdetails/32306/sanitarium-up-go-liquid-breakfast-choc-ice,https://cdn0.woolworths.media/content/wowproductimages/medium/032306.jpg,2020-09-10 15:57:20,,0,,True
Woolworths Supermarket,Lunch Box,Woolworths Bread Rolls Soft Hamburger 6 pack,033878,$2.00,$0.33 / 1EA,https://www.woolworths.com.au/shop/productdetails/33878/woolworths-bread-rolls-soft-hamburger,https://cdn0.woolworths.media/content/wowproductimages/medium/033878.jpg,2020-09-10 15:57:20,Average product rating out of 5: 4.5. Product score is based on 225 ratings,225,,True
Woolworths Supermarket,Lunch Box,Don Ham Leg Double Smoked Shaved 250g,036976,$6.40,$25.60 / 1KG,https://www.woolworths.com.au/shop/productdetails/36976/don-ham-leg-double-smoked-shaved,https://cdn0.woolworths.media/content/wowproductimages/medium/036976.jpg,2020-09-10 15:57:20,,0,,True
Woolworths Supermarket,Lunch Box,Tip Top The One Sandwich Bread White 700g,713816,$3.40,$0.49 / 100G,https://www.woolworths.com.au/shop/productdetails/713816/tip-top-the-one-sandwich-bread-white,https://cdn0.woolworths.media/content/wowproductimages/medium/713816.jpg,2020-09-10 15:57:20,,0,,True
Woolworths Supermarket,Lunch Box,Fresh Strawberry 250G,144607,$1.50,$6.00 / 1KG,https://www.woolworths.com.au/shop/productdetails/144607/fresh-strawberry,https://cdn0.woolworths.media/content/wowproductimages/medium/144607.jpg,2020-09-10 15:57:20,,0,,True
Woolworths Supermarket,Lunch Box,Fresh Blueberries 125g,169792,$2.50,$20.00 / 1KG,https://www.woolworths.com.au/shop/productdetails/169792/fresh-blueberries,https://cdn0.woolworths.media/content/wowproductimages/medium/169792.jpg,2020-09-10 15:57:20,,0,,True
Woolworths Supermarket,Lunch Box,Woolworths Red Seedless Watermelon Quarter Each,120384,$6.63,$6.63 / 1KG,https://www.woolworths.com.au/shop/productdetails/120384/woolworths-red-seedless-watermelon-quarter,https://cdn0.woolworths.media/content/wowproductimages/medium/120384.jpg,2020-09-10 15:57:20,,0,,True
Woolworths Supermarket,Lunch Box,Select Fresh Pink Lady Apples 1kg,310968,$4.90,$4.90 / 1KG,https://www.woolworths.com.au/shop/productdetails/310968/select-fresh-pink-lady-apples,https://cdn0.woolworths.media/content/wowproductimages/medium/310968.jpg,2020-09-10 15:57:20,,0,,True
Woolworths Supermarket,Lunch Box,Fresh Pink Lady Apples each,105919,$0.97,$0.97 / 1EA,https://www.woolworths.com.au/shop/productdetails/105919/fresh-pink-lady-apples,https://cdn0.woolworths.media/content/wowproductimages/medium/105919.jpg,2020-09-10 15:57:20,,0,,True
Woolworths Supermarket,Lunch Box,Hass Avocado each,120080,$3.00,$3.00 / 1EA,https://www.woolworths.com.au/shop/productdetails/120080/hass-avocado,https://cdn0.woolworths.media/content/wowproductimages/medium/120080.jpg,2020-09-10 15:57:20,,0,,True
Woolworths Supermarket,Lunch Box,Select Continental Cucumbers each,137102,$3.00,,https://www.woolworths.com.au/shop/productdetails/137102/select-continental-cucumbers,https://cdn0.woolworths.media/content/wowproductimages/medium/137102.jpg,2020-09-10 15:57:20,,0,,True
Woolworths Supermarket,Lunch Box,Onion Red EACH,144497,$0.53,$0.53 / 0,https://www.woolworths.com.au/shop/productdetails/144497/onion-red,https://cdn0.woolworths.media/content/wowproductimages/medium/144497.jpg,2020-09-10 15:57:20,,0,,True
Woolworths Supermarket,Lunch Box,Iceberg Lettuce each,154340,$2.90,$2.90 / 1EA,https://www.woolworths.com.au/shop/productdetails/154340/iceberg-lettuce,https://cdn0.woolworths.media/content/wowproductimages/medium/154340.jpg,2020-09-10 15:57:20,,0,,True
Woolworths Supermarket,Lunch Box,Fresh Tomato each,134034,$0.65,$0.65 / 1EA,https://www.woolworths.com.au/shop/productdetails/134034/fresh-tomato,https://cdn0.woolworths.media/content/wowproductimages/medium/134034.jpg,2020-09-10 15:57:20,,0,,True
Woolworths Supermarket,Lunch Box,Woolworths Fresh Carrots 1KG,135369,$1.50,$1.50 / 1KG,https://www.woolworths.com.au/shop/productdetails/135369/woolworths-fresh-carrots,https://cdn0.woolworths.media/content/wowproductimages/medium/135369.jpg,2020-09-10 15:57:20,,0,,True
Woolworths Supermarket,Lunch Box,Woolworths Baby Leaf Spinach 120g,524322,$3.00,$25.00 / 1KG,https://www.woolworths.com.au/shop/productdetails/524322/woolworths-baby-leaf-spinach,https://cdn0.woolworths.media/content/wowproductimages/medium/524322.jpg,2020-09-10 15:57:20,Average product rating out of 5: 4.7. Product score is based on 2842 ratings,2842,,True
Woolworths Supermarket,Lunch Box,Western Star Original Spreadable 500g,069756,$6.00,$1.20 / 100G,https://www.woolworths.com.au/shop/productdetails/69756/western-star-original-spreadable,https://cdn0.woolworths.media/content/wowproductimages/medium/069756.jpg,2020-09-10 15:57:20,,0,,True
Woolworths Supermarket,Lunch Box,Woolworths Cherry Tomatoes 250g,149620,$3.50,$14.00 / 1KG,https://www.woolworths.com.au/shop/productdetails/149620/woolworths-cherry-tomatoes,https://cdn0.woolworths.media/content/wowproductimages/medium/149620.jpg,2020-09-10 15:57:20,,0,,True
Woolworths Supermarket,Lunch Box,Woolworths Solanato Tomato 200g,727144,$3.50,$17.50 / 1KG,https://www.woolworths.com.au/shop/productdetails/727144/woolworths-solanato-tomato,https://cdn0.woolworths.media/content/wowproductimages/medium/727144.jpg,2020-09-10 15:57:20,Average product rating out of 5: 4.7. Product score is based on 465 ratings,465,,True
Woolworths Supermarket,Lunch Box,Cavendish Bananas EACH,133211,$0.54,$0.54 / 1KG,https://www.woolworths.com.au/shop/productdetails/133211/cavendish-bananas,https://cdn0.woolworths.media/content/wowproductimages/medium/133211.jpg,2020-09-10 15:57:20,,0,,True
Woolworths Supermarket,Lunch Box,Woolworths Baby Spinach Salad Bag 60g,379515,$2.00,$33.33 / 1KG,https://www.woolworths.com.au/shop/productdetails/379515/woolworths-baby-spinach-salad-bag,https://cdn0.woolworths.media/content/wowproductimages/medium/379515.jpg,2020-09-10 15:57:20,Average product rating out of 5: 4.7. Product score is based on 725 ratings,725,,True
Woolworths Supermarket,Lunch Box,Woolworths Single Leaf Baby Spinach 280g,524336,$5.00,$17.86 / 1KG,https://www.woolworths.com.au/shop/productdetails/524336/woolworths-single-leaf-baby-spinach,https://cdn0.woolworths.media/content/wowproductimages/medium/524336.jpg,2020-09-10 15:57:20,Average product rating out of 5: 4.8. Product score is based on 532 ratings,532,,True
Woolworths Supermarket,Lunch Box,Woolworths Qukes Baby Cucumbers Punnet 250g,169067,$4.00,$16.00 / 1KG,https://www.woolworths.com.au/shop/productdetails/169067/woolworths-qukes-baby-cucumbers-punnet,https://cdn0.woolworths.media/content/wowproductimages/medium/169067.jpg,2020-09-10 15:57:20,,0,,True
Woolworths Supermarket,Lunch Box,Bega Peanut Butter Smooth 780g,039362,$6.50,$0.83 / 100G,https://www.woolworths.com.au/shop/productdetails/39362/bega-peanut-butter-smooth,https://cdn0.woolworths.media/content/wowproductimages/medium/039362.jpg,2020-09-10 15:57:20,,0,Was $8.00 24/04/2017,True
Woolworths Supermarket,Lunch Box,Golden Pikelets 8 pack,046645,$3.00,$0.38 / 1EA,https://www.woolworths.com.au/shop/productdetails/46645/golden-pikelets,https://cdn0.woolworths.media/content/wowproductimages/medium/046645.jpg,2020-09-10 15:57:20,,0,,True
Woolworths Supermarket,Lunch Box,Woolworths Butter Cro Butter 3 pack,097237,$2.50,$0.83 / 1EA,https://www.woolworths.com.au/shop/productdetails/97237/woolworths-butter-cro-butter,https://cdn0.woolworths.media/content/wowproductimages/medium/097237.jpg,2020-09-10 15:57:20,,0,Was $4 29/08/2016,True
Woolworths Supermarket,Lunch Box,Woolworths Bread Rolls Extra Soft Lunch 6 pack,130502,$2.00,$0.33 / 1EA,https://www.woolworths.com.au/shop/productdetails/130502/woolworths-bread-rolls-extra-soft-lunch,https://cdn0.woolworths.media/content/wowproductimages/medium/130502.jpg,2020-09-10 15:57:20,Average product rating out of 5: 4.6. Product score is based on 218 ratings,218,,True
Woolworths Supermarket,Lunch Box,Praise Traditional Mayonnaise Squeeze Bottle 490g,136644,$2.50,$0.51 / 100G,https://www.woolworths.com.au/shop/productdetails/136644/praise-traditional-mayonnaise-squeeze-bottle,https://cdn0.woolworths.media/content/wowproductimages/medium/136644.jpg,2020-09-10 15:57:20,,0,,True
Woolworths Supermarket,Lunch Box,Glad Resealable Sandwich Bags 50 pack,137362,$3.80,$0.08 / 1EA,https://www.woolworths.com.au/shop/productdetails/137362/glad-resealable-sandwich-bags,https://cdn0.woolworths.media/content/wowproductimages/medium/137362.jpg,2020-09-10 15:57:20,,0,,True
Woolworths Supermarket,Lunch Box,Sunbeam Sultanas & Apple 6x25g,177190,$3.00,$20.00 / 1KG,https://www.woolworths.com.au/shop/productdetails/177190/sunbeam-sultanas-apple,https://cdn0.woolworths.media/content/wowproductimages/medium/177190.jpg,2020-09-10 15:57:20,,0,,True
Woolworths Supermarket,Lunch Box,Sunrice Rice Cakes Thin Sundried Tomato & Basil 195g,214321,$2.70,$1.38 / 100G,https://www.woolworths.com.au/shop/productdetails/214321/sunrice-rice-cakes-thin-sundried-tomato-basil,https://cdn0.woolworths.media/content/wowproductimages/medium/214321.jpg,2020-09-10 15:57:20,,0,,True
Woolworths Supermarket,Lunch Box,Hercules Click Zip Resealable Snack Size Sandwich Bags 65 pack,229981,$2.90,$0.04 / 1EA,https://www.woolworths.com.au/shop/productdetails/229981/hercules-click-zip-resealable-snack-size-sandwich-bags,https://cdn0.woolworths.media/content/wowproductimages/medium/229981.jpg,2020-09-10 15:57:20,,0,,True
Woolworths Supermarket,Lunch Box,Woolworths Peach In Mango Flavoured Jelly 4x120g,245394,$2.20,$4.58 / 1KG,https://www.woolworths.com.au/shop/productdetails/245394/woolworths-peach-in-mango-flavoured-jelly,https://cdn0.woolworths.media/content/wowproductimages/medium/245394.jpg,2020-09-10 15:57:20,Average product rating out of 5: 4.0. Product score is based on 203 ratings,203,Was $3.49 08/08/16,True
Woolworths Supermarket,Lunch Box,Nestle Uncle Tobys Le Snak French Onion Dip & Crackers 12 pack,248198,$7.60,$2.88 / 100G,https://www.woolworths.com.au/shop/productdetails/248198/nestle-uncle-tobys-le-snak-french-onion-dip-crackers,https://cdn0.woolworths.media/content/wowproductimages/medium/248198.jpg,2020-09-10 15:57:20,,0,,True
Woolworths Supermarket,Lunch Box,Uncle Tobys Muesli Bars Yoghurt & Strawberry 6 pack,248247,$2.15,$1.16 / 100G,https://www.woolworths.com.au/shop/productdetails/248247/uncle-tobys-muesli-bars-yoghurt-strawberry,https://cdn0.woolworths.media/content/wowproductimages/medium/248247.jpg,2020-09-10 15:57:20,,0,,True
Woolworths Supermarket,Lunch Box,Woolworths Cookies Triple Choc 24 pack,250608,$6.00,$0.25 / 1EA,https://www.woolworths.com.au/shop/productdetails/250608/woolworths-cookies-triple-choc,https://cdn0.woolworths.media/content/wowproductimages/medium/250608.jpg,2020-09-10 15:57:20,,0,,True
Woolworths Supermarket,Lunch Box,Capilano Honey Squeeze Pack 500g,262206,$8.60,$1.72 / 100G,https://www.woolworths.com.au/shop/productdetails/262206/capilano-honey-squeeze-pack,https://cdn0.woolworths.media/content/wowproductimages/medium/262206.jpg,2020-09-10 15:57:20,,0,,True
Woolworths Supermarket,Lunch Box,Red Rock Deli Multipack Variety Box Adult Serves 10 pack,299946,$5.50,$1.96 / 100G,https://www.woolworths.com.au/shop/productdetails/299946/red-rock-deli-multipack-variety-box-adult-serves,https://cdn0.woolworths.media/content/wowproductimages/medium/299946.jpg,2020-09-10 15:57:20,,0,2 for $9.80,True
Woolworths Supermarket,Lunch Box,Picon Cheese Portions 120g,309339,$2.75,$22.92 / 1KG,https://www.woolworths.com.au/shop/productdetails/309339/picon-cheese-portions,https://cdn0.woolworths.media/content/wowproductimages/medium/309339.jpg,2020-09-10 15:57:20,,0,,True
Woolworths Supermarket,Lunch Box,Select Fresh Pink Lady Apples 1kg,310968,$4.90,$4.90 / 1KG,https://www.woolworths.com.au/shop/productdetails/310968/select-fresh-pink-lady-apples,https://cdn0.woolworths.media/content/wowproductimages/medium/310968.jpg,2020-09-10 15:57:20,,0,,True
Woolworths Supermarket,Lunch Box,Yoplait Petit Miam Banana 70g,312195,$0.80,$1.14 / 100G,https://www.woolworths.com.au/shop/productdetails/312195/yoplait-petit-miam-banana,https://cdn0.woolworths.media/content/wowproductimages/medium/312195.jpg,2020-09-10 15:57:20,,0,,True
Woolworths Supermarket,Lunch Box,Just Juice Apple & Blackcurrant Juice 6x200ml,315780,$4.70,$3.92 / 1L,https://www.woolworths.com.au/shop/productdetails/315780/just-juice-apple-blackcurrant-juice,https://cdn0.woolworths.media/content/wowproductimages/medium/315780.jpg,2020-09-10 15:57:20,,0,,True
Woolworths Supermarket,Lunch Box,Kellogg's Lcms Kaleidos Snack Bars 6 pack,324208,$4.00,$3.03 / 100G,https://www.woolworths.com.au/shop/productdetails/324208/kellogg-s-lcms-kaleidos-snack-bars,https://cdn0.woolworths.media/content/wowproductimages/medium/324208.jpg,2020-09-10 15:57:20,,0,,True
Woolworths Supermarket,Lunch Box,Vaalia Kids Yoghurt Pouch Vanilla 140g,331445,$1.70,$1.21 / 100G,https://www.woolworths.com.au/shop/productdetails/331445/vaalia-kids-yoghurt-pouch-vanilla,https://cdn0.woolworths.media/content/wowproductimages/medium/331445.jpg,2020-09-10 15:57:20,,0,,True
Woolworths Supermarket,Lunch Box,Vaalia Kids Yoghurt Pouch Strawberry 140G,331448,$1.70,$1.21 / 100G,https://www.woolworths.com.au/shop/productdetails/331448/vaalia-kids-yoghurt-pouch-strawberry,https://cdn0.woolworths.media/content/wowproductimages/medium/331448.jpg,2020-09-10 15:57:20,,0,,True
Woolworths Supermarket,Lunch Box,Mother Earth Golden Baked Oaty Slice Raspberry Chocolate 6pk 240g,334842,$3.00,$1.25 / 100G,https://www.woolworths.com.au/shop/productdetails/334842/mother-earth-golden-baked-oaty-slice-raspberry-chocolate,https://cdn0.woolworths.media/content/wowproductimages/medium/334842.jpg,2020-09-10 15:57:20,,0,Was $4.00 26/02/2018,True
Woolworths Supermarket,Lunch Box,Babybel Cheese Portions 200g,370480,$8.50,$42.50 / 1KG,https://www.woolworths.com.au/shop/productdetails/370480/babybel-cheese-portions,https://cdn0.woolworths.media/content/wowproductimages/medium/370480.jpg,2020-09-10 15:57:20,,0,,True
Woolworths Supermarket,Lunch Box,Tip Top The One Sandwich Bread White 700g,713816,$3.40,$0.49 / 100G,https://www.woolworths.com.au/shop/productdetails/713816/tip-top-the-one-sandwich-bread-white,https://cdn0.woolworths.media/content/wowproductimages/medium/713816.jpg,2020-09-10 15:57:20,,0,,True
Woolworths Supermarket,Lunch Box,Woolworths Qukes Baby Cucumbers Punnet 250g,169067,$4.00,$16.00 / 1KG,https://www.woolworths.com.au/shop/productdetails/169067/woolworths-qukes-baby-cucumbers-punnet,https://cdn0.woolworths.media/content/wowproductimages/medium/169067.jpg,2020-09-10 15:57:20,,0,,True
Woolworths Supermarket,Lunch Box,Woolworths Single Leaf Baby Spinach 280g,524336,$5.00,$17.86 / 1KG,https://www.woolworths.com.au/shop/productdetails/524336/woolworths-single-leaf-baby-spinach,https://cdn0.woolworths.media/content/wowproductimages/medium/524336.jpg,2020-09-10 15:57:20,Average product rating out of 5: 4.8. Product score is based on 532 ratings,532,,True
Woolworths Supermarket,Lunch Box,Woolworths Baby Leaf Spinach 120g,524322,$3.00,$25.00 / 1KG,https://www.woolworths.com.au/shop/productdetails/524322/woolworths-baby-leaf-spinach,https://cdn0.woolworths.media/content/wowproductimages/medium/524322.jpg,2020-09-10 15:57:20,Average product rating out of 5: 4.7. Product score is based on 2842 ratings,2842,,True
Woolworths Supermarket,Lunch Box,Woolworths Solanato Tomato 200g,727144,$3.50,$17.50 / 1KG,https://www.woolworths.com.au/shop/productdetails/727144/woolworths-solanato-tomato,https://cdn0.woolworths.media/content/wowproductimages/medium/727144.jpg,2020-09-10 15:57:20,Average product rating out of 5: 4.7. Product score is based on 465 ratings,465,,True
Woolworths Supermarket,Lunch Box,Cavendish Bananas EACH,133211,$0.54,$0.54 / 1KG,https://www.woolworths.com.au/shop/productdetails/133211/cavendish-bananas,https://cdn0.woolworths.media/content/wowproductimages/medium/133211.jpg,2020-09-10 15:57:20,,0,,True
Woolworths Supermarket,Lunch Box,Woolworths Fresh Carrots 1KG,135369,$1.50,$1.50 / 1KG,https://www.woolworths.com.au/shop/productdetails/135369/woolworths-fresh-carrots,https://cdn0.woolworths.media/content/wowproductimages/medium/135369.jpg,2020-09-10 15:57:20,,0,,True
Woolworths Supermarket,Lunch Box,Fresh Strawberry 250G,144607,$1.50,$6.00 / 1KG,https://www.woolworths.com.au/shop/productdetails/144607/fresh-strawberry,https://cdn0.woolworths.media/content/wowproductimages/medium/144607.jpg,2020-09-10 15:57:20,,0,,True
Woolworths Supermarket,Lunch Box,Woolworths Red Seedless Watermelon Quarter Each,120384,$6.63,$6.63 / 1KG,https://www.woolworths.com.au/shop/productdetails/120384/woolworths-red-seedless-watermelon-quarter,https://cdn0.woolworths.media/content/wowproductimages/medium/120384.jpg,2020-09-10 15:57:20,,0,,True
Woolworths Supermarket,Lunch Box,Fresh Pink Lady Apples each,105919,$0.97,$0.97 / 1EA,https://www.woolworths.com.au/shop/productdetails/105919/fresh-pink-lady-apples,https://cdn0.woolworths.media/content/wowproductimages/medium/105919.jpg,2020-09-10 15:57:20,,0,,True
Woolworths Supermarket,Lunch Box,Fresh Tomato each,134034,$0.65,$0.65 / 1EA,https://www.woolworths.com.au/shop/productdetails/134034/fresh-tomato,https://cdn0.woolworths.media/content/wowproductimages/medium/134034.jpg,2020-09-10 15:57:20,,0,,True
Woolworths Supermarket,Lunch Box,Select Continental Cucumbers each,137102,$3.00,,https://www.woolworths.com.au/shop/productdetails/137102/select-continental-cucumbers,https://cdn0.woolworths.media/content/wowproductimages/medium/137102.jpg,2020-09-10 15:57:20,,0,,True
Woolworths Supermarket,Lunch Box,Woolworths Cherry Tomatoes 250g,149620,$3.50,$14.00 / 1KG,https://www.woolworths.com.au/shop/productdetails/149620/woolworths-cherry-tomatoes,https://cdn0.woolworths.media/content/wowproductimages/medium/149620.jpg,2020-09-10 15:57:20,,0,,True
Woolworths Supermarket,Lunch Box,Fresh Blueberries 125g,169792,$2.50,$20.00 / 1KG,https://www.woolworths.com.au/shop/productdetails/169792/fresh-blueberries,https://cdn0.woolworths.media/content/wowproductimages/medium/169792.jpg,2020-09-10 15:57:20,,0,,True
Woolworths Supermarket,Lunch Box,Woolworths Baby Spinach Salad Bag 60g,379515,$2.00,$33.33 / 1KG,https://www.woolworths.com.au/shop/productdetails/379515/woolworths-baby-spinach-salad-bag,https://cdn0.woolworths.media/content/wowproductimages/medium/379515.jpg,2020-09-10 15:57:20,Average product rating out of 5: 4.7. Product score is based on 725 ratings,725,,True
Woolworths Supermarket,Lunch Box,Onion Red EACH,144497,$0.53,$0.53 / 0,https://www.woolworths.com.au/shop/productdetails/144497/onion-red,https://cdn0.woolworths.media/content/wowproductimages/medium/144497.jpg,2020-09-10 15:57:20,,0,,True
Woolworths Supermarket,Lunch Box,Iceberg Lettuce each,154340,$2.90,$2.90 / 1EA,https://www.woolworths.com.au/shop/productdetails/154340/iceberg-lettuce,https://cdn0.woolworths.media/content/wowproductimages/medium/154340.jpg,2020-09-10 15:57:20,,0,,True
Woolworths Supermarket,Lunch Box,Select Fresh Pink Lady Apples 1kg,310968,$4.90,$4.90 / 1KG,https://www.woolworths.com.au/shop/productdetails/310968/select-fresh-pink-lady-apples,https://cdn0.woolworths.media/content/wowproductimages/medium/310968.jpg,2020-09-10 15:57:20,,0,,True
Woolworths Supermarket,Lunch Box,Hass Avocado each,120080,$3.00,$3.00 / 1EA,https://www.woolworths.com.au/shop/productdetails/120080/hass-avocado,https://cdn0.woolworths.media/content/wowproductimages/medium/120080.jpg,2020-09-10 15:57:20,,0,,True
Woolworths Supermarket,Lunch Box,Western Star Original Spreadable 500g,069756,$6.00,$1.20 / 100G,https://www.woolworths.com.au/shop/productdetails/69756/western-star-original-spreadable,https://cdn0.woolworths.media/content/wowproductimages/medium/069756.jpg,2020-09-10 15:57:20,,0,,True
Woolworths Supermarket,Lunch Box,Woolworths Dreamy Chocolate Chip Cookies 5 pack,421465,$2.00,$0.40 / 1EA,https://www.woolworths.com.au/shop/productdetails/421465/woolworths-dreamy-chocolate-chip-cookies,https://cdn0.woolworths.media/content/wowproductimages/medium/421465.jpg,2020-09-10 15:57:20,,0,,True
Woolworths Supermarket,Lunch Box,Aunt Betty's Creamy Rice Dessert Apple & Cinnamon 240g,493528,$3.00,$1.25 / 100G,https://www.woolworths.com.au/shop/productdetails/493528/aunt-betty-s-creamy-rice-dessert-apple-cinnamon,https://cdn0.woolworths.media/content/wowproductimages/medium/493528.jpg,2020-09-10 15:57:20,,0,,True
Woolworths Supermarket,Lunch Box,Hillview Cheese Block 1KG,500187,$8.00,$8.00 / 1KG,https://www.woolworths.com.au/shop/productdetails/500187/hillview-cheese-block,https://cdn0.woolworths.media/content/wowproductimages/medium/500187.jpg,2020-09-10 15:57:20,Average product rating out of 5: 4.5. Product score is based on 66 ratings,66,,True
Woolworths Supermarket,Lunch Box,Hillview Cheese Slices Reduced Fat 500g,558547,$3.90,$7.80 / 1KG,https://www.woolworths.com.au/shop/productdetails/558547/hillview-cheese-slices-reduced-fat,https://cdn0.woolworths.media/content/wowproductimages/medium/558547.jpg,2020-09-10 15:57:20,Average product rating out of 5: 4.3. Product score is based on 62 ratings,62,,True
Woolworths Supermarket,Lunch Box,Uncle Tobys Muesli Bars Variety Pack 15 pack,597446,$6.00,$1.28 / 100G,https://www.woolworths.com.au/shop/productdetails/597446/uncle-tobys-muesli-bars-variety-pack,https://cdn0.woolworths.media/content/wowproductimages/medium/597446.jpg,2020-09-10 15:57:20,,0,Was $6.80 24/04/2017,True
Woolworths Supermarket,Lunch Box,Woolworths Muesli Bar Choc Chip 8 pack,634100,$1.90,$0.77 / 100G,https://www.woolworths.com.au/shop/productdetails/634100/woolworths-muesli-bar-choc-chip,https://cdn0.woolworths.media/content/wowproductimages/medium/634100.jpg,2020-09-10 15:57:20,Average product rating out of 5: 3.6. Product score is based on 772 ratings,772,,True
Woolworths Supermarket,Lunch Box,Messy Monkeys Whole Grain Bites Cheese Flavour 8x160g,635962,$4.00,$2.50 / 100G,https://www.woolworths.com.au/shop/productdetails/635962/messy-monkeys-whole-grain-bites-cheese-flavour,https://cdn0.woolworths.media/content/wowproductimages/medium/635962.jpg,2020-09-10 15:57:20,Average product rating out of 5: 4.0. Product score is based on 46 ratings,46,,True
Woolworths Supermarket,Lunch Box,Sistema Plasticware Salad To Go each,711919,$10.00,,https://www.woolworths.com.au/shop/productdetails/711919/sistema-plasticware-salad-to-go,https://cdn0.woolworths.media/content/wowproductimages/medium/711919.jpg,2020-09-10 15:57:20,,0,Designs may vary,True
Woolworths Supermarket,Lunch Box,Chobani No Fat Strawberry Yoghurt 170G,712024,$1.80,$1.06 / 100G,https://www.woolworths.com.au/shop/productdetails/712024/chobani-no-fat-strawberry-yoghurt,https://cdn0.woolworths.media/content/wowproductimages/medium/712024.jpg,2020-09-10 15:57:20,,0,Was $2.00 26/04/2020,True
Woolworths Supermarket,Lunch Box,Belvita Milk & Cereal Breakfast Biscuits 300g,715921,$4.00,$1.33 / 100G,https://www.woolworths.com.au/shop/productdetails/715921/belvita-milk-cereal-breakfast-biscuits,https://cdn0.woolworths.media/content/wowproductimages/medium/715921.jpg,2020-09-10 15:57:20,,0,,True
Woolworths Supermarket,Lunch Box,Sunraysia Organic Apple 100% Juice 200ml,741137,$1.30,$6.50 / 1L,https://www.woolworths.com.au/shop/productdetails/741137/sunraysia-organic-apple-100-juice,https://cdn0.woolworths.media/content/wowproductimages/medium/741137.jpg,2020-09-10 15:57:20,,0,5 for $5.00 $5.00/1L,True
Woolworths Supermarket,Lunch Box,Aeroplane Ready To Eat Jelly Strawberry 120g,754498,$1.40,$1.17 / 100G,https://www.woolworths.com.au/shop/productdetails/754498/aeroplane-ready-to-eat-jelly-strawberry,https://cdn0.woolworths.media/content/wowproductimages/medium/754498.jpg,2020-09-10 15:57:20,,0,,True
Woolworths Supermarket,Lunch Box,Aeroplane Ready To Eat Jelly Raspberry 120g,754521,$1.40,$1.17 / 100G,https://www.woolworths.com.au/shop/productdetails/754521/aeroplane-ready-to-eat-jelly-raspberry,https://cdn0.woolworths.media/content/wowproductimages/medium/754521.jpg,2020-09-10 15:57:20,,0,,True
Woolworths Supermarket,Lunch Box,Belvita Chocolate Breakfast Biscuits 300g,786364,$4.00,$1.33 / 100G,https://www.woolworths.com.au/shop/productdetails/786364/belvita-chocolate-breakfast-biscuits,https://cdn0.woolworths.media/content/wowproductimages/medium/786364.jpg,2020-09-10 15:57:20,,0,,True
Woolworths Supermarket,Lunch Box,Golden Circle Fruit Juice Apple Mango 6x200ml,477442,$3.00,$2.50 / 1L,https://www.woolworths.com.au/shop/productdetails/477442/golden-circle-fruit-juice-apple-mango,https://cdn0.woolworths.media/content/wowproductimages/medium/477442.jpg,2020-09-10 15:57:20,,0,Was $4.49 12/02/2018,True
Woolworths Supermarket,Lunch Box,Bellis Bars Apricot 45g,000079,$0.75,$1.67 / 100G,https://www.woolworths.com.au/shop/productdetails/79/bellis-bars-apricot,https://cdn0.woolworths.media/content/wowproductimages/medium/000079.jpg,2020-09-10 15:57:20,Average product rating out of 5: 4.6. Product score is based on 13 ratings,13,,True
Woolworths Supermarket,Lunch Box,Real Foods Corn Thins Soy And Linseed 150g,003961,$1.80,$1.20 / 100G,https://www.woolworths.com.au/shop/productdetails/3961/real-foods-corn-thins-soy-and-linseed,https://cdn0.woolworths.media/content/wowproductimages/medium/003961.jpg,2020-09-10 15:57:20,,0,,True
Woolworths Supermarket,Lunch Box,Real Foods Corn Thins Multigrain 150g,004021,$1.80,$1.20 / 100G,https://www.woolworths.com.au/shop/productdetails/4021/real-foods-corn-thins-multigrain,https://cdn0.woolworths.media/content/wowproductimages/medium/004021.jpg,2020-09-10 15:57:20,,0,,True
Woolworths Supermarket,Lunch Box,Essentials Cling Wrap 300m,018322,$6.75,$0.02 / 1M,https://www.woolworths.com.au/shop/productdetails/18322/essentials-cling-wrap,https://cdn0.woolworths.media/content/wowproductimages/medium/018322.jpg,2020-09-10 15:57:20,,0,,True
Woolworths Supermarket,Lunch Box,Tip Top Sunblest White Sandwich Bread 650g,019899,$3.00,$0.46 / 100G,https://www.woolworths.com.au/shop/productdetails/19899/tip-top-sunblest-white-sandwich-bread,https://cdn0.woolworths.media/content/wowproductimages/medium/019899.jpg,2020-09-10 15:57:20,,0,,True
Woolworths Supermarket,Lunch Box,Sanitarium Up&go Liquid Breakfast Strawberry 3 pack,023088,$4.80,$6.40 / 1L,https://www.woolworths.com.au/shop/productdetails/23088/sanitarium-up-go-liquid-breakfast-strawberry,https://cdn0.woolworths.media/content/wowproductimages/medium/023088.jpg,2020-09-10 15:57:20,,0,,True
Woolworths Supermarket,Lunch Box,Woolworths Bread Rolls Soft Wholemeal Lunch 6 Pack,027806,$2.00,$0.33 / 1EA,https://www.woolworths.com.au/shop/productdetails/27806/woolworths-bread-rolls-soft-wholemeal-lunch,https://cdn0.woolworths.media/content/wowproductimages/medium/027806.jpg,2020-09-10 15:57:20,Average product rating out of 5: 4.5. Product score is based on 361 ratings,361,,True
Woolworths Supermarket,Lunch Box,Woolworths Bread Rolls Grain Lunch 6 pack,030718,$2.00,$0.33 / 1EA,https://www.woolworths.com.au/shop/productdetails/30718/woolworths-bread-rolls-grain-lunch,https://cdn0.woolworths.media/content/wowproductimages/medium/030718.jpg,2020-09-10 15:57:20,,0,,True
Woolworths Supermarket,Lunch Box,Glad Cling Wrap 60m,030756,$4.50,$0.08 / 1M,https://www.woolworths.com.au/shop/productdetails/30756/glad-cling-wrap,https://cdn0.woolworths.media/content/wowproductimages/medium/030756.jpg,2020-09-10 15:57:20,,0,,True
Woolworths Supermarket,Lunch Box,Woolworths Qukes Baby Cucumbers Punnet 250g,169067,$4.00,$16.00 / 1KG,https://www.woolworths.com.au/shop/productdetails/169067/woolworths-qukes-baby-cucumbers-punnet,https://cdn0.woolworths.media/content/wowproductimages/medium/169067.jpg,2020-09-10 15:57:20,,0,,True
Woolworths Supermarket,Lunch Box,Hass Avocado each,120080,$3.00,$3.00 / 1EA,https://www.woolworths.com.au/shop/productdetails/120080/hass-avocado,https://cdn0.woolworths.media/content/wowproductimages/medium/120080.jpg,2020-09-10 15:57:20,,0,,True
Woolworths Supermarket,Lunch Box,Woolworths Single Leaf Baby Spinach 280g,524336,$5.00,$17.86 / 1KG,https://www.woolworths.com.au/shop/productdetails/524336/woolworths-single-leaf-baby-spinach,https://cdn0.woolworths.media/content/wowproductimages/medium/524336.jpg,2020-09-10 15:57:20,Average product rating out of 5: 4.8. Product score is based on 532 ratings,532,,True
Woolworths Supermarket,Lunch Box,Woolworths Spring Water 24x600ml pack,696782,$6.00,$0.42 / 1L,https://www.woolworths.com.au/shop/productdetails/696782/woolworths-spring-water,https://cdn0.woolworths.media/content/wowproductimages/medium/696782.jpg,2020-09-10 15:57:20,,0,,True
Woolworths Supermarket,Lunch Box,Fresh Tomato each,134034,$0.65,$0.65 / 1EA,https://www.woolworths.com.au/shop/productdetails/134034/fresh-tomato,https://cdn0.woolworths.media/content/wowproductimages/medium/134034.jpg,2020-09-10 15:57:20,,0,,True
Woolworths Supermarket,Lunch Box,Woolworths Solanato Tomato 200g,727144,$3.50,$17.50 / 1KG,https://www.woolworths.com.au/shop/productdetails/727144/woolworths-solanato-tomato,https://cdn0.woolworths.media/content/wowproductimages/medium/727144.jpg,2020-09-10 15:57:20,Average product rating out of 5: 4.7. Product score is based on 465 ratings,465,,True
Woolworths Supermarket,Lunch Box,Western Star Original Spreadable 500g,069756,$6.00,$1.20 / 100G,https://www.woolworths.com.au/shop/productdetails/69756/western-star-original-spreadable,https://cdn0.woolworths.media/content/wowproductimages/medium/069756.jpg,2020-09-10 15:57:20,,0,,True
Woolworths Supermarket,Lunch Box,Woolworths Cherry Tomatoes 250g,149620,$3.50,$14.00 / 1KG,https://www.woolworths.com.au/shop/productdetails/149620/woolworths-cherry-tomatoes,https://cdn0.woolworths.media/content/wowproductimages/medium/149620.jpg,2020-09-10 15:57:20,,0,,True
Woolworths Supermarket,Lunch Box,Woolworths Red Seedless Watermelon Quarter Each,120384,$6.63,$6.63 / 1KG,https://www.woolworths.com.au/shop/productdetails/120384/woolworths-red-seedless-watermelon-quarter,https://cdn0.woolworths.media/content/wowproductimages/medium/120384.jpg,2020-09-10 15:57:20,,0,,True
Woolworths Supermarket,Lunch Box,Select Continental Cucumbers each,137102,$3.00,,https://www.woolworths.com.au/shop/productdetails/137102/select-continental-cucumbers,https://cdn0.woolworths.media/content/wowproductimages/medium/137102.jpg,2020-09-10 15:57:20,,0,,True
Woolworths Supermarket,Lunch Box,Fresh Pink Lady Apples each,105919,$0.97,$0.97 / 1EA,https://www.woolworths.com.au/shop/productdetails/105919/fresh-pink-lady-apples,https://cdn0.woolworths.media/content/wowproductimages/medium/105919.jpg,2020-09-10 15:57:20,,0,,True
Woolworths Supermarket,Lunch Box,Woolworths Fresh Carrots 1KG,135369,$1.50,$1.50 / 1KG,https://www.woolworths.com.au/shop/productdetails/135369/woolworths-fresh-carrots,https://cdn0.woolworths.media/content/wowproductimages/medium/135369.jpg,2020-09-10 15:57:20,,0,,True
Woolworths Supermarket,Lunch Box,Select Fresh Pink Lady Apples 1kg,310968,$4.90,$4.90 / 1KG,https://www.woolworths.com.au/shop/productdetails/310968/select-fresh-pink-lady-apples,https://cdn0.woolworths.media/content/wowproductimages/medium/310968.jpg,2020-09-10 15:57:20,,0,,True
Woolworths Supermarket,Lunch Box,Cavendish Bananas EACH,133211,$0.54,$0.54 / 1KG,https://www.woolworths.com.au/shop/productdetails/133211/cavendish-bananas,https://cdn0.woolworths.media/content/wowproductimages/medium/133211.jpg,2020-09-10 15:57:20,,0,,True
Woolworths Supermarket,Lunch Box,Woolworths Baby Leaf Spinach 120g,524322,$3.00,$25.00 / 1KG,https://www.woolworths.com.au/shop/productdetails/524322/woolworths-baby-leaf-spinach,https://cdn0.woolworths.media/content/wowproductimages/medium/524322.jpg,2020-09-10 15:57:20,Average product rating out of 5: 4.7. Product score is based on 2842 ratings,2842,,True
Woolworths Supermarket,Lunch Box,Fresh Blueberries 125g,169792,$2.50,$20.00 / 1KG,https://www.woolworths.com.au/shop/productdetails/169792/fresh-blueberries,https://cdn0.woolworths.media/content/wowproductimages/medium/169792.jpg,2020-09-10 15:57:20,,0,,True
Woolworths Supermarket,Lunch Box,Fresh Strawberry 250G,144607,$1.50,$6.00 / 1KG,https://www.woolworths.com.au/shop/productdetails/144607/fresh-strawberry,https://cdn0.woolworths.media/content/wowproductimages/medium/144607.jpg,2020-09-10 15:57:20,,0,,True
Woolworths Supermarket,Lunch Box,Iceberg Lettuce each,154340,$2.90,$2.90 / 1EA,https://www.woolworths.com.au/shop/productdetails/154340/iceberg-lettuce,https://cdn0.woolworths.media/content/wowproductimages/medium/154340.jpg,2020-09-10 15:57:20,,0,,True
Woolworths Supermarket,Lunch Box,Hillview Cheese Block 1KG,500187,$8.00,$8.00 / 1KG,https://www.woolworths.com.au/shop/productdetails/500187/hillview-cheese-block,https://cdn0.woolworths.media/content/wowproductimages/medium/500187.jpg,2020-09-10 15:57:20,Average product rating out of 5: 4.5. Product score is based on 66 ratings,66,,True
Woolworths Supermarket,Lunch Box,Bega Tasty Cheese Slices 500g,769558,$9.00,$18.00 / 1KG,https://www.woolworths.com.au/shop/productdetails/769558/bega-tasty-cheese-slices,https://cdn0.woolworths.media/content/wowproductimages/medium/769558.jpg,2020-09-10 15:57:20,,0,Was $10.00 06/01/2020,True
Woolworths Supermarket,Lunch Box,Sanitarium Up&go Liquid Breakfast Banana 3 pack,032295,$4.80,$6.40 / 1L,https://www.woolworths.com.au/shop/productdetails/32295/sanitarium-up-go-liquid-breakfast-banana,https://cdn0.woolworths.media/content/wowproductimages/medium/032295.jpg,2020-09-10 15:57:20,,0,,True
Woolworths Supermarket,Lunch Box,Dairylea Cheddar Cheese 250g,033497,$4.00,$16.00 / 1KG,https://www.woolworths.com.au/shop/productdetails/33497/dairylea-cheddar-cheese,https://cdn0.woolworths.media/content/wowproductimages/medium/033497.jpg,2020-09-10 15:57:20,,0,,True
Woolworths Supermarket,Lunch Box,Dairylea Cheddar Cheese 500g,033500,$6.60,$13.20 / 1KG,https://www.woolworths.com.au/shop/productdetails/33500/dairylea-cheddar-cheese,https://cdn0.woolworths.media/content/wowproductimages/medium/033500.jpg,2020-09-10 15:57:20,,0,,True
Woolworths Supermarket,Lunch Box,Bega Peanut Butter Crunchy 375g,033604,$4.90,$1.31 / 100G,https://www.woolworths.com.au/shop/productdetails/33604/bega-peanut-butter-crunchy,https://cdn0.woolworths.media/content/wowproductimages/medium/033604.jpg,2020-09-10 15:57:20,,0,,True
Woolworths Supermarket,Lunch Box,Bega Peanut Butter Smooth 375g,033605,$4.90,$1.31 / 100G,https://www.woolworths.com.au/shop/productdetails/33605/bega-peanut-butter-smooth,https://cdn0.woolworths.media/content/wowproductimages/medium/033605.jpg,2020-09-10 15:57:20,,0,,True
Woolworths Supermarket,Lunch Box,Capilano Honey Jar 500g,033642,$8.60,$1.72 / 100G,https://www.woolworths.com.au/shop/productdetails/33642/capilano-honey-jar,https://cdn0.woolworths.media/content/wowproductimages/medium/033642.jpg,2020-09-10 15:57:20,,0,,True
Woolworths Supermarket,Lunch Box,Woolworths Bread Rolls Crusty Lunch 6 pack,033908,$2.00,$0.33 / 1EA,https://www.woolworths.com.au/shop/productdetails/33908/woolworths-bread-rolls-crusty-lunch,https://cdn0.woolworths.media/content/wowproductimages/medium/033908.jpg,2020-09-10 15:57:20,,0,,True
Woolworths Supermarket,Lunch Box,Woolworths Bread Rolls Hotdog Extra Soft 6 pack,033909,$2.00,$0.33 / 1EA,https://www.woolworths.com.au/shop/productdetails/33909/woolworths-bread-rolls-hotdog-extra-soft,https://cdn0.woolworths.media/content/wowproductimages/medium/033909.jpg,2020-09-10 15:57:20,Average product rating out of 5: 4.5. Product score is based on 340 ratings,340,,True
Woolworths Supermarket,Lunch Box,Woolworths Bread Wholemeal Loaf 680G,035496,$2.00,$0.29 / 100G,https://www.woolworths.com.au/shop/productdetails/35496/woolworths-bread-wholemeal-loaf,https://cdn0.woolworths.media/content/wowproductimages/medium/035496.jpg,2020-09-10 15:57:20,,0,,True
Woolworths Supermarket,Lunch Box,Breaka Chocolate Milk 6x250ml,036686,$5.00,$3.33 / 1L,https://www.woolworths.com.au/shop/productdetails/36686/breaka-chocolate-milk,https://cdn0.woolworths.media/content/wowproductimages/medium/036686.jpg,2020-09-10 15:57:20,,0,Was $5.50 08/07/2019,True
Woolworths Supermarket,Lunch Box,Don Ham Leg Honey Roasted Shaved 250g,036899,$6.40,$25.60 / 1KG,https://www.woolworths.com.au/shop/productdetails/36899/don-ham-leg-honey-roasted-shaved,https://cdn0.woolworths.media/content/wowproductimages/medium/036899.jpg,2020-09-10 15:57:20,,0,,True
Woolworths Supermarket,Lunch Box,Don English Style Thinly Sliced Leg Ham 250g,037058,$6.40,$25.60 / 1KG,https://www.woolworths.com.au/shop/productdetails/37058/don-english-style-thinly-sliced-leg-ham,https://cdn0.woolworths.media/content/wowproductimages/medium/037058.jpg,2020-09-10 15:57:20,,0,,True
Woolworths Supermarket,Lunch Box,Bega Peanut Butter Crunchy 780g,038921,$6.50,$0.83 / 100G,https://www.woolworths.com.au/shop/productdetails/38921/bega-peanut-butter-crunchy,https://cdn0.woolworths.media/content/wowproductimages/medium/038921.jpg,2020-09-10 15:57:20,,0,Was $8.00 24/04/2017,True
Woolworths Supermarket,Lunch Box,Nuttelex Polyunsaturated Margarine Spread 500G,041285,$2.90,$0.58 / 100G,https://www.woolworths.com.au/shop/productdetails/41285/nuttelex-polyunsaturated-margarine-spread,https://cdn0.woolworths.media/content/wowproductimages/medium/041285.jpg,2020-09-10 15:57:20,,0,,True
Woolworths Supermarket,Lunch Box,Evian Spring Still Water 330ml,042729,$2.00,$6.06 / 1L,https://www.woolworths.com.au/shop/productdetails/42729/evian-spring-still-water,https://cdn0.woolworths.media/content/wowproductimages/medium/042729.jpg,2020-09-10 15:57:20,,0,,True
Woolworths Supermarket,Lunch Box,Vaalia Low Fat French Vanilla Yoghurt 4x150g,044934,$4.30,$0.72 / 100G,https://www.woolworths.com.au/shop/productdetails/44934/vaalia-low-fat-french-vanilla-yoghurt,https://cdn0.woolworths.media/content/wowproductimages/medium/044934.jpg,2020-09-10 15:57:20,,0,,True
Woolworths Supermarket,Lunch Box,Flora Margarine Spread Original 500g,048019,$2.99,$0.60 / 100G,https://www.woolworths.com.au/shop/productdetails/48019/flora-margarine-spread-original,https://cdn0.woolworths.media/content/wowproductimages/medium/048019.jpg,2020-09-10 15:57:20,,0,,True
Woolworths Supermarket,Lunch Box,Flora Margarine Spread Original 1kg,048293,$4.50,$0.45 / 100G,https://www.woolworths.com.au/shop/productdetails/48293/flora-margarine-spread-original,https://cdn0.woolworths.media/content/wowproductimages/medium/048293.jpg,2020-09-10 15:57:20,,0,Was $5.00 06/03/2017,True
Woolworths Supermarket,Lunch Box,Devondale Dairy Soft Butter Blend 500g,048462,$5.70,$1.14 / 100G,https://www.woolworths.com.au/shop/productdetails/48462/devondale-dairy-soft-butter-blend,https://cdn0.woolworths.media/content/wowproductimages/medium/048462.jpg,2020-09-10 15:57:20,,0,,True
Woolworths Supermarket,Lunch Box,Devondale Dairy Soft Salt Reduced Butter Blend 500g,048463,$5.70,$1.14 / 100G,https://www.woolworths.com.au/shop/productdetails/48463/devondale-dairy-soft-salt-reduced-butter-blend,https://cdn0.woolworths.media/content/wowproductimages/medium/048463.jpg,2020-09-10 15:57:20,,0,,True
Woolworths Supermarket,Lunch Box,Tasti Nut Bar Salted Caramel 12 pack,052273,$5.50,$3.14 / 100G,https://www.woolworths.com.au/shop/productdetails/52273/tasti-nut-bar-salted-caramel,https://cdn0.woolworths.media/content/wowproductimages/medium/052273.jpg,2020-09-10 15:57:20,,0,,True
Woolworths Supermarket,Lunch Box,"Nice & Natural Nut Butter Bars Almond Butter With Peanuts, Coconut & Choc 5 pack",054834,$3.00,$1.71 / 100G,https://www.woolworths.com.au/shop/productdetails/54834/nice-natural-nut-butter-bars-almond-butter-with-peanuts-coconut-choc,https://cdn0.woolworths.media/content/wowproductimages/medium/054834.jpg,2020-09-10 15:57:20,,0,,True
Woolworths Supermarket,Lunch Box,Nice & Natural Nut Butter Bars Cashew Butter With Peanuts & Dark Choc 5 pack,054840,$3.00,$1.71 / 100G,https://www.woolworths.com.au/shop/productdetails/54840/nice-natural-nut-butter-bars-cashew-butter-with-peanuts-dark-choc,https://cdn0.woolworths.media/content/wowproductimages/medium/054840.jpg,2020-09-10 15:57:20,,0,,True
Woolworths Supermarket,Lunch Box,Nice & Natural Nut Butter Bars Peanut Butter With Milk Choc 5 pack,054859,$3.00,,https://www.woolworths.com.au/shop/productdetails/54859/nice-natural-nut-butter-bars-peanut-butter-with-milk-choc,https://cdn0.woolworths.media/content/wowproductimages/medium/054859.jpg,2020-09-10 15:57:20,,0,,True
Woolworths Supermarket,Lunch Box,Tip Top The One Sandwich Bread White 700g,713816,$3.40,$0.49 / 100G,https://www.woolworths.com.au/shop/productdetails/713816/tip-top-the-one-sandwich-bread-white,https://cdn0.woolworths.media/content/wowproductimages/medium/713816.jpg,2020-09-10 15:57:20,,0,,True
Woolworths Supermarket,Lunch Box,Woolworths Single Leaf Baby Spinach 280g,524336,$5.00,$17.86 / 1KG,https://www.woolworths.com.au/shop/productdetails/524336/woolworths-single-leaf-baby-spinach,https://cdn0.woolworths.media/content/wowproductimages/medium/524336.jpg,2020-09-10 15:57:20,Average product rating out of 5: 4.8. Product score is based on 532 ratings,532,,True
Woolworths Supermarket,Lunch Box,Select Continental Cucumbers each,137102,$3.00,,https://www.woolworths.com.au/shop/productdetails/137102/select-continental-cucumbers,https://cdn0.woolworths.media/content/wowproductimages/medium/137102.jpg,2020-09-10 15:57:20,,0,,True
Woolworths Supermarket,Lunch Box,Woolworths Fresh Carrots 1KG,135369,$1.50,$1.50 / 1KG,https://www.woolworths.com.au/shop/productdetails/135369/woolworths-fresh-carrots,https://cdn0.woolworths.media/content/wowproductimages/medium/135369.jpg,2020-09-10 15:57:20,,0,,True
Woolworths Supermarket,Lunch Box,Woolworths Baby Spinach Salad Bag 60g,379515,$2.00,$33.33 / 1KG,https://www.woolworths.com.au/shop/productdetails/379515/woolworths-baby-spinach-salad-bag,https://cdn0.woolworths.media/content/wowproductimages/medium/379515.jpg,2020-09-10 15:57:20,Average product rating out of 5: 4.7. Product score is based on 725 ratings,725,,True
Woolworths Supermarket,Lunch Box,Fresh Pink Lady Apples each,105919,$0.97,$0.97 / 1EA,https://www.woolworths.com.au/shop/productdetails/105919/fresh-pink-lady-apples,https://cdn0.woolworths.media/content/wowproductimages/medium/105919.jpg,2020-09-10 15:57:20,,0,,True
Woolworths Supermarket,Lunch Box,Woolworths Red Seedless Watermelon Quarter Each,120384,$6.63,$6.63 / 1KG,https://www.woolworths.com.au/shop/productdetails/120384/woolworths-red-seedless-watermelon-quarter,https://cdn0.woolworths.media/content/wowproductimages/medium/120384.jpg,2020-09-10 15:57:20,,0,,True
Woolworths Supermarket,Lunch Box,Cavendish Bananas EACH,133211,$0.54,$0.54 / 1KG,https://www.woolworths.com.au/shop/productdetails/133211/cavendish-bananas,https://cdn0.woolworths.media/content/wowproductimages/medium/133211.jpg,2020-09-10 15:57:20,,0,,True
Woolworths Supermarket,Lunch Box,Woolworths Solanato Tomato 200g,727144,$3.50,$17.50 / 1KG,https://www.woolworths.com.au/shop/productdetails/727144/woolworths-solanato-tomato,https://cdn0.woolworths.media/content/wowproductimages/medium/727144.jpg,2020-09-10 15:57:20,Average product rating out of 5: 4.7. Product score is based on 465 ratings,465,,True
Woolworths Supermarket,Lunch Box,Woolworths Baby Leaf Spinach 120g,524322,$3.00,$25.00 / 1KG,https://www.woolworths.com.au/shop/productdetails/524322/woolworths-baby-leaf-spinach,https://cdn0.woolworths.media/content/wowproductimages/medium/524322.jpg,2020-09-10 15:57:20,Average product rating out of 5: 4.7. Product score is based on 2842 ratings,2842,,True
Woolworths Supermarket,Lunch Box,Hass Avocado each,120080,$3.00,$3.00 / 1EA,https://www.woolworths.com.au/shop/productdetails/120080/hass-avocado,https://cdn0.woolworths.media/content/wowproductimages/medium/120080.jpg,2020-09-10 15:57:20,,0,,True
Woolworths Supermarket,Lunch Box,Fresh Blueberries 125g,169792,$2.50,$20.00 / 1KG,https://www.woolworths.com.au/shop/productdetails/169792/fresh-blueberries,https://cdn0.woolworths.media/content/wowproductimages/medium/169792.jpg,2020-09-10 15:57:20,,0,,True
Woolworths Supermarket,Lunch Box,Iceberg Lettuce each,154340,$2.90,$2.90 / 1EA,https://www.woolworths.com.au/shop/productdetails/154340/iceberg-lettuce,https://cdn0.woolworths.media/content/wowproductimages/medium/154340.jpg,2020-09-10 15:57:20,,0,,True
Woolworths Supermarket,Lunch Box,Onion Red EACH,144497,$0.53,$0.53 / 0,https://www.woolworths.com.au/shop/productdetails/144497/onion-red,https://cdn0.woolworths.media/content/wowproductimages/medium/144497.jpg,2020-09-10 15:57:20,,0,,True
Woolworths Supermarket,Lunch Box,Woolworths Cherry Tomatoes 250g,149620,$3.50,$14.00 / 1KG,https://www.woolworths.com.au/shop/productdetails/149620/woolworths-cherry-tomatoes,https://cdn0.woolworths.media/content/wowproductimages/medium/149620.jpg,2020-09-10 15:57:20,,0,,True
Woolworths Supermarket,Lunch Box,Select Fresh Pink Lady Apples 1kg,310968,$4.90,$4.90 / 1KG,https://www.woolworths.com.au/shop/productdetails/310968/select-fresh-pink-lady-apples,https://cdn0.woolworths.media/content/wowproductimages/medium/310968.jpg,2020-09-10 15:57:20,,0,,True
Woolworths Supermarket,Lunch Box,Fresh Tomato each,134034,$0.65,$0.65 / 1EA,https://www.woolworths.com.au/shop/productdetails/134034/fresh-tomato,https://cdn0.woolworths.media/content/wowproductimages/medium/134034.jpg,2020-09-10 15:57:20,,0,,True
Woolworths Supermarket,Lunch Box,Woolworths Qukes Baby Cucumbers Punnet 250g,169067,$4.00,$16.00 / 1KG,https://www.woolworths.com.au/shop/productdetails/169067/woolworths-qukes-baby-cucumbers-punnet,https://cdn0.woolworths.media/content/wowproductimages/medium/169067.jpg,2020-09-10 15:57:20,,0,,True
Woolworths Supermarket,Lunch Box,Western Star Original Spreadable 500g,069756,$6.00,$1.20 / 100G,https://www.woolworths.com.au/shop/productdetails/69756/western-star-original-spreadable,https://cdn0.woolworths.media/content/wowproductimages/medium/069756.jpg,2020-09-10 15:57:20,,0,,True
Woolworths Supermarket,Lunch Box,Fresh Strawberry 250G,144607,$1.50,$6.00 / 1KG,https://www.woolworths.com.au/shop/productdetails/144607/fresh-strawberry,https://cdn0.woolworths.media/content/wowproductimages/medium/144607.jpg,2020-09-10 15:57:20,,0,,True
Woolworths Supermarket,Lunch Box,Pureau Pure Water 9x600ml,055072,$5.70,$1.06 / 1L,https://www.woolworths.com.au/shop/productdetails/55072/pureau-pure-water,https://cdn0.woolworths.media/content/wowproductimages/medium/055072.jpg,2020-09-10 15:57:20,,0,,True
Woolworths Supermarket,Lunch Box,Western Star Original Spreadable 500g,069756,$6.00,$1.20 / 100G,https://www.woolworths.com.au/shop/productdetails/69756/western-star-original-spreadable,https://cdn0.woolworths.media/content/wowproductimages/medium/069756.jpg,2020-09-10 15:57:20,,0,,True
Woolworths Supermarket,Lunch Box,Helga's Wholemeal Bread With Grains 850G,075035,$3.90,$0.46 / 100G,https://www.woolworths.com.au/shop/productdetails/75035/helga-s-wholemeal-bread-with-grains,https://cdn0.woolworths.media/content/wowproductimages/medium/075035.jpg,2020-09-10 15:57:20,,0,,True
Woolworths Supermarket,Lunch Box,Vaalia Low Fat Passionfruit Yoghurt 4x150g,075073,$4.30,$0.72 / 100G,https://www.woolworths.com.au/shop/productdetails/75073/vaalia-low-fat-passionfruit-yoghurt,https://cdn0.woolworths.media/content/wowproductimages/medium/075073.jpg,2020-09-10 15:57:20,,0,,True
Woolworths Supermarket,Lunch Box,Helga's Bread Light Rye 680g,075238,$3.90,$0.57 / 100G,https://www.woolworths.com.au/shop/productdetails/75238/helga-s-bread-light-rye,https://cdn0.woolworths.media/content/wowproductimages/medium/075238.jpg,2020-09-10 15:57:20,,0,,True
Woolworths Supermarket,Lunch Box,Fiji Still Natural Artesian Water 700ml,078139,$2.60,$3.71 / 1L,https://www.woolworths.com.au/shop/productdetails/78139/fiji-still-natural-artesian-water,https://cdn0.woolworths.media/content/wowproductimages/medium/078139.jpg,2020-09-10 15:57:20,,0,,True
Woolworths Supermarket,Lunch Box,Macro Organic Chewy Fruit Free Muesli Bars 6 pack,080055,$6.00,$3.33 / 100G,https://www.woolworths.com.au/shop/productdetails/80055/macro-organic-chewy-fruit-free-muesli-bars,https://cdn0.woolworths.media/content/wowproductimages/medium/080055.jpg,2020-09-10 15:57:20,,0,,True
Woolworths Supermarket,Lunch Box,Macro Organic Classic Fruit & Nut Muesli Bars 6 pack,080056,$6.00,$3.33 / 100G,https://www.woolworths.com.au/shop/productdetails/80056/macro-organic-classic-fruit-nut-muesli-bars,https://cdn0.woolworths.media/content/wowproductimages/medium/080056.jpg,2020-09-10 15:57:20,,0,,True
Woolworths Supermarket,Lunch Box,Alka Power Active Ph9+ Water 1l,081273,$3.50,$3.50 / 1L,https://www.woolworths.com.au/shop/productdetails/81273/alka-power-active-ph9-water,https://cdn0.woolworths.media/content/wowproductimages/medium/081273.jpg,2020-09-10 15:57:20,,0,,True
Woolworths Supermarket,Lunch Box,Nu Pure Still Spring Water 20x600ml,081274,$6.00,$0.50 / 1L,https://www.woolworths.com.au/shop/productdetails/81274/nu-pure-still-spring-water,https://cdn0.woolworths.media/content/wowproductimages/medium/081274.jpg,2020-09-10 15:57:20,,0,,True
Woolworths Supermarket,Lunch Box,Balconi Mix Max Spgnckes Cocoa 10 pack,088602,$5.50,$1.57 / 100G,https://www.woolworths.com.au/shop/productdetails/88602/balconi-mix-max-spgnckes-cocoa,https://cdn0.woolworths.media/content/wowproductimages/medium/088602.jpg,2020-09-10 15:57:20,,0,,True
Woolworths Supermarket,Lunch Box,Nestle Milo Plant Based 395g,094324,$4.20,$1.06 / 100G,https://www.woolworths.com.au/shop/productdetails/94324/nestle-milo-plant-based,https://cdn0.woolworths.media/content/wowproductimages/medium/094324.jpg,2020-09-10 15:57:20,,0,,True
Woolworths Supermarket,Lunch Box,Noya Abc Almond Brazil & Cashew Butter 250g,096010,$8.50,$3.40 / 100G,https://www.woolworths.com.au/shop/productdetails/96010/noya-abc-almond-brazil-cashew-butter,https://cdn0.woolworths.media/content/wowproductimages/medium/096010.jpg,2020-09-10 15:57:20,,0,,True
Woolworths Supermarket,Lunch Box,Philadelphia Cream Cheese Spread Light 250g,096422,$4.70,$18.80 / 1KG,https://www.woolworths.com.au/shop/productdetails/96422/philadelphia-cream-cheese-spread-light,https://cdn0.woolworths.media/content/wowproductimages/medium/096422.jpg,2020-09-10 15:57:20,,0,,True
Woolworths Supermarket,Lunch Box,Glad Cling Wrap 150m,096573,$9.95,$0.07 / 1M,https://www.woolworths.com.au/shop/productdetails/96573/glad-cling-wrap,https://cdn0.woolworths.media/content/wowproductimages/medium/096573.jpg,2020-09-10 15:57:20,,0,,True
Woolworths Supermarket,Lunch Box,Noya Almond Nut Butter 250g,096804,$8.50,$3.40 / 100G,https://www.woolworths.com.au/shop/productdetails/96804/noya-almond-nut-butter,https://cdn0.woolworths.media/content/wowproductimages/medium/096804.jpg,2020-09-10 15:57:20,,0,,True
Woolworths Supermarket,Lunch Box,Noya Cashew Nut Butter 250g,096906,$8.50,$3.40 / 100G,https://www.woolworths.com.au/shop/productdetails/96906/noya-cashew-nut-butter,https://cdn0.woolworths.media/content/wowproductimages/medium/096906.jpg,2020-09-10 15:57:20,,0,,True
Woolworths Supermarket,Lunch Box,Noya Hazelnut & Cashew Butter 200g,097204,$8.50,$4.25 / 100G,https://www.woolworths.com.au/shop/productdetails/97204/noya-hazelnut-cashew-butter,https://cdn0.woolworths.media/content/wowproductimages/medium/097204.jpg,2020-09-10 15:57:20,,0,,True
Woolworths Supermarket,Lunch Box,Capilano All Natural Choc Honey Spread 300g,097384,$7.00,$2.33 / 100G,https://www.woolworths.com.au/shop/productdetails/97384/capilano-all-natural-choc-honey-spread,https://cdn0.woolworths.media/content/wowproductimages/medium/097384.jpg,2020-09-10 15:57:20,,0,,True
Woolworths Supermarket,Lunch Box,Pop Tops Apple Blackcurrant Drink 250ml x6 pack,103984,$3.75,$2.50 / 1L,https://www.woolworths.com.au/shop/productdetails/103984/pop-tops-apple-blackcurrant-drink,https://cdn0.woolworths.media/content/wowproductimages/medium/103984.jpg,2020-09-10 15:57:20,,0,,True
Woolworths Supermarket,Lunch Box,Uncle Tobys Oat Slice Choc Chip 4 pack,108401,$5.50,$3.93 / 100G,https://www.woolworths.com.au/shop/productdetails/108401/uncle-tobys-oat-slice-choc-chip,https://cdn0.woolworths.media/content/wowproductimages/medium/108401.jpg,2020-09-10 15:57:20,,0,,True
Woolworths Supermarket,Lunch Box,Fibre One Salted Caramel & Almond Popcorn Bars 5 pack,109405,$3.00,$2.86 / 100G,https://www.woolworths.com.au/shop/productdetails/109405/fibre-one-salted-caramel-almond-popcorn-bars,https://cdn0.woolworths.media/content/wowproductimages/medium/109405.jpg,2020-09-10 15:57:20,,0,,True
Woolworths Supermarket,Lunch Box,Carman's Nutty Delights Dark Choc Cherry & Coconut Bars 8 pack,109953,$4.50,$2.81 / 100G,https://www.woolworths.com.au/shop/productdetails/109953/carman-s-nutty-delights-dark-choc-cherry-coconut-bars,https://cdn0.woolworths.media/content/wowproductimages/medium/109953.jpg,2020-09-10 15:57:20,,0,,True
Woolworths Supermarket,Lunch Box,Uncle Tobys Oat Slice Peanut Butter 4 pack,110311,$5.50,$3.93 / 100G,https://www.woolworths.com.au/shop/productdetails/110311/uncle-tobys-oat-slice-peanut-butter,https://cdn0.woolworths.media/content/wowproductimages/medium/110311.jpg,2020-09-10 15:57:20,,0,,True
Woolworths Supermarket,Lunch Box,Tip Top The One Sandwich Bread White 700g,713816,$3.40,$0.49 / 100G,https://www.woolworths.com.au/shop/productdetails/713816/tip-top-the-one-sandwich-bread-white,https://cdn0.woolworths.media/content/wowproductimages/medium/713816.jpg,2020-09-10 15:57:20,,0,,True
Woolworths Supermarket,Lunch Box,Fresh Tomato each,134034,$0.65,$0.65 / 1EA,https://www.woolworths.com.au/shop/productdetails/134034/fresh-tomato,https://cdn0.woolworths.media/content/wowproductimages/medium/134034.jpg,2020-09-10 15:57:20,,0,,True
Woolworths Supermarket,Lunch Box,Western Star Original Spreadable 500g,069756,$6.00,$1.20 / 100G,https://www.woolworths.com.au/shop/productdetails/69756/western-star-original-spreadable,https://cdn0.woolworths.media/content/wowproductimages/medium/069756.jpg,2020-09-10 15:57:20,,0,,True
Woolworths Supermarket,Lunch Box,Woolworths Fresh Carrots 1KG,135369,$1.50,$1.50 / 1KG,https://www.woolworths.com.au/shop/productdetails/135369/woolworths-fresh-carrots,https://cdn0.woolworths.media/content/wowproductimages/medium/135369.jpg,2020-09-10 15:57:20,,0,,True
Woolworths Supermarket,Lunch Box,Woolworths Baby Spinach Salad Bag 60g,379515,$2.00,$33.33 / 1KG,https://www.woolworths.com.au/shop/productdetails/379515/woolworths-baby-spinach-salad-bag,https://cdn0.woolworths.media/content/wowproductimages/medium/379515.jpg,2020-09-10 15:57:20,Average product rating out of 5: 4.7. Product score is based on 725 ratings,725,,True
Woolworths Supermarket,Lunch Box,Select Fresh Pink Lady Apples 1kg,310968,$4.90,$4.90 / 1KG,https://www.woolworths.com.au/shop/productdetails/310968/select-fresh-pink-lady-apples,https://cdn0.woolworths.media/content/wowproductimages/medium/310968.jpg,2020-09-10 15:57:20,,0,,True
Woolworths Supermarket,Lunch Box,Woolworths Cherry Tomatoes 250g,149620,$3.50,$14.00 / 1KG,https://www.woolworths.com.au/shop/productdetails/149620/woolworths-cherry-tomatoes,https://cdn0.woolworths.media/content/wowproductimages/medium/149620.jpg,2020-09-10 15:57:20,,0,,True
Woolworths Supermarket,Lunch Box,Woolworths Solanato Tomato 200g,727144,$3.50,$17.50 / 1KG,https://www.woolworths.com.au/shop/productdetails/727144/woolworths-solanato-tomato,https://cdn0.woolworths.media/content/wowproductimages/medium/727144.jpg,2020-09-10 15:57:20,Average product rating out of 5: 4.7. Product score is based on 465 ratings,465,,True
Woolworths Supermarket,Lunch Box,Hass Avocado each,120080,$3.00,$3.00 / 1EA,https://www.woolworths.com.au/shop/productdetails/120080/hass-avocado,https://cdn0.woolworths.media/content/wowproductimages/medium/120080.jpg,2020-09-10 15:57:20,,0,,True
Woolworths Supermarket,Lunch Box,Woolworths Red Seedless Watermelon Quarter Each,120384,$6.63,$6.63 / 1KG,https://www.woolworths.com.au/shop/productdetails/120384/woolworths-red-seedless-watermelon-quarter,https://cdn0.woolworths.media/content/wowproductimages/medium/120384.jpg,2020-09-10 15:57:20,,0,,True
Woolworths Supermarket,Lunch Box,Select Continental Cucumbers each,137102,$3.00,,https://www.woolworths.com.au/shop/productdetails/137102/select-continental-cucumbers,https://cdn0.woolworths.media/content/wowproductimages/medium/137102.jpg,2020-09-10 15:57:20,,0,,True
Woolworths Supermarket,Lunch Box,Iceberg Lettuce each,154340,$2.90,$2.90 / 1EA,https://www.woolworths.com.au/shop/productdetails/154340/iceberg-lettuce,https://cdn0.woolworths.media/content/wowproductimages/medium/154340.jpg,2020-09-10 15:57:20,,0,,True
Woolworths Supermarket,Lunch Box,Fresh Strawberry 250G,144607,$1.50,$6.00 / 1KG,https://www.woolworths.com.au/shop/productdetails/144607/fresh-strawberry,https://cdn0.woolworths.media/content/wowproductimages/medium/144607.jpg,2020-09-10 15:57:20,,0,,True
Woolworths Supermarket,Lunch Box,Fresh Pink Lady Apples each,105919,$0.97,$0.97 / 1EA,https://www.woolworths.com.au/shop/productdetails/105919/fresh-pink-lady-apples,https://cdn0.woolworths.media/content/wowproductimages/medium/105919.jpg,2020-09-10 15:57:20,,0,,True
Woolworths Supermarket,Lunch Box,Onion Red EACH,144497,$0.53,$0.53 / 0,https://www.woolworths.com.au/shop/productdetails/144497/onion-red,https://cdn0.woolworths.media/content/wowproductimages/medium/144497.jpg,2020-09-10 15:57:20,,0,,True
Woolworths Supermarket,Lunch Box,Woolworths Baby Leaf Spinach 120g,524322,$3.00,$25.00 / 1KG,https://www.woolworths.com.au/shop/productdetails/524322/woolworths-baby-leaf-spinach,https://cdn0.woolworths.media/content/wowproductimages/medium/524322.jpg,2020-09-10 15:57:20,Average product rating out of 5: 4.7. Product score is based on 2842 ratings,2842,,True
Woolworths Supermarket,Lunch Box,Cavendish Bananas EACH,133211,$0.54,$0.54 / 1KG,https://www.woolworths.com.au/shop/productdetails/133211/cavendish-bananas,https://cdn0.woolworths.media/content/wowproductimages/medium/133211.jpg,2020-09-10 15:57:20,,0,,True
Woolworths Supermarket,Lunch Box,Fresh Blueberries 125g,169792,$2.50,$20.00 / 1KG,https://www.woolworths.com.au/shop/productdetails/169792/fresh-blueberries,https://cdn0.woolworths.media/content/wowproductimages/medium/169792.jpg,2020-09-10 15:57:20,,0,,True
Woolworths Supermarket,Lunch Box,Woolworths Single Leaf Baby Spinach 280g,524336,$5.00,$17.86 / 1KG,https://www.woolworths.com.au/shop/productdetails/524336/woolworths-single-leaf-baby-spinach,https://cdn0.woolworths.media/content/wowproductimages/medium/524336.jpg,2020-09-10 15:57:20,Average product rating out of 5: 4.8. Product score is based on 532 ratings,532,,True
Woolworths Supermarket,Lunch Box,Woolworths Qukes Baby Cucumbers Punnet 250g,169067,$4.00,$16.00 / 1KG,https://www.woolworths.com.au/shop/productdetails/169067/woolworths-qukes-baby-cucumbers-punnet,https://cdn0.woolworths.media/content/wowproductimages/medium/169067.jpg,2020-09-10 15:57:20,,0,,True
Woolworths Supermarket,Lunch Box,Mt Ossa Tasmanian Spring Water Still 750ml,110540,$2.80,$3.73 / 1L,https://www.woolworths.com.au/shop/productdetails/110540/mt-ossa-tasmanian-spring-water-still,https://cdn0.woolworths.media/content/wowproductimages/medium/110540.jpg,2020-09-10 15:57:20,,0,,True
Woolworths Supermarket,Lunch Box,Carman's Nutty Delights Sticky Date & Caramel Bars 8 pack,110554,$4.50,$2.81 / 100G,https://www.woolworths.com.au/shop/productdetails/110554/carman-s-nutty-delights-sticky-date-caramel-bars,https://cdn0.woolworths.media/content/wowproductimages/medium/110554.jpg,2020-09-10 15:57:20,,0,,True
Woolworths Supermarket,Lunch Box,Carman's Aussie Oat Choc Chip Bars 6 pack,110704,$5.00,$2.78 / 100G,https://www.woolworths.com.au/shop/productdetails/110704/carman-s-aussie-oat-choc-chip-bars,https://cdn0.woolworths.media/content/wowproductimages/medium/110704.jpg,2020-09-10 15:57:20,,0,,True
Woolworths Supermarket,Lunch Box,Carman's Peanut Butter Brownue Protein Bars 5 pack,110882,$4.50,$2.25 / 100G,https://www.woolworths.com.au/shop/productdetails/110882/carman-s-peanut-butter-brownue-protein-bars,https://cdn0.woolworths.media/content/wowproductimages/medium/110882.jpg,2020-09-10 15:57:20,,0,,True
Woolworths Supermarket,Lunch Box,Uncle Tobys Roll Ups Lemonade Flavour 6 pack,111271,$2.00,$2.13 / 100G,https://www.woolworths.com.au/shop/productdetails/111271/uncle-tobys-roll-ups-lemonade-flavour,https://cdn0.woolworths.media/content/wowproductimages/medium/111271.jpg,2020-09-10 15:57:20,,0,,True
Woolworths Supermarket,Lunch Box,Noshu Sugar Free Unicorn Snackles 5 pack,111371,$6.00,$5.45 / 100G,https://www.woolworths.com.au/shop/productdetails/111371/noshu-sugar-free-unicorn-snackles,https://cdn0.woolworths.media/content/wowproductimages/medium/111371.jpg,2020-09-10 15:57:20,,0,,True
Woolworths Supermarket,Lunch Box,Noshu Sugar Free Marshy Mellow Snackles 5 pack,111446,$6.00,$5.45 / 100G,https://www.woolworths.com.au/shop/productdetails/111446/noshu-sugar-free-marshy-mellow-snackles,https://cdn0.woolworths.media/content/wowproductimages/medium/111446.jpg,2020-09-10 15:57:20,,0,,True
Woolworths Supermarket,Lunch Box,Uncle Tobys Lemon & Yoghurt Drizzle Muesli Bars 5 pack,112681,$5.00,$2.86 / 100G,https://www.woolworths.com.au/shop/productdetails/112681/uncle-tobys-lemon-yoghurt-drizzle-muesli-bars,https://cdn0.woolworths.media/content/wowproductimages/medium/112681.jpg,2020-09-10 15:57:20,,0,,True
Woolworths Supermarket,Lunch Box,Kellogg's Lcms Fruit Tingles Snack Bars 6 pack,113615,$4.00,$3.33 / 100G,https://www.woolworths.com.au/shop/productdetails/113615/kellogg-s-lcms-fruit-tingles-snack-bars,https://cdn0.woolworths.media/content/wowproductimages/medium/113615.jpg,2020-09-10 15:57:20,,0,,True
Woolworths Supermarket,Lunch Box,Kellogg's Lcms Coco Pops White Choc Snack Bars 12 pack,113621,$7.00,$2.92 / 100G,https://www.woolworths.com.au/shop/productdetails/113621/kellogg-s-lcms-coco-pops-white-choc-snack-bars,https://cdn0.woolworths.media/content/wowproductimages/medium/113621.jpg,2020-09-10 15:57:20,,0,,True
Woolworths Supermarket,Lunch Box,Kellogg's Lcms Fairy Bread Snack Bars 12 pack,113654,$7.00,$2.92 / 100G,https://www.woolworths.com.au/shop/productdetails/113654/kellogg-s-lcms-fairy-bread-snack-bars,https://cdn0.woolworths.media/content/wowproductimages/medium/113654.jpg,2020-09-10 15:57:20,,0,,True
Woolworths Supermarket,Lunch Box,Uncle Tobys Oat Slice Apple & Cinnamon 4 pack,113773,$5.50,$3.93 / 100G,https://www.woolworths.com.au/shop/productdetails/113773/uncle-tobys-oat-slice-apple-cinnamon,https://cdn0.woolworths.media/content/wowproductimages/medium/113773.jpg,2020-09-10 15:57:20,,0,,True
Woolworths Supermarket,Lunch Box,Real Foods Corn Thins Sesame 150g,113797,$1.80,$1.20 / 100G,https://www.woolworths.com.au/shop/productdetails/113797/real-foods-corn-thins-sesame,https://cdn0.woolworths.media/content/wowproductimages/medium/113797.jpg,2020-09-10 15:57:20,,0,,True
Woolworths Supermarket,Lunch Box,Kellogg's Lcms Caramel Popcorn Snack Bars 6 pack,113935,$4.00,$3.70 / 100G,https://www.woolworths.com.au/shop/productdetails/113935/kellogg-s-lcms-caramel-popcorn-snack-bars,https://cdn0.woolworths.media/content/wowproductimages/medium/113935.jpg,2020-09-10 15:57:20,,0,,True
Woolworths Supermarket,Lunch Box,Nature Valley Sweet & Salty Nut Roasted Peanut Bars 4 pack,113950,$4.00,,https://www.woolworths.com.au/shop/productdetails/113950/nature-valley-sweet-salty-nut-roasted-peanut-bars,https://cdn0.woolworths.media/content/wowproductimages/medium/113950.jpg,2020-09-10 15:57:20,,0,,True
Woolworths Supermarket,Lunch Box,Nice & Natural Probiotic Oat Bars Cranberries & Coconut 5 pack,114153,$4.80,$2.74 / 100G,https://www.woolworths.com.au/shop/productdetails/114153/nice-natural-probiotic-oat-bars-cranberries-coconut,https://cdn0.woolworths.media/content/wowproductimages/medium/114153.jpg,2020-09-10 15:57:20,,0,,True
Woolworths Supermarket,Lunch Box,Kellogg's Lcms Variety Bars 15 pack,114287,$7.00,$2.12 / 100G,https://www.woolworths.com.au/shop/productdetails/114287/kellogg-s-lcms-variety-bars,https://cdn0.woolworths.media/content/wowproductimages/medium/114287.jpg,2020-09-10 15:57:20,,0,Was $8.00 25/08/2020,True
Woolworths Supermarket,Lunch Box,Kellogg's Lcms Dino Bars 6 pack,114484,$4.00,$3.03 / 100G,https://www.woolworths.com.au/shop/productdetails/114484/kellogg-s-lcms-dino-bars,https://cdn0.woolworths.media/content/wowproductimages/medium/114484.jpg,2020-09-10 15:57:20,,0,,True
Woolworths Supermarket,Lunch Box,Nature Valley Sweet & Salty Nut Dark Chocolate Bars 4 pack,114599,$4.00,$3.33 / 100G,https://www.woolworths.com.au/shop/productdetails/114599/nature-valley-sweet-salty-nut-dark-chocolate-bars,https://cdn0.woolworths.media/content/wowproductimages/medium/114599.jpg,2020-09-10 15:57:20,,0,,True
Woolworths Supermarket,Lunch Box,Mother Earth Oaty Slices Peach & White Chocolate 6 pack,115730,$3.00,,https://www.woolworths.com.au/shop/productdetails/115730/mother-earth-oaty-slices-peach-white-chocolate,https://cdn0.woolworths.media/content/wowproductimages/medium/115730.jpg,2020-09-10 15:57:20,,0,Was $4.00 25/08/2020,True
Woolworths Supermarket,Lunch Box,Tasti Peanut Butter Bars Value Pack 12 pack,116269,$5.00,$1.19 / 100G,https://www.woolworths.com.au/shop/productdetails/116269/tasti-peanut-butter-bars-value-pack,https://cdn0.woolworths.media/content/wowproductimages/medium/116269.jpg,2020-09-10 15:57:20,,0,Was $6.15 25/08/2020,True
Woolworths Supermarket,Lunch Box,Nice & Natural Probiotics Oat Bar Apricot & Pumpkin Seeds 5 pack,116284,$4.80,$2.74 / 100G,https://www.woolworths.com.au/shop/productdetails/116284/nice-natural-probiotics-oat-bar-apricot-pumpkin-seeds,https://cdn0.woolworths.media/content/wowproductimages/medium/116284.jpg,2020-09-10 15:57:20,,0,,True
Woolworths Supermarket,Lunch Box,"Nice & Natural Probiotic Oat Bars Peanut, Almonds & Vanilla 5 pack",116311,$4.80,$2.74 / 100G,https://www.woolworths.com.au/shop/productdetails/116311/nice-natural-probiotic-oat-bars-peanut-almonds-vanilla,https://cdn0.woolworths.media/content/wowproductimages/medium/116311.jpg,2020-09-10 15:57:20,,0,,True
Woolworths Supermarket,Lunch Box,Tasti Salted Caramel Bars Value Pack 12 pack,116427,$5.00,$1.19 / 100G,https://www.woolworths.com.au/shop/productdetails/116427/tasti-salted-caramel-bars-value-pack,https://cdn0.woolworths.media/content/wowproductimages/medium/116427.jpg,2020-09-10 15:57:20,,0,Was $6.15 25/08/2020,True
Woolworths Supermarket,Lunch Box,Tip Top The One Sandwich Bread White 700g,713816,$3.40,$0.49 / 100G,https://www.woolworths.com.au/shop/productdetails/713816/tip-top-the-one-sandwich-bread-white,https://cdn0.woolworths.media/content/wowproductimages/medium/713816.jpg,2020-09-10 15:57:20,,0,,True
Woolworths Supermarket,Lunch Box,Woolworths Qukes Baby Cucumbers Punnet 250g,169067,$4.00,$16.00 / 1KG,https://www.woolworths.com.au/shop/productdetails/169067/woolworths-qukes-baby-cucumbers-punnet,https://cdn0.woolworths.media/content/wowproductimages/medium/169067.jpg,2020-09-10 15:57:20,,0,,True
Woolworths Supermarket,Lunch Box,Woolworths Baby Spinach Salad Bag 60g,379515,$2.00,$33.33 / 1KG,https://www.woolworths.com.au/shop/productdetails/379515/woolworths-baby-spinach-salad-bag,https://cdn0.woolworths.media/content/wowproductimages/medium/379515.jpg,2020-09-10 15:57:20,Average product rating out of 5: 4.7. Product score is based on 725 ratings,725,,True
Woolworths Supermarket,Lunch Box,Fresh Tomato each,134034,$0.65,$0.65 / 1EA,https://www.woolworths.com.au/shop/productdetails/134034/fresh-tomato,https://cdn0.woolworths.media/content/wowproductimages/medium/134034.jpg,2020-09-10 15:57:20,,0,,True
Woolworths Supermarket,Lunch Box,Hass Avocado each,120080,$3.00,$3.00 / 1EA,https://www.woolworths.com.au/shop/productdetails/120080/hass-avocado,https://cdn0.woolworths.media/content/wowproductimages/medium/120080.jpg,2020-09-10 15:57:20,,0,,True
Woolworths Supermarket,Lunch Box,Woolworths Cherry Tomatoes 250g,149620,$3.50,$14.00 / 1KG,https://www.woolworths.com.au/shop/productdetails/149620/woolworths-cherry-tomatoes,https://cdn0.woolworths.media/content/wowproductimages/medium/149620.jpg,2020-09-10 15:57:20,,0,,True
Woolworths Supermarket,Lunch Box,Onion Red EACH,144497,$0.53,$0.53 / 0,https://www.woolworths.com.au/shop/productdetails/144497/onion-red,https://cdn0.woolworths.media/content/wowproductimages/medium/144497.jpg,2020-09-10 15:57:20,,0,,True
Woolworths Supermarket,Lunch Box,Cavendish Bananas EACH,133211,$0.54,$0.54 / 1KG,https://www.woolworths.com.au/shop/productdetails/133211/cavendish-bananas,https://cdn0.woolworths.media/content/wowproductimages/medium/133211.jpg,2020-09-10 15:57:20,,0,,True
Woolworths Supermarket,Lunch Box,Woolworths Red Seedless Watermelon Quarter Each,120384,$6.63,$6.63 / 1KG,https://www.woolworths.com.au/shop/productdetails/120384/woolworths-red-seedless-watermelon-quarter,https://cdn0.woolworths.media/content/wowproductimages/medium/120384.jpg,2020-09-10 15:57:20,,0,,True
Woolworths Supermarket,Lunch Box,Iceberg Lettuce each,154340,$2.90,$2.90 / 1EA,https://www.woolworths.com.au/shop/productdetails/154340/iceberg-lettuce,https://cdn0.woolworths.media/content/wowproductimages/medium/154340.jpg,2020-09-10 15:57:20,,0,,True
Woolworths Supermarket,Lunch Box,Woolworths Baby Leaf Spinach 120g,524322,$3.00,$25.00 / 1KG,https://www.woolworths.com.au/shop/productdetails/524322/woolworths-baby-leaf-spinach,https://cdn0.woolworths.media/content/wowproductimages/medium/524322.jpg,2020-09-10 15:57:20,Average product rating out of 5: 4.7. Product score is based on 2842 ratings,2842,,True
Woolworths Supermarket,Lunch Box,Select Continental Cucumbers each,137102,$3.00,,https://www.woolworths.com.au/shop/productdetails/137102/select-continental-cucumbers,https://cdn0.woolworths.media/content/wowproductimages/medium/137102.jpg,2020-09-10 15:57:20,,0,,True
Woolworths Supermarket,Lunch Box,Woolworths Fresh Carrots 1KG,135369,$1.50,$1.50 / 1KG,https://www.woolworths.com.au/shop/productdetails/135369/woolworths-fresh-carrots,https://cdn0.woolworths.media/content/wowproductimages/medium/135369.jpg,2020-09-10 15:57:20,,0,,True
Woolworths Supermarket,Lunch Box,Fresh Strawberry 250G,144607,$1.50,$6.00 / 1KG,https://www.woolworths.com.au/shop/productdetails/144607/fresh-strawberry,https://cdn0.woolworths.media/content/wowproductimages/medium/144607.jpg,2020-09-10 15:57:20,,0,,True
Woolworths Supermarket,Lunch Box,Fresh Blueberries 125g,169792,$2.50,$20.00 / 1KG,https://www.woolworths.com.au/shop/productdetails/169792/fresh-blueberries,https://cdn0.woolworths.media/content/wowproductimages/medium/169792.jpg,2020-09-10 15:57:20,,0,,True
Woolworths Supermarket,Lunch Box,Fresh Pink Lady Apples each,105919,$0.97,$0.97 / 1EA,https://www.woolworths.com.au/shop/productdetails/105919/fresh-pink-lady-apples,https://cdn0.woolworths.media/content/wowproductimages/medium/105919.jpg,2020-09-10 15:57:20,,0,,True
Woolworths Supermarket,Lunch Box,Select Fresh Pink Lady Apples 1kg,310968,$4.90,$4.90 / 1KG,https://www.woolworths.com.au/shop/productdetails/310968/select-fresh-pink-lady-apples,https://cdn0.woolworths.media/content/wowproductimages/medium/310968.jpg,2020-09-10 15:57:20,,0,,True
Woolworths Supermarket,Lunch Box,Woolworths Solanato Tomato 200g,727144,$3.50,$17.50 / 1KG,https://www.woolworths.com.au/shop/productdetails/727144/woolworths-solanato-tomato,https://cdn0.woolworths.media/content/wowproductimages/medium/727144.jpg,2020-09-10 15:57:20,Average product rating out of 5: 4.7. Product score is based on 465 ratings,465,,True
Woolworths Supermarket,Lunch Box,Woolworths Single Leaf Baby Spinach 280g,524336,$5.00,$17.86 / 1KG,https://www.woolworths.com.au/shop/productdetails/524336/woolworths-single-leaf-baby-spinach,https://cdn0.woolworths.media/content/wowproductimages/medium/524336.jpg,2020-09-10 15:57:20,Average product rating out of 5: 4.8. Product score is based on 532 ratings,532,,True
Woolworths Supermarket,Lunch Box,Western Star Original Spreadable 500g,069756,$6.00,$1.20 / 100G,https://www.woolworths.com.au/shop/productdetails/69756/western-star-original-spreadable,https://cdn0.woolworths.media/content/wowproductimages/medium/069756.jpg,2020-09-10 15:57:20,,0,,True
Woolworths Supermarket,Lunch Box,Kellogg's Lcms Butter Flavoured Popcorn Snack Bars 6 pack,116552,$4.00,$3.70 / 100G,https://www.woolworths.com.au/shop/productdetails/116552/kellogg-s-lcms-butter-flavoured-popcorn-snack-bars,https://cdn0.woolworths.media/content/wowproductimages/medium/116552.jpg,2020-09-10 15:57:20,,0,,True
Woolworths Supermarket,Lunch Box,Tasti Protein & Probiotics With Matcha Mango & Coconut 5 pack,116568,$5.80,$3.31 / 100G,https://www.woolworths.com.au/shop/productdetails/116568/tasti-protein-probiotics-with-matcha-mango-coconut,https://cdn0.woolworths.media/content/wowproductimages/medium/116568.jpg,2020-09-10 15:57:20,,0,,True
Woolworths Supermarket,Lunch Box,Sam's Pantry Apple Crumble Protein Bar 5 pack,116577,$3.50,$1.84 / 100G,https://www.woolworths.com.au/shop/productdetails/116577/sam-s-pantry-apple-crumble-protein-bar,https://cdn0.woolworths.media/content/wowproductimages/medium/116577.jpg,2020-09-10 15:57:20,,0,Was $4.60 25/08/2020,True
Woolworths Supermarket,Lunch Box,Sam's Pantry Indulgent Peanut Choc Nut Butter Bar 5 pack,116651,$3.50,$2.06 / 100G,https://www.woolworths.com.au/shop/productdetails/116651/sam-s-pantry-indulgent-peanut-choc-nut-butter-bar,https://cdn0.woolworths.media/content/wowproductimages/medium/116651.jpg,2020-09-10 15:57:20,,0,Was $4.60 25/08/2020,True
Woolworths Supermarket,Lunch Box,Weight Watchers Apple Crumble Bars 6 pack,116692,$4.00,$2.22 / 100G,https://www.woolworths.com.au/shop/productdetails/116692/weight-watchers-apple-crumble-bars,https://cdn0.woolworths.media/content/wowproductimages/medium/116692.jpg,2020-09-10 15:57:20,,0,,True
Woolworths Supermarket,Lunch Box,Tasti Protein & Probiotics With Lsa Manuka Honey & Almond Bars 5 pack,116694,$5.80,$3.31 / 100G,https://www.woolworths.com.au/shop/productdetails/116694/tasti-protein-probiotics-with-lsa-manuka-honey-almond-bars,https://cdn0.woolworths.media/content/wowproductimages/medium/116694.jpg,2020-09-10 15:57:20,,0,,True
Woolworths Supermarket,Lunch Box,Kellogg's Crunchy Nut White Chocolate Bars 6 pack,116710,$3.75,$2.31 / 100G,https://www.woolworths.com.au/shop/productdetails/116710/kellogg-s-crunchy-nut-white-chocolate-bars,https://cdn0.woolworths.media/content/wowproductimages/medium/116710.jpg,2020-09-10 15:57:20,,0,,True
Woolworths Supermarket,Lunch Box,Sam's Pantry Indulgent Choc Cherry Nut Butter Bar 5 pack,116779,$3.50,$2.06 / 100G,https://www.woolworths.com.au/shop/productdetails/116779/sam-s-pantry-indulgent-choc-cherry-nut-butter-bar,https://cdn0.woolworths.media/content/wowproductimages/medium/116779.jpg,2020-09-10 15:57:20,,0,Was $4.60 25/08/2020,True
Woolworths Supermarket,Lunch Box,Sam's Pantry Blueberry Almond Nut Bar 5 pack,116977,$3.50,$2.06 / 100G,https://www.woolworths.com.au/shop/productdetails/116977/sam-s-pantry-blueberry-almond-nut-bar,https://cdn0.woolworths.media/content/wowproductimages/medium/116977.jpg,2020-09-10 15:57:20,,0,Was $4.60 25/08/2020,True
Woolworths Supermarket,Lunch Box,Sam's Pantry Honey Salted Macadamia Nut Bar 5 pack,117296,$3.50,$2.06 / 100G,https://www.woolworths.com.au/shop/productdetails/117296/sam-s-pantry-honey-salted-macadamia-nut-bar,https://cdn0.woolworths.media/content/wowproductimages/medium/117296.jpg,2020-09-10 15:57:20,,0,Was $4.60 25/08/2020,True
Woolworths Supermarket,Lunch Box,Sam's Pantry Indulgent Honeycomb Nut Butter Bar 5 pack,117418,$3.50,$2.06 / 100G,https://www.woolworths.com.au/shop/productdetails/117418/sam-s-pantry-indulgent-honeycomb-nut-butter-bar,https://cdn0.woolworths.media/content/wowproductimages/medium/117418.jpg,2020-09-10 15:57:20,,0,Was $4.60 25/08/2020,True
Woolworths Supermarket,Lunch Box,Sam's Pantry Strawberry Sundae Protein Bar 5 pack,117422,$3.50,$1.84 / 100G,https://www.woolworths.com.au/shop/productdetails/117422/sam-s-pantry-strawberry-sundae-protein-bar,https://cdn0.woolworths.media/content/wowproductimages/medium/117422.jpg,2020-09-10 15:57:20,,0,Was $4.60 25/08/2020,True
Woolworths Supermarket,Lunch Box,Sunrice Rice Cakes Original Rice Cakes 150g,121516,$2.00,$1.33 / 100G,https://www.woolworths.com.au/shop/productdetails/121516/sunrice-rice-cakes-original-rice-cakes,https://cdn0.woolworths.media/content/wowproductimages/medium/121516.jpg,2020-09-10 15:57:20,,0,,True
Woolworths Supermarket,Lunch Box,Praise 99% Fat Free Squeeze Mayonnaise 555g,136649,$2.50,$0.45 / 100G,https://www.woolworths.com.au/shop/productdetails/136649/praise-99-fat-free-squeeze-mayonnaise,https://cdn0.woolworths.media/content/wowproductimages/medium/136649.jpg,2020-09-10 15:57:20,,0,,True
Woolworths Supermarket,Lunch Box,Fresh Rockmelon Whole Each,139806,$4.50,$4.50 / 1EA,https://www.woolworths.com.au/shop/productdetails/139806/fresh-rockmelon-whole,https://cdn0.woolworths.media/content/wowproductimages/medium/139806.jpg,2020-09-10 15:57:20,,0,,True
Woolworths Supermarket,Lunch Box,Mushrooms Cups Loose per kg,143109,$11.00,$11.00 / 1KG,https://www.woolworths.com.au/shop/productdetails/143109/mushrooms-cups-loose,https://cdn0.woolworths.media/content/wowproductimages/medium/143109.jpg,2020-09-10 15:57:20,,0,,True
Woolworths Supermarket,Lunch Box,Nutella Hazelnut Spread 400g,147312,$5.00,$1.25 / 100G,https://www.woolworths.com.au/shop/productdetails/147312/nutella-hazelnut-spread,https://cdn0.woolworths.media/content/wowproductimages/medium/147312.jpg,2020-09-10 15:57:20,,0,,True
Woolworths Supermarket,Lunch Box,Nutella Hazelnut Spread 750g,147314,$7.00,$0.93 / 100G,https://www.woolworths.com.au/shop/productdetails/147314/nutella-hazelnut-spread,https://cdn0.woolworths.media/content/wowproductimages/medium/147314.jpg,2020-09-10 15:57:20,,0,,True
Woolworths Supermarket,Lunch Box,Pump Super Water Bottle 1.25l,148409,$2.80,$2.24 / 1L,https://www.woolworths.com.au/shop/productdetails/148409/pump-super-water-bottle,https://cdn0.woolworths.media/content/wowproductimages/medium/148409.jpg,2020-09-10 15:57:20,,0,,True
Woolworths Supermarket,Lunch Box,Tomato Roma Red each,149864,$0.89,$0.89 / 1EA,https://www.woolworths.com.au/shop/productdetails/149864/tomato-roma-red,https://cdn0.woolworths.media/content/wowproductimages/medium/149864.jpg,2020-09-10 15:57:20,,0,,True
Woolworths Supermarket,Lunch Box,Woolworths Mushrooms Button 200g punnet,152608,$4.00,$20.00 / 1KG,https://www.woolworths.com.au/shop/productdetails/152608/woolworths-mushrooms-button,https://cdn0.woolworths.media/content/wowproductimages/medium/152608.jpg,2020-09-10 15:57:20,,0,,True
Woolworths Supermarket,Lunch Box,Macro Organic Royal Gala Apple Punnet 1kg,154338,$7.00,,https://www.woolworths.com.au/shop/productdetails/154338/macro-organic-royal-gala-apple-punnet,https://cdn0.woolworths.media/content/wowproductimages/medium/154338.jpg,2020-09-10 15:57:20,,0,,True
Woolworths Supermarket,Lunch Box,Woolworths Crusty Vienna Loaf 450g,154927,$2.50,$2.50 / 1EA,https://www.woolworths.com.au/shop/productdetails/154927/woolworths-crusty-vienna-loaf,https://cdn0.woolworths.media/content/wowproductimages/medium/154927.jpg,2020-09-10 15:57:20,,0,,True
Woolworths Supermarket,Lunch Box,Apple Royal Gala EACH,155003,$0.80,$0.80 / 1KG,https://www.woolworths.com.au/shop/productdetails/155003/apple-royal-gala,https://cdn0.woolworths.media/content/wowproductimages/medium/155003.jpg,2020-09-10 15:57:20,,0,,True
Woolworths Supermarket,Lunch Box,Woolworths Fresh Carrots 1KG,135369,$1.50,$1.50 / 1KG,https://www.woolworths.com.au/shop/productdetails/135369/woolworths-fresh-carrots,https://cdn0.woolworths.media/content/wowproductimages/medium/135369.jpg,2020-09-10 15:57:20,,0,,True
Woolworths Supermarket,Lunch Box,Hillview Cheese Block 1KG,500187,$8.00,$8.00 / 1KG,https://www.woolworths.com.au/shop/productdetails/500187/hillview-cheese-block,https://cdn0.woolworths.media/content/wowproductimages/medium/500187.jpg,2020-09-10 15:57:20,Average product rating out of 5: 4.5. Product score is based on 66 ratings,66,,True
Woolworths Supermarket,Lunch Box,Driscoll's Fresh Raspberry 125g,165262,$5.50,$44.00 / 1KG,https://www.woolworths.com.au/shop/productdetails/165262/driscoll-s-fresh-raspberry,https://cdn0.woolworths.media/content/wowproductimages/medium/165262.jpg,2020-09-10 15:57:20,,0,,True
Woolworths Supermarket,Lunch Box,Select Truss Cocktail Tomato 250g,747009,$4.50,$18.00 / 1KG,https://www.woolworths.com.au/shop/productdetails/747009/select-truss-cocktail-tomato,https://cdn0.woolworths.media/content/wowproductimages/medium/747009.jpg,2020-09-10 15:57:20,,0,,True
Woolworths Supermarket,Lunch Box,Fresh Tomato each,134034,$0.65,$0.65 / 1EA,https://www.woolworths.com.au/shop/productdetails/134034/fresh-tomato,https://cdn0.woolworths.media/content/wowproductimages/medium/134034.jpg,2020-09-10 15:57:20,,0,,True
Woolworths Supermarket,Lunch Box,Wonder White Hi Fibre Sandwich Slice Bread 700G,332466,$3.40,$0.49 / 100G,https://www.woolworths.com.au/shop/productdetails/332466/wonder-white-hi-fibre-sandwich-slice-bread,https://cdn0.woolworths.media/content/wowproductimages/medium/332466.jpg,2020-09-10 15:57:20,,0,,True
Woolworths Supermarket,Lunch Box,The Odd Bunch Pear Prepacked 1KG,800774,$2.50,$2.50 / 1KG,https://www.woolworths.com.au/shop/productdetails/800774/the-odd-bunch-pear-prepacked,https://cdn0.woolworths.media/content/wowproductimages/medium/800774.jpg,2020-09-10 15:57:20,,0,,True
Woolworths Supermarket,Lunch Box,Woolworths Mini Choc Chip Muffin 8 pack,883004,$3.50,$1.09 / 100G,https://www.woolworths.com.au/shop/productdetails/883004/woolworths-mini-choc-chip-muffin,https://cdn0.woolworths.media/content/wowproductimages/medium/883004.jpg,2020-09-10 15:57:20,Average product rating out of 5: 4.1. Product score is based on 939 ratings,939,,True
Woolworths Supermarket,Lunch Box,Western Star Supersoft Spreadable 500g,199420,$6.00,$1.20 / 100G,https://www.woolworths.com.au/shop/productdetails/199420/western-star-supersoft-spreadable,https://cdn0.woolworths.media/content/wowproductimages/medium/199420.jpg,2020-09-10 15:57:20,,0,,True
Woolworths Supermarket,Lunch Box,Mission Wraps Mini Original 8 pack,320195,$5.00,$1.30 / 100G,https://www.woolworths.com.au/shop/productdetails/320195/mission-wraps-mini-original,https://cdn0.woolworths.media/content/wowproductimages/medium/320195.jpg,2020-09-10 15:57:20,,0,,True
Woolworths Supermarket,Lunch Box,Woolworths Extra Tasty Cheese Block 500g,310238,$6.00,$12.00 / 1KG,https://www.woolworths.com.au/shop/productdetails/310238/woolworths-extra-tasty-cheese-block,https://cdn0.woolworths.media/content/wowproductimages/medium/310238.jpg,2020-09-10 15:57:20,Average product rating out of 5: 4.7. Product score is based on 854 ratings,854,,True
Woolworths Supermarket,Lunch Box,Uncle Tobys Le Snak Tasty Cheese Dip & Crackers 12 pack,248197,$7.60,$2.88 / 100G,https://www.woolworths.com.au/shop/productdetails/248197/uncle-tobys-le-snak-tasty-cheese-dip-crackers,https://cdn0.woolworths.media/content/wowproductimages/medium/248197.jpg,2020-09-10 15:57:20,,0,,True
Woolworths Supermarket,Lunch Box,Woolworths Apple & Blackcurrant Juice 6x250ml,729169,$2.30,$1.53 / 1L,https://www.woolworths.com.au/shop/productdetails/729169/woolworths-apple-blackcurrant-juice,https://cdn0.woolworths.media/content/wowproductimages/medium/729169.jpg,2020-09-10 15:57:20,Average product rating out of 5: 4.4. Product score is based on 330 ratings,330,,True
Woolworths Supermarket,Lunch Box,Coon Cheese Slices Tasty 750g,187899,$10.00,$13.33 / 1KG,https://www.woolworths.com.au/shop/productdetails/187899/coon-cheese-slices-tasty,https://cdn0.woolworths.media/content/wowproductimages/medium/187899.jpg,2020-09-10 15:57:20,,0,Was $12.00 07/07/2020,True
Woolworths Supermarket,Lunch Box,Philadelphia Cream Cheese Spread 250g,079223,$4.70,$18.80 / 1KG,https://www.woolworths.com.au/shop/productdetails/79223/philadelphia-cream-cheese-spread,https://cdn0.woolworths.media/content/wowproductimages/medium/079223.jpg,2020-09-10 15:57:20,,0,,True
Woolworths Supermarket,Lunch Box,Woolworths Mini Banana Muffin 8 pack,607875,$3.50,$1.09 / 100G,https://www.woolworths.com.au/shop/productdetails/607875/woolworths-mini-banana-muffin,https://cdn0.woolworths.media/content/wowproductimages/medium/607875.jpg,2020-09-10 15:57:20,Average product rating out of 5: 4.2. Product score is based on 987 ratings,987,,True
Woolworths Supermarket,Lunch Box,Woolworths Bread Four Seed Loaf 800G,244061,$2.00,$0.25 / 100G,https://www.woolworths.com.au/shop/productdetails/244061/woolworths-bread-four-seed-loaf,https://cdn0.woolworths.media/content/wowproductimages/medium/244061.jpg,2020-09-10 15:57:20,,0,,True
Woolworths Supermarket,Lunch Box,Tip Top Sunblest White Sandwich Bread 650g,019899,$3.00,$0.46 / 100G,https://www.woolworths.com.au/shop/productdetails/19899/tip-top-sunblest-white-sandwich-bread,https://cdn0.woolworths.media/content/wowproductimages/medium/019899.jpg,2020-09-10 15:57:20,,0,,True
Woolworths Supermarket,Lunch Box,Helga's Wholemeal Bread With Grains 850G,075035,$3.90,$0.46 / 100G,https://www.woolworths.com.au/shop/productdetails/75035/helga-s-wholemeal-bread-with-grains,https://cdn0.woolworths.media/content/wowproductimages/medium/075035.jpg,2020-09-10 15:57:20,,0,,True
Woolworths Supermarket,Lunch Box,Uncle Tobys Roll-ups Strawberry Fun Prints 6 pack,324231,$2.00,$2.13 / 100G,https://www.woolworths.com.au/shop/productdetails/324231/uncle-tobys-roll-ups-strawberry-fun-prints,https://cdn0.woolworths.media/content/wowproductimages/medium/324231.jpg,2020-09-10 15:57:20,,0,,True
Woolworths Supermarket,Lunch Box,D'orsogna Triple Smoked Leg Ham 97% Fat Free Sliced From The Deli per kg,162725,$19.00,$19.00 / 1KG,https://www.woolworths.com.au/shop/productdetails/162725/d-orsogna-triple-smoked-leg-ham-97-fat-free-sliced-from-the-deli,https://cdn0.woolworths.media/content/wowproductimages/medium/162725.jpg,2020-09-10 15:57:20,,0,,True
Woolworths Supermarket,Lunch Box,Driscoll's Fresh Raspberry 125g,165262,$5.50,$44.00 / 1KG,https://www.woolworths.com.au/shop/productdetails/165262/driscoll-s-fresh-raspberry,https://cdn0.woolworths.media/content/wowproductimages/medium/165262.jpg,2020-09-10 15:57:20,,0,,True
Woolworths Supermarket,Lunch Box,Sanitarium Up&go Liquid Breakfast Choc Ice 6 pack,167863,$9.00,$6.00 / 1L,https://www.woolworths.com.au/shop/productdetails/167863/sanitarium-up-go-liquid-breakfast-choc-ice,https://cdn0.woolworths.media/content/wowproductimages/medium/167863.jpg,2020-09-10 15:57:20,,0,,True
Woolworths Supermarket,Lunch Box,Balconi Trancetto Cocoa 10 pack,168703,$3.00,$1.07 / 100G,https://www.woolworths.com.au/shop/productdetails/168703/balconi-trancetto-cocoa,https://cdn0.woolworths.media/content/wowproductimages/medium/168703.jpg,2020-09-10 15:57:20,,0,,True
Woolworths Supermarket,Lunch Box,Woolworths Caesar Salad Tub 250g,169160,$6.00,$24.00 / 1KG,https://www.woolworths.com.au/shop/productdetails/169160/woolworths-caesar-salad-tub,https://cdn0.woolworths.media/content/wowproductimages/medium/169160.jpg,2020-09-10 15:57:20,Average product rating out of 5: 4.2. Product score is based on 344 ratings,344,,True
Woolworths Supermarket,Lunch Box,Edens Bars Sesame 45g,174205,$0.90,$2.00 / 100G,https://www.woolworths.com.au/shop/productdetails/174205/edens-bars-sesame,https://cdn0.woolworths.media/content/wowproductimages/medium/174205.jpg,2020-09-10 15:57:20,Average product rating out of 5: 4.7. Product score is based on 21 ratings,21,,True
Woolworths Supermarket,Lunch Box,Frantelle Still Water 600ml x12 pack,175600,$6.20,$0.86 / 1L,https://www.woolworths.com.au/shop/productdetails/175600/frantelle-still-water,https://cdn0.woolworths.media/content/wowproductimages/medium/175600.jpg,2020-09-10 15:57:20,,0,,True
Woolworths Supermarket,Lunch Box,D'orsogna Triple Smoked Leg Ham 97% Fat Free Shaved From The Deli per kg,175734,$19.00,$19.00 / 1KG,https://www.woolworths.com.au/shop/productdetails/175734/d-orsogna-triple-smoked-leg-ham-97-fat-free-shaved-from-the-deli,https://cdn0.woolworths.media/content/wowproductimages/medium/175734.jpg,2020-09-10 15:57:20,,0,,True
Woolworths Supermarket,Lunch Box,Sunbeam Sultanas & Apricot 6x37g,177189,$3.00,$13.51 / 1KG,https://www.woolworths.com.au/shop/productdetails/177189/sunbeam-sultanas-apricot,https://cdn0.woolworths.media/content/wowproductimages/medium/177189.jpg,2020-09-10 15:57:20,,0,,True
Woolworths Supermarket,Lunch Box,Coon Cheese Slices Tasty Light 750g,187890,$10.00,$13.33 / 1KG,https://www.woolworths.com.au/shop/productdetails/187890/coon-cheese-slices-tasty-light,https://cdn0.woolworths.media/content/wowproductimages/medium/187890.jpg,2020-09-10 15:57:20,,0,Was $12.00 07/07/2020,True
Woolworths Supermarket,Lunch Box,Coon Cheese Slices Tasty 750g,187899,$10.00,$13.33 / 1KG,https://www.woolworths.com.au/shop/productdetails/187899/coon-cheese-slices-tasty,https://cdn0.woolworths.media/content/wowproductimages/medium/187899.jpg,2020-09-10 15:57:20,,0,Was $12.00 07/07/2020,True
Woolworths Supermarket,Lunch Box,Sanitarium Up&go Liquid Breakfast Strawberry 6 pack,189655,$9.00,$6.00 / 1L,https://www.woolworths.com.au/shop/productdetails/189655/sanitarium-up-go-liquid-breakfast-strawberry,https://cdn0.woolworths.media/content/wowproductimages/medium/189655.jpg,2020-09-10 15:57:20,,0,,True
Woolworths Supermarket,Lunch Box,Sanitarium Up&go Liquid Breakfast Vanilla Ice 3 pack,189701,$4.80,$6.40 / 1L,https://www.woolworths.com.au/shop/productdetails/189701/sanitarium-up-go-liquid-breakfast-vanilla-ice,https://cdn0.woolworths.media/content/wowproductimages/medium/189701.jpg,2020-09-10 15:57:20,,0,,True
Woolworths Supermarket,Lunch Box,Glad Resealable Snack Bags 60 pack,192424,$2.95,$0.05 / 1EA,https://www.woolworths.com.au/shop/productdetails/192424/glad-resealable-snack-bags,https://cdn0.woolworths.media/content/wowproductimages/medium/192424.jpg,2020-09-10 15:57:20,,0,,True
Woolworths Supermarket,Lunch Box,Primo Ham Honey Shaved 100g,194494,$3.25,$32.50 / 1KG,https://www.woolworths.com.au/shop/productdetails/194494/primo-ham-honey-shaved,https://cdn0.woolworths.media/content/wowproductimages/medium/194494.jpg,2020-09-10 15:57:20,,0,2 for $5.50,True
Woolworths Supermarket,Lunch Box,Vaalia Low Fat Lemon Creme Yoghurt 4x150g,197074,$4.30,$0.72 / 100G,https://www.woolworths.com.au/shop/productdetails/197074/vaalia-low-fat-lemon-creme-yoghurt,https://cdn0.woolworths.media/content/wowproductimages/medium/197074.jpg,2020-09-10 15:57:20,,0,,True
Woolworths Supermarket,Lunch Box,Western Star Supersoft Spreadable 500g,199420,$6.00,$1.20 / 100G,https://www.woolworths.com.au/shop/productdetails/199420/western-star-supersoft-spreadable,https://cdn0.woolworths.media/content/wowproductimages/medium/199420.jpg,2020-09-10 15:57:20,,0,,True
Woolworths Supermarket,Lunch Box,Woolworths Extra Soft Bread Rolls Jumbo Hamburger 6 pack,201252,$2.70,$0.45 / 1EA,https://www.woolworths.com.au/shop/productdetails/201252/woolworths-extra-soft-bread-rolls-jumbo-hamburger,https://cdn0.woolworths.media/content/wowproductimages/medium/201252.jpg,2020-09-10 15:57:20,,0,Was $3.50 19/09/2019,True
Woolworths Supermarket,Lunch Box,Woolworths Bread Rolls Extra Soft Jumbo 6 pack,201257,$2.70,$0.45 / 1EA,https://www.woolworths.com.au/shop/productdetails/201257/woolworths-bread-rolls-extra-soft-jumbo,https://cdn0.woolworths.media/content/wowproductimages/medium/201257.jpg,2020-09-10 15:57:20,,0,Was $3.50 19/09/2019,True
Woolworths Supermarket,Lunch Box,Sanitarium Up&go Liquid Breakfast Vanilla Ice 6 pack,201407,$9.00,$6.00 / 1L,https://www.woolworths.com.au/shop/productdetails/201407/sanitarium-up-go-liquid-breakfast-vanilla-ice,https://cdn0.woolworths.media/content/wowproductimages/medium/201407.jpg,2020-09-10 15:57:20,,0,,True
Woolworths Supermarket,Lunch Box,Nestle Sustagen Dutch Chocolate Ready To Drink 3x250ml,211476,$4.70,$6.27 / 1L,https://www.woolworths.com.au/shop/productdetails/211476/nestle-sustagen-dutch-chocolate-ready-to-drink,https://cdn0.woolworths.media/content/wowproductimages/medium/211476.jpg,2020-09-10 15:57:20,,0,,True
Woolworths Supermarket,Lunch Box,Praise Whole Egg Mayonnaise Mayonnaise 445g,213280,$5.00,$1.12 / 100G,https://www.woolworths.com.au/shop/productdetails/213280/praise-whole-egg-mayonnaise-mayonnaise,https://cdn0.woolworths.media/content/wowproductimages/medium/213280.jpg,2020-09-10 15:57:20,,0,Was $5.40 11/08/16,True
Woolworths Supermarket,Lunch Box,Carman's Original Fruit Free Muesli Bars 6 pack,214717,$4.50,$1.67 / 100G,https://www.woolworths.com.au/shop/productdetails/214717/carman-s-original-fruit-free-muesli-bars,https://cdn0.woolworths.media/content/wowproductimages/medium/214717.jpg,2020-09-10 15:57:20,,0,,True
Woolworths Supermarket,Lunch Box,Carman's Classic Fruit & Nut Muesli Bars 6 pack,214718,$4.50,$1.67 / 100G,https://www.woolworths.com.au/shop/productdetails/214718/carman-s-classic-fruit-nut-muesli-bars,https://cdn0.woolworths.media/content/wowproductimages/medium/214718.jpg,2020-09-10 15:57:20,,0,,True
Woolworths Supermarket,Lunch Box,Woolworths Qukes Baby Cucumbers Punnet 250g,169067,$4.00,$16.00 / 1KG,https://www.woolworths.com.au/shop/productdetails/169067/woolworths-qukes-baby-cucumbers-punnet,https://cdn0.woolworths.media/content/wowproductimages/medium/169067.jpg,2020-09-10 15:57:20,,0,,True
Woolworths Supermarket,Lunch Box,Woolworths Solanato Tomato 200g,727144,$3.50,$17.50 / 1KG,https://www.woolworths.com.au/shop/productdetails/727144/woolworths-solanato-tomato,https://cdn0.woolworths.media/content/wowproductimages/medium/727144.jpg,2020-09-10 15:57:20,Average product rating out of 5: 4.7. Product score is based on 465 ratings,465,,True
Woolworths Supermarket,Lunch Box,Cavendish Bananas EACH,133211,$0.54,$0.54 / 1KG,https://www.woolworths.com.au/shop/productdetails/133211/cavendish-bananas,https://cdn0.woolworths.media/content/wowproductimages/medium/133211.jpg,2020-09-10 15:57:20,,0,,True
Woolworths Supermarket,Lunch Box,Woolworths Single Leaf Baby Spinach 280g,524336,$5.00,$17.86 / 1KG,https://www.woolworths.com.au/shop/productdetails/524336/woolworths-single-leaf-baby-spinach,https://cdn0.woolworths.media/content/wowproductimages/medium/524336.jpg,2020-09-10 15:57:20,Average product rating out of 5: 4.8. Product score is based on 532 ratings,532,,True
Woolworths Supermarket,Lunch Box,Fresh Strawberry 250G,144607,$1.50,$6.00 / 1KG,https://www.woolworths.com.au/shop/productdetails/144607/fresh-strawberry,https://cdn0.woolworths.media/content/wowproductimages/medium/144607.jpg,2020-09-10 15:57:20,,0,,True
Woolworths Supermarket,Lunch Box,Woolworths Cherry Tomatoes 250g,149620,$3.50,$14.00 / 1KG,https://www.woolworths.com.au/shop/productdetails/149620/woolworths-cherry-tomatoes,https://cdn0.woolworths.media/content/wowproductimages/medium/149620.jpg,2020-09-10 15:57:20,,0,,True
Woolworths Supermarket,Lunch Box,Select Fresh Pink Lady Apples 1kg,310968,$4.90,$4.90 / 1KG,https://www.woolworths.com.au/shop/productdetails/310968/select-fresh-pink-lady-apples,https://cdn0.woolworths.media/content/wowproductimages/medium/310968.jpg,2020-09-10 15:57:20,,0,,True
Woolworths Supermarket,Lunch Box,Fresh Tomato each,134034,$0.65,$0.65 / 1EA,https://www.woolworths.com.au/shop/productdetails/134034/fresh-tomato,https://cdn0.woolworths.media/content/wowproductimages/medium/134034.jpg,2020-09-10 15:57:20,,0,,True
Woolworths Supermarket,Lunch Box,Iceberg Lettuce each,154340,$2.90,$2.90 / 1EA,https://www.woolworths.com.au/shop/productdetails/154340/iceberg-lettuce,https://cdn0.woolworths.media/content/wowproductimages/medium/154340.jpg,2020-09-10 15:57:20,,0,,True
Woolworths Supermarket,Lunch Box,Fresh Pink Lady Apples each,105919,$0.97,$0.97 / 1EA,https://www.woolworths.com.au/shop/productdetails/105919/fresh-pink-lady-apples,https://cdn0.woolworths.media/content/wowproductimages/medium/105919.jpg,2020-09-10 15:57:20,,0,,True
Woolworths Supermarket,Lunch Box,Western Star Original Spreadable 500g,069756,$6.00,$1.20 / 100G,https://www.woolworths.com.au/shop/productdetails/69756/western-star-original-spreadable,https://cdn0.woolworths.media/content/wowproductimages/medium/069756.jpg,2020-09-10 15:57:20,,0,,True
Woolworths Supermarket,Lunch Box,Hass Avocado each,120080,$3.00,$3.00 / 1EA,https://www.woolworths.com.au/shop/productdetails/120080/hass-avocado,https://cdn0.woolworths.media/content/wowproductimages/medium/120080.jpg,2020-09-10 15:57:20,,0,,True
Woolworths Supermarket,Lunch Box,Woolworths Fresh Carrots 1KG,135369,$1.50,$1.50 / 1KG,https://www.woolworths.com.au/shop/productdetails/135369/woolworths-fresh-carrots,https://cdn0.woolworths.media/content/wowproductimages/medium/135369.jpg,2020-09-10 15:57:20,,0,,True
Woolworths Supermarket,Lunch Box,Hillview Cheese Block 1KG,500187,$8.00,$8.00 / 1KG,https://www.woolworths.com.au/shop/productdetails/500187/hillview-cheese-block,https://cdn0.woolworths.media/content/wowproductimages/medium/500187.jpg,2020-09-10 15:57:20,Average product rating out of 5: 4.5. Product score is based on 66 ratings,66,,True
Woolworths Supermarket,Lunch Box,Woolworths Red Seedless Watermelon Quarter Each,120384,$6.63,$6.63 / 1KG,https://www.woolworths.com.au/shop/productdetails/120384/woolworths-red-seedless-watermelon-quarter,https://cdn0.woolworths.media/content/wowproductimages/medium/120384.jpg,2020-09-10 15:57:20,,0,,True
Woolworths Supermarket,Lunch Box,Woolworths Baby Leaf Spinach 120g,524322,$3.00,$25.00 / 1KG,https://www.woolworths.com.au/shop/productdetails/524322/woolworths-baby-leaf-spinach,https://cdn0.woolworths.media/content/wowproductimages/medium/524322.jpg,2020-09-10 15:57:20,Average product rating out of 5: 4.7. Product score is based on 2842 ratings,2842,,True
Woolworths Supermarket,Lunch Box,Select Continental Cucumbers each,137102,$3.00,,https://www.woolworths.com.au/shop/productdetails/137102/select-continental-cucumbers,https://cdn0.woolworths.media/content/wowproductimages/medium/137102.jpg,2020-09-10 15:57:20,,0,,True
Woolworths Supermarket,Lunch Box,Fresh Blueberries 125g,169792,$2.50,$20.00 / 1KG,https://www.woolworths.com.au/shop/productdetails/169792/fresh-blueberries,https://cdn0.woolworths.media/content/wowproductimages/medium/169792.jpg,2020-09-10 15:57:20,,0,,True
Woolworths Supermarket,Lunch Box,Woolworths Spring Water 24x600ml pack,696782,$6.00,$0.42 / 1L,https://www.woolworths.com.au/shop/productdetails/696782/woolworths-spring-water,https://cdn0.woolworths.media/content/wowproductimages/medium/696782.jpg,2020-09-10 15:57:20,,0,,True
Woolworths Supermarket,Lunch Box,Bega Tasty Cheese Slices 500g,769558,$9.00,$18.00 / 1KG,https://www.woolworths.com.au/shop/productdetails/769558/bega-tasty-cheese-slices,https://cdn0.woolworths.media/content/wowproductimages/medium/769558.jpg,2020-09-10 15:57:20,,0,Was $10.00 06/01/2020,True
Woolworths Supermarket,Lunch Box,Frantelle Still Spring Water 24x600ml,219582,$6.00,$0.42 / 1L,https://www.woolworths.com.au/shop/productdetails/219582/frantelle-still-spring-water,https://cdn0.woolworths.media/content/wowproductimages/medium/219582.jpg,2020-09-10 15:57:20,,0,,True
Woolworths Supermarket,Lunch Box,Mainland On The Go Tasty Cheese And Crackers 50g,224795,$2.50,$50.00 / 1KG,https://www.woolworths.com.au/shop/productdetails/224795/mainland-on-the-go-tasty-cheese-and-crackers,https://cdn0.woolworths.media/content/wowproductimages/medium/224795.jpg,2020-09-10 15:57:20,,0,Was $3.00 03/06/2019,True
Woolworths Supermarket,Lunch Box,Mainland On The Go Special Reserve Cheese And Crackers 50g,224796,$2.50,$50.00 / 1KG,https://www.woolworths.com.au/shop/productdetails/224796/mainland-on-the-go-special-reserve-cheese-and-crackers,https://cdn0.woolworths.media/content/wowproductimages/medium/224796.jpg,2020-09-10 15:57:20,,0,Was $3 03/06/2019,True
Woolworths Supermarket,Lunch Box,Bega So Light 50% Reduced Fat Cheese Slices 30 pack,226463,$9.00,$18.00 / 1KG,https://www.woolworths.com.au/shop/productdetails/226463/bega-so-light-50-reduced-fat-cheese-slices,https://cdn0.woolworths.media/content/wowproductimages/medium/226463.jpg,2020-09-10 15:57:20,,0,Was $10.00 06/01/2020,True
Woolworths Supermarket,Lunch Box,Nuttelex Lite Margarine Spread 500g,233135,$2.90,$0.58 / 100G,https://www.woolworths.com.au/shop/productdetails/233135/nuttelex-lite-margarine-spread,https://cdn0.woolworths.media/content/wowproductimages/medium/233135.jpg,2020-09-10 15:57:20,,0,,True
Woolworths Supermarket,Lunch Box,Woolworths Bread Grain Loaf 800G,233155,$3.00,$0.38 / 100G,https://www.woolworths.com.au/shop/productdetails/233155/woolworths-bread-grain-loaf,https://cdn0.woolworths.media/content/wowproductimages/medium/233155.jpg,2020-09-10 15:57:20,,0,2 for $5.00,True
Woolworths Supermarket,Lunch Box,Woolworths Bread White Extra Soft Loaf 800G,233160,$3.00,$0.38 / 100G,https://www.woolworths.com.au/shop/productdetails/233160/woolworths-bread-white-extra-soft-loaf,https://cdn0.woolworths.media/content/wowproductimages/medium/233160.jpg,2020-09-10 15:57:20,,0,2 for $5.00,True
Woolworths Supermarket,Lunch Box,Woolworths Bread Wholemeal Soft Loaf 800G,233162,$3.00,$0.38 / 100G,https://www.woolworths.com.au/shop/productdetails/233162/woolworths-bread-wholemeal-soft-loaf,https://cdn0.woolworths.media/content/wowproductimages/medium/233162.jpg,2020-09-10 15:57:20,,0,2 for $5.00,True
Woolworths Supermarket,Lunch Box,Woolworths Caesar Salad Kit 290g,233376,$5.50,$18.97 / 1KG,https://www.woolworths.com.au/shop/productdetails/233376/woolworths-caesar-salad-kit,https://cdn0.woolworths.media/content/wowproductimages/medium/233376.jpg,2020-09-10 15:57:20,Average product rating out of 5: 4.1. Product score is based on 774 ratings,774,,True
Woolworths Supermarket,Lunch Box,Woolworths Bread Four Seed Loaf 800G,244061,$2.00,$0.25 / 100G,https://www.woolworths.com.au/shop/productdetails/244061/woolworths-bread-four-seed-loaf,https://cdn0.woolworths.media/content/wowproductimages/medium/244061.jpg,2020-09-10 15:57:20,,0,,True
Woolworths Supermarket,Lunch Box,Woolworths Two Fruits In Tropical Jelly 4x120g,245396,$2.20,$4.58 / 1KG,https://www.woolworths.com.au/shop/productdetails/245396/woolworths-two-fruits-in-tropical-jelly,https://cdn0.woolworths.media/content/wowproductimages/medium/245396.jpg,2020-09-10 15:57:20,Average product rating out of 5: 4.0. Product score is based on 283 ratings,283,Was $3.49 08/08/16,True
Woolworths Supermarket,Lunch Box,Uncle Tobys Le Snak Tasty Cheese Dip & Crackers 6 pack,248207,$2.35,$1.78 / 100G,https://www.woolworths.com.au/shop/productdetails/248207/uncle-tobys-le-snak-tasty-cheese-dip-crackers,https://cdn0.woolworths.media/content/wowproductimages/medium/248207.jpg,2020-09-10 15:57:20,,0,,True
Woolworths Supermarket,Lunch Box,Nestle Uncle Tobys Muesli Bars Yoghurt & Mango & Passionfruit 6 pack,248248,$2.15,$1.16 / 100G,https://www.woolworths.com.au/shop/productdetails/248248/nestle-uncle-tobys-muesli-bars-yoghurt-mango-passionfruit,https://cdn0.woolworths.media/content/wowproductimages/medium/248248.jpg,2020-09-10 15:57:20,,0,,True
Woolworths Supermarket,Lunch Box,Uncle Tobys Muesli Bars Chewy Choc Chip 6 pack,248249,$2.15,$1.16 / 100G,https://www.woolworths.com.au/shop/productdetails/248249/uncle-tobys-muesli-bars-chewy-choc-chip,https://cdn0.woolworths.media/content/wowproductimages/medium/248249.jpg,2020-09-10 15:57:20,,0,,True
Woolworths Supermarket,Lunch Box,Nestle Uncle Tobys Muesli Bars Chewy Apricot 6 pack,248250,$2.15,$1.16 / 100G,https://www.woolworths.com.au/shop/productdetails/248250/nestle-uncle-tobys-muesli-bars-chewy-apricot,https://cdn0.woolworths.media/content/wowproductimages/medium/248250.jpg,2020-09-10 15:57:20,,0,,True
Woolworths Supermarket,Lunch Box,Uncle Tobys Muesli Bars Chewy Forest Fruits 6 pack,248251,$2.15,$1.16 / 100G,https://www.woolworths.com.au/shop/productdetails/248251/uncle-tobys-muesli-bars-chewy-forest-fruits,https://cdn0.woolworths.media/content/wowproductimages/medium/248251.jpg,2020-09-10 15:57:20,,0,,True
Woolworths Supermarket,Lunch Box,Nestle Uncle Tobys Muesli Bars Yoghurt & Honeycomb 185g,248257,$2.15,$1.16 / 100G,https://www.woolworths.com.au/shop/productdetails/248257/nestle-uncle-tobys-muesli-bars-yoghurt-honeycomb,https://cdn0.woolworths.media/content/wowproductimages/medium/248257.jpg,2020-09-10 15:57:20,,0,,True
Woolworths Supermarket,Lunch Box,Essentials Crispbread & Cheese French Onion Dip 12 pack,248802,$4.00,$1.33 / 100G,https://www.woolworths.com.au/shop/productdetails/248802/essentials-crispbread-cheese-french-onion-dip,https://cdn0.woolworths.media/content/wowproductimages/medium/248802.jpg,2020-09-10 15:57:20,Average product rating out of 5: 4.0. Product score is based on 347 ratings,347,,True
Woolworths Supermarket,Lunch Box,Nutino Hazelnut Spread Spread 750g,249627,$5.50,$0.73 / 100G,https://www.woolworths.com.au/shop/productdetails/249627/nutino-hazelnut-spread-spread,https://cdn0.woolworths.media/content/wowproductimages/medium/249627.jpg,2020-09-10 15:57:20,,0,Was $6.75 25/09/2017,True
Woolworths Supermarket,Lunch Box,Nutino Hazelnut Spread Spread 400g,249628,$3.50,$0.88 / 100G,https://www.woolworths.com.au/shop/productdetails/249628/nutino-hazelnut-spread-spread,https://cdn0.woolworths.media/content/wowproductimages/medium/249628.jpg,2020-09-10 15:57:20,,0,Was $4.50 25/09/2017,True
Woolworths Supermarket,Lunch Box,Nutino Hazelnut Spread Spread 220g,249629,$2.50,$1.14 / 100G,https://www.woolworths.com.au/shop/productdetails/249629/nutino-hazelnut-spread-spread,https://cdn0.woolworths.media/content/wowproductimages/medium/249629.jpg,2020-09-10 15:57:20,,0,Was $3.35 25/09/2017,True
Woolworths Supermarket,Lunch Box,Woolworths Cookies Choc Chip 24 pack,250627,$6.00,$0.25 / 1EA,https://www.woolworths.com.au/shop/productdetails/250627/woolworths-cookies-choc-chip,https://cdn0.woolworths.media/content/wowproductimages/medium/250627.jpg,2020-09-10 15:57:20,,0,,True
Woolworths Supermarket,Lunch Box,Hercules Click Zip Large Resealable Twinzip Sandwich Bags 25 pack,252072,$2.45,$0.10 / 1EA,https://www.woolworths.com.au/shop/productdetails/252072/hercules-click-zip-large-resealable-twinzip-sandwich-bags,https://cdn0.woolworths.media/content/wowproductimages/medium/252072.jpg,2020-09-10 15:57:20,,0,,True
Woolworths Supermarket,Lunch Box,Mainland On The Go Tasty Cheese And Crackers 4 pack,253846,$4.50,$37.50 / 1KG,https://www.woolworths.com.au/shop/productdetails/253846/mainland-on-the-go-tasty-cheese-and-crackers,https://cdn0.woolworths.media/content/wowproductimages/medium/253846.jpg,2020-09-10 15:57:20,,0,,True
Woolworths Supermarket,Lunch Box,Wonder White Wholemeal With Iron Sandwich Slice 700G,253937,$3.40,$0.49 / 100G,https://www.woolworths.com.au/shop/productdetails/253937/wonder-white-wholemeal-with-iron-sandwich-slice,https://cdn0.woolworths.media/content/wowproductimages/medium/253937.jpg,2020-09-10 15:57:20,,0,,True
Woolworths Supermarket,Lunch Box,Uncle Tobys Muesli Bars Chewy White Choc Chip 6 pack,254169,$2.15,$1.16 / 100G,https://www.woolworths.com.au/shop/productdetails/254169/uncle-tobys-muesli-bars-chewy-white-choc-chip,https://cdn0.woolworths.media/content/wowproductimages/medium/254169.jpg,2020-09-10 15:57:20,,0,,True
Woolworths Supermarket,Lunch Box,Woolworths Scone Homestyle Buttermilk 6 pack,259767,$4.50,$0.75 / 1EA,https://www.woolworths.com.au/shop/productdetails/259767/woolworths-scone-homestyle-buttermilk,https://cdn0.woolworths.media/content/wowproductimages/medium/259767.jpg,2020-09-10 15:57:20,,0,,True
Woolworths Supermarket,Lunch Box,Babybel Mini Light Tasty Cheese Portions 100g,260963,$3.80,$38.00 / 1KG,https://www.woolworths.com.au/shop/productdetails/260963/babybel-mini-light-tasty-cheese-portions,https://cdn0.woolworths.media/content/wowproductimages/medium/260963.jpg,2020-09-10 15:57:20,,0,,True
Woolworths Supermarket,Lunch Box,Nuttelex Pulse Buttery Margarine Spread 500g,262454,$4.70,$0.94 / 100G,https://www.woolworths.com.au/shop/productdetails/262454/nuttelex-pulse-buttery-margarine-spread,https://cdn0.woolworths.media/content/wowproductimages/medium/262454.jpg,2020-09-10 15:57:20,,0,,True
Woolworths Supermarket,Lunch Box,Golden Circle Apple Juice 350ml,263556,$1.50,$4.29 / 1L,https://www.woolworths.com.au/shop/productdetails/263556/golden-circle-apple-juice,https://cdn0.woolworths.media/content/wowproductimages/medium/263556.jpg,2020-09-10 15:57:20,,0,,True
Woolworths Supermarket,Lunch Box,Golden Circle Apple & Blackcurrant Juice 350ml,263559,$1.50,$4.29 / 1L,https://www.woolworths.com.au/shop/productdetails/263559/golden-circle-apple-blackcurrant-juice,https://cdn0.woolworths.media/content/wowproductimages/medium/263559.jpg,2020-09-10 15:57:20,,0,,True
Woolworths Supermarket,Lunch Box,Wonder White Bread Vitamins & Minerals Sandwich 700G,263669,$3.40,$0.49 / 100G,https://www.woolworths.com.au/shop/productdetails/263669/wonder-white-bread-vitamins-minerals-sandwich,https://cdn0.woolworths.media/content/wowproductimages/medium/263669.jpg,2020-09-10 15:57:20,,0,,True
Woolworths Supermarket,Lunch Box,Abe's Bagel Bakery Natural Bagels 360g 4pk,270580,$5.00,$1.25 / 1EA,https://www.woolworths.com.au/shop/productdetails/270580/abe-s-bagel-bakery-natural-bagels,https://cdn0.woolworths.media/content/wowproductimages/medium/270580.jpg,2020-09-10 15:57:20,,0,,True
Woolworths Supermarket,Lunch Box,Vegemite Spread 560G,280512,$8.35,$1.49 / 100G,https://www.woolworths.com.au/shop/productdetails/280512/vegemite-spread,https://cdn0.woolworths.media/content/wowproductimages/medium/280512.jpg,2020-09-10 15:57:20,,0,,True
Woolworths Supermarket,Lunch Box,Evian Spring Still Water 750ml,285416,$2.65,$3.53 / 1L,https://www.woolworths.com.au/shop/productdetails/285416/evian-spring-still-water,https://cdn0.woolworths.media/content/wowproductimages/medium/285416.jpg,2020-09-10 15:57:20,,0,,True
Woolworths Supermarket,Lunch Box,Thins Multipack Classic Original Chips 6 pack,293630,$3.35,$2.94 / 100G,https://www.woolworths.com.au/shop/productdetails/293630/thins-multipack-classic-original-chips,https://cdn0.woolworths.media/content/wowproductimages/medium/293630.jpg,2020-09-10 15:57:20,,0,2 for $5.00,True
Woolworths Supermarket,Lunch Box,Kettle Multipack Sea Salt 5 pack,293821,$3.35,$3.64 / 100G,https://www.woolworths.com.au/shop/productdetails/293821/kettle-multipack-sea-salt,https://cdn0.woolworths.media/content/wowproductimages/medium/293821.jpg,2020-09-10 15:57:20,,0,2 for $5.00,True
Woolworths Supermarket,Lunch Box,Hellmann's Real Mayo Jar Real Mayonnaise 400g,305383,$6.20,$1.55 / 100G,https://www.woolworths.com.au/shop/productdetails/305383/hellmann-s-real-mayo-jar-real-mayonnaise,https://cdn0.woolworths.media/content/wowproductimages/medium/305383.jpg,2020-09-10 15:57:20,,0,,True
Woolworths Supermarket,Lunch Box,Armada Cling Wrap 33cm x 60m,305390,$3.00,$0.05 / 1M,https://www.woolworths.com.au/shop/productdetails/305390/armada-cling-wrap,https://cdn0.woolworths.media/content/wowproductimages/medium/305390.jpg,2020-09-10 15:57:20,Average product rating out of 5: 4.3. Product score is based on 184 ratings,184,,True
Woolworths Supermarket,Lunch Box,Golden Days Bars Sesame Snaps Dark Chocolate 120g,305675,$3.30,$2.75 / 100G,https://www.woolworths.com.au/shop/productdetails/305675/golden-days-bars-sesame-snaps-dark-chocolate,https://cdn0.woolworths.media/content/wowproductimages/medium/305675.jpg,2020-09-10 15:57:20,Average product rating out of 5: 4.9. Product score is based on 11 ratings,11,,True
Woolworths Supermarket,Lunch Box,Jazz Apple each,306343,$0.94,$0.94 / 1EA,https://www.woolworths.com.au/shop/productdetails/306343/jazz-apple,https://cdn0.woolworths.media/content/wowproductimages/medium/306343.jpg,2020-09-10 15:57:20,,0,,True
Woolworths Supermarket,Lunch Box,Vegemite Spread 280g,308872,$5.00,$1.79 / 100G,https://www.woolworths.com.au/shop/productdetails/308872/vegemite-spread,https://cdn0.woolworths.media/content/wowproductimages/medium/308872.jpg,2020-09-10 15:57:20,,0,,True
Woolworths Supermarket,Lunch Box,Glad Cling Wrap 90m,309127,$5.50,$0.06 / 1M,https://www.woolworths.com.au/shop/productdetails/309127/glad-cling-wrap,https://cdn0.woolworths.media/content/wowproductimages/medium/309127.jpg,2020-09-10 15:57:20,,0,Was $6.20 21/05/2017,True
Woolworths Supermarket,Lunch Box,Woolworths Tasty Cheese Block 500g,310237,$5.80,$11.60 / 1KG,https://www.woolworths.com.au/shop/productdetails/310237/woolworths-tasty-cheese-block,https://cdn0.woolworths.media/content/wowproductimages/medium/310237.jpg,2020-09-10 15:57:20,Average product rating out of 5: 4.7. Product score is based on 893 ratings,893,,True
Woolworths Supermarket,Lunch Box,Woolworths Extra Tasty Cheese Block 500g,310238,$6.00,$12.00 / 1KG,https://www.woolworths.com.au/shop/productdetails/310238/woolworths-extra-tasty-cheese-block,https://cdn0.woolworths.media/content/wowproductimages/medium/310238.jpg,2020-09-10 15:57:20,Average product rating out of 5: 4.7. Product score is based on 854 ratings,854,,True
Woolworths Supermarket,Lunch Box,Mamee Rice Snacks Sticks Cheese Flavour 200g,310714,$6.00,$3.00 / 100G,https://www.woolworths.com.au/shop/productdetails/310714/mamee-rice-snacks-sticks-cheese-flavour,https://cdn0.woolworths.media/content/wowproductimages/medium/310714.jpg,2020-09-10 15:57:20,Average product rating out of 5: 3.6. Product score is based on 24 ratings,24,,True
Woolworths Supermarket,Lunch Box,Fresh Packham Pear 1KG PUNNET,310965,$3.50,$3.50 / 1KG,https://www.woolworths.com.au/shop/productdetails/310965/fresh-packham-pear,https://cdn0.woolworths.media/content/wowproductimages/medium/310965.jpg,2020-09-10 15:57:20,,0,,True
Woolworths Supermarket,Lunch Box,Macro Organic Strawberry Jam 250g,311129,$3.40,$1.36 / 100G,https://www.woolworths.com.au/shop/productdetails/311129/macro-organic-strawberry-jam,https://cdn0.woolworths.media/content/wowproductimages/medium/311129.jpg,2020-09-10 15:57:20,,0,,True
Woolworths Supermarket,Lunch Box,Woolworths Sultanas 6 pack,311977,$1.95,$8.13 / 1KG,https://www.woolworths.com.au/shop/productdetails/311977/woolworths-sultanas,https://cdn0.woolworths.media/content/wowproductimages/medium/311977.jpg,2020-09-10 15:57:20,Average product rating out of 5: 4.4. Product score is based on 347 ratings,347,,True
Woolworths Supermarket,Lunch Box,Kellogg's Lcms Choco Split Stix Cereal Bars 138g,312248,$4.00,$2.90 / 100G,https://www.woolworths.com.au/shop/productdetails/312248/kellogg-s-lcms-choco-split-stix-cereal-bars,https://cdn0.woolworths.media/content/wowproductimages/medium/312248.jpg,2020-09-10 15:57:20,,0,,True
Woolworths Supermarket,Lunch Box,Jj Snacks Multipack Chicken Chips 12 pack,313400,$5.20,$2.89 / 100G,https://www.woolworths.com.au/shop/productdetails/313400/jj-snacks-multipack-chicken-chips,https://cdn0.woolworths.media/content/wowproductimages/medium/313400.jpg,2020-09-10 15:57:20,,0,,True
Woolworths Supermarket,Lunch Box,Select Royal Gala Apple 1kg punnet,314012,$5.00,$5.00 / 1KG,https://www.woolworths.com.au/shop/productdetails/314012/select-royal-gala-apple,https://cdn0.woolworths.media/content/wowproductimages/medium/314012.jpg,2020-09-10 15:57:20,,0,,True
Woolworths Supermarket,Lunch Box,Prima Apple Fruit Drink 6x200ml,315747,$2.50,$2.08 / 1L,https://www.woolworths.com.au/shop/productdetails/315747/prima-apple-fruit-drink,https://cdn0.woolworths.media/content/wowproductimages/medium/315747.jpg,2020-09-10 15:57:20,,0,Was $3.49 22/01/2018,True
Woolworths Supermarket,Lunch Box,Prima Apple & Raspberry Fruit Drink 6x200ml,315759,$2.50,$2.08 / 1L,https://www.woolworths.com.au/shop/productdetails/315759/prima-apple-raspberry-fruit-drink,https://cdn0.woolworths.media/content/wowproductimages/medium/315759.jpg,2020-09-10 15:57:20,,0,Was $3.49 22/01/2018,True
Woolworths Supermarket,Lunch Box,Prima Tropical Fruit Drink 6x200ml,315776,$2.50,$2.08 / 1L,https://www.woolworths.com.au/shop/productdetails/315776/prima-tropical-fruit-drink,https://cdn0.woolworths.media/content/wowproductimages/medium/315776.jpg,2020-09-10 15:57:20,,0,Was $3.49 22/01/2018,True
Woolworths Supermarket,Lunch Box,Just Juice Apple Juice 6x200ml,315777,$4.70,$3.92 / 1L,https://www.woolworths.com.au/shop/productdetails/315777/just-juice-apple-juice,https://cdn0.woolworths.media/content/wowproductimages/medium/315777.jpg,2020-09-10 15:57:20,,0,,True
Woolworths Supermarket,Lunch Box,Just Juice Orange Juice 6x200ml,315784,$4.70,$3.92 / 1L,https://www.woolworths.com.au/shop/productdetails/315784/just-juice-orange-juice,https://cdn0.woolworths.media/content/wowproductimages/medium/315784.jpg,2020-09-10 15:57:20,,0,,True
Woolworths Supermarket,Lunch Box,Just Juice Paradise Punch 6x200ml,315797,$4.70,$3.92 / 1L,https://www.woolworths.com.au/shop/productdetails/315797/just-juice-paradise-punch,https://cdn0.woolworths.media/content/wowproductimages/medium/315797.jpg,2020-09-10 15:57:20,,0,,True
Woolworths Supermarket,Lunch Box,Woolworths Baby Leaf Salad With Beetroot Bag 180g,317566,$4.00,$22.22 / 1KG,https://www.woolworths.com.au/shop/productdetails/317566/woolworths-baby-leaf-salad-with-beetroot-bag,https://cdn0.woolworths.media/content/wowproductimages/medium/317566.jpg,2020-09-10 15:57:20,Average product rating out of 5: 4.4. Product score is based on 230 ratings,230,,True
Woolworths Supermarket,Lunch Box,Mission Wraps Mini Original 8 pack,320195,$5.00,$1.30 / 100G,https://www.woolworths.com.au/shop/productdetails/320195/mission-wraps-mini-original,https://cdn0.woolworths.media/content/wowproductimages/medium/320195.jpg,2020-09-10 15:57:20,,0,,True
Woolworths Supermarket,Lunch Box,Nuttelex Olive Table Spread 500g,320268,$3.70,$0.74 / 100G,https://www.woolworths.com.au/shop/productdetails/320268/nuttelex-olive-table-spread,https://cdn0.woolworths.media/content/wowproductimages/medium/320268.jpg,2020-09-10 15:57:20,,0,,True
Woolworths Supermarket,Lunch Box,Woolworths Cup Cake Mini Iced 9 pack,320381,$4.65,$0.52 / 1EA,https://www.woolworths.com.au/shop/productdetails/320381/woolworths-cup-cake-mini-iced,https://cdn0.woolworths.media/content/wowproductimages/medium/320381.jpg,2020-09-10 15:57:20,Average product rating out of 5: 4.0. Product score is based on 518 ratings,518,,True
Woolworths Supermarket,Lunch Box,Woolworths Mini Cup Cake Choc Mud 9 pack,320383,$4.65,$0.52 / 1EA,https://www.woolworths.com.au/shop/productdetails/320383/woolworths-mini-cup-cake-choc-mud,https://cdn0.woolworths.media/content/wowproductimages/medium/320383.jpg,2020-09-10 15:57:20,Average product rating out of 5: 4.3. Product score is based on 1172 ratings,1172,,True
Woolworths Supermarket,Lunch Box,Kellogg's Lcms Choc Chip Snack Bars 6 pack,324207,$4.00,$3.03 / 100G,https://www.woolworths.com.au/shop/productdetails/324207/kellogg-s-lcms-choc-chip-snack-bars,https://cdn0.woolworths.media/content/wowproductimages/medium/324207.jpg,2020-09-10 15:57:20,,0,,True
Woolworths Supermarket,Lunch Box,Jazz Apple Snackers 1kg punnet,325816,$5.90,$5.90 / 1KG,https://www.woolworths.com.au/shop/productdetails/325816/jazz-apple-snackers,https://cdn0.woolworths.media/content/wowproductimages/medium/325816.jpg,2020-09-10 15:57:20,,0,,True
Woolworths Supermarket,Lunch Box,Nice & Natural Nut Bar Chocolate 6 pack,332059,$3.00,$1.56 / 100G,https://www.woolworths.com.au/shop/productdetails/332059/nice-natural-nut-bar-chocolate,https://cdn0.woolworths.media/content/wowproductimages/medium/332059.jpg,2020-09-10 15:57:20,,0,,True
Woolworths Supermarket,Lunch Box,Nice & Natural Nut Bar Yoghurt 6 pack,332066,$3.00,$1.56 / 100G,https://www.woolworths.com.au/shop/productdetails/332066/nice-natural-nut-bar-yoghurt,https://cdn0.woolworths.media/content/wowproductimages/medium/332066.jpg,2020-09-10 15:57:20,,0,,True
Woolworths Supermarket,Lunch Box,Nice & Natural Nut Bar Trail Mix 6 pack,332068,$3.00,$1.56 / 100G,https://www.woolworths.com.au/shop/productdetails/332068/nice-natural-nut-bar-trail-mix,https://cdn0.woolworths.media/content/wowproductimages/medium/332068.jpg,2020-09-10 15:57:20,,0,,True
Woolworths Supermarket,Lunch Box,Wonder White Hi Fibre Sandwich Slice Bread 700G,332466,$3.40,$0.49 / 100G,https://www.woolworths.com.au/shop/productdetails/332466/wonder-white-hi-fibre-sandwich-slice-bread,https://cdn0.woolworths.media/content/wowproductimages/medium/332466.jpg,2020-09-10 15:57:20,,0,,True
Woolworths Supermarket,Lunch Box,Woolworths Strawberry Jam 500g,334723,$2.40,$0.48 / 100G,https://www.woolworths.com.au/shop/productdetails/334723/woolworths-strawberry-jam,https://cdn0.woolworths.media/content/wowproductimages/medium/334723.jpg,2020-09-10 15:57:20,Average product rating out of 5: 4.2. Product score is based on 509 ratings,509,,True
Woolworths Supermarket,Lunch Box,Woolworths Blackcurrant Jam 500g,334733,$2.40,$0.48 / 100G,https://www.woolworths.com.au/shop/productdetails/334733/woolworths-blackcurrant-jam,https://cdn0.woolworths.media/content/wowproductimages/medium/334733.jpg,2020-09-10 15:57:20,Average product rating out of 5: 4.1. Product score is based on 403 ratings,403,,True
Woolworths Supermarket,Lunch Box,Kellogg's Lcms Kaleidos Snack Bars 15 pack,336772,$7.00,$2.12 / 100G,https://www.woolworths.com.au/shop/productdetails/336772/kellogg-s-lcms-kaleidos-snack-bars,https://cdn0.woolworths.media/content/wowproductimages/medium/336772.jpg,2020-09-10 15:57:20,,0,Was $8.00 09/10/2016,True
Woolworths Supermarket,Lunch Box,Woolworths Asian Salad Tub 250g,338087,$6.00,$24.00 / 1KG,https://www.woolworths.com.au/shop/productdetails/338087/woolworths-asian-salad-tub,https://cdn0.woolworths.media/content/wowproductimages/medium/338087.jpg,2020-09-10 15:57:20,Average product rating out of 5: 4.2. Product score is based on 298 ratings,298,,True
Woolworths Supermarket,Lunch Box,Smith's Multipack Original 6 pack,345300,$3.15,$2.76 / 100G,https://www.woolworths.com.au/shop/productdetails/345300/smith-s-multipack-original,https://cdn0.woolworths.media/content/wowproductimages/medium/345300.jpg,2020-09-10 15:57:20,,0,2 for $5.00,True
Woolworths Supermarket,Lunch Box,Smith's Multipack Salt & Vinegar 6 pack,345301,$3.15,$2.76 / 100G,https://www.woolworths.com.au/shop/productdetails/345301/smith-s-multipack-salt-vinegar,https://cdn0.woolworths.media/content/wowproductimages/medium/345301.jpg,2020-09-10 15:57:20,,0,2 for $5.00,True
Woolworths Supermarket,Lunch Box,Doritos Corn Chips Cheese Supreme 6 pack,345303,$3.15,$2.76 / 100G,https://www.woolworths.com.au/shop/productdetails/345303/doritos-corn-chips-cheese-supreme,https://cdn0.woolworths.media/content/wowproductimages/medium/345303.jpg,2020-09-10 15:57:20,,0,2 for $5.00,True
Woolworths Supermarket,Lunch Box,Laughing Cow Cheese Light 128g,346546,$3.00,$23.44 / 1KG,https://www.woolworths.com.au/shop/productdetails/346546/laughing-cow-cheese-light,https://cdn0.woolworths.media/content/wowproductimages/medium/346546.jpg,2020-09-10 15:57:20,,0,,True
Woolworths Supermarket,Lunch Box,Sanitarium Up&go Protein Energize Choc 250ml x3 pack,353338,$4.80,$6.40 / 1L,https://www.woolworths.com.au/shop/productdetails/353338/sanitarium-up-go-protein-energize-choc,https://cdn0.woolworths.media/content/wowproductimages/medium/353338.jpg,2020-09-10 15:57:20,,0,,True
Woolworths Supermarket,Lunch Box,Carman's Dark Choc Cranberry & Almond Muesli Bars 6 pack,356984,$4.50,$2.14 / 100G,https://www.woolworths.com.au/shop/productdetails/356984/carman-s-dark-choc-cranberry-almond-muesli-bars,https://cdn0.woolworths.media/content/wowproductimages/medium/356984.jpg,2020-09-10 15:57:20,,0,,True
Woolworths Supermarket,Lunch Box,Pic's Peanut Butter Crunchy 380g,360257,$7.50,$1.97 / 100G,https://www.woolworths.com.au/shop/productdetails/360257/pic-s-peanut-butter-crunchy,https://cdn0.woolworths.media/content/wowproductimages/medium/360257.jpg,2020-09-10 15:57:20,,0,,True
Woolworths Supermarket,Lunch Box,Vaalia Kids Yoghurt Pouch Tropical 140g,360392,$1.70,$1.21 / 100G,https://www.woolworths.com.au/shop/productdetails/360392/vaalia-kids-yoghurt-pouch-tropical,https://cdn0.woolworths.media/content/wowproductimages/medium/360392.jpg,2020-09-10 15:57:20,,0,,True
Woolworths Supermarket,Lunch Box,Glad Snap Lock Resealable Large Sandwich Bags 30 pack,361803,$2.95,$0.10 / 1EA,https://www.woolworths.com.au/shop/productdetails/361803/glad-snap-lock-resealable-large-sandwich-bags,https://cdn0.woolworths.media/content/wowproductimages/medium/361803.jpg,2020-09-10 15:57:20,,0,,True
Woolworths Supermarket,Lunch Box,Mount Franklin Still Water Bottle 500ml x20 case,365023,$7.00,$0.70 / 1L,https://www.woolworths.com.au/shop/productdetails/365023/mount-franklin-still-water-bottle,https://cdn0.woolworths.media/content/wowproductimages/medium/365023.jpg,2020-09-10 15:57:20,,0,Was $10.00 17/07/2018,True
Woolworths Supermarket,Lunch Box,V8 Tropical Juice 3x250ml,365259,$3.00,$4.00 / 1L,https://www.woolworths.com.au/shop/productdetails/365259/v8-tropical-juice,https://cdn0.woolworths.media/content/wowproductimages/medium/365259.jpg,2020-09-10 15:57:20,,0,,True
Woolworths Supermarket,Lunch Box,Sistema Drink Bottle Stainless Steel 600ml each,367127,$12.00,,https://www.woolworths.com.au/shop/productdetails/367127/sistema-drink-bottle-stainless-steel,https://cdn0.woolworths.media/content/wowproductimages/medium/367127.jpg,2020-09-10 15:57:20,,0,Designs may vary,True
Woolworths Supermarket,Lunch Box,Sanitarium Up&go Liquid Breakfast Banana 6 pack,369908,$9.00,$6.00 / 1L,https://www.woolworths.com.au/shop/productdetails/369908/sanitarium-up-go-liquid-breakfast-banana,https://cdn0.woolworths.media/content/wowproductimages/medium/369908.jpg,2020-09-10 15:57:20,,0,,True
Woolworths Supermarket,Lunch Box,Vaalia Kids Yoghurt Pouch Banana 140g,374976,$1.70,$1.21 / 100G,https://www.woolworths.com.au/shop/productdetails/374976/vaalia-kids-yoghurt-pouch-banana,https://cdn0.woolworths.media/content/wowproductimages/medium/374976.jpg,2020-09-10 15:57:20,,0,,True
Woolworths Supermarket,Lunch Box,Cobs Popcorn Sea Salt Gluten Free 80g,377589,$2.85,$3.56 / 100G,https://www.woolworths.com.au/shop/productdetails/377589/cobs-popcorn-sea-salt-gluten-free,https://cdn0.woolworths.media/content/wowproductimages/medium/377589.jpg,2020-09-10 15:57:20,,0,,True
Woolworths Supermarket,Lunch Box,Cheezels Multipack 6pk 114g,378034,$3.35,$2.94 / 100G,https://www.woolworths.com.au/shop/productdetails/378034/cheezels-multipack-6pk,https://cdn0.woolworths.media/content/wowproductimages/medium/378034.jpg,2020-09-10 15:57:20,,0,2 for $5.00,True
Woolworths Supermarket,Lunch Box,Cocobella Cocobella Coconut Water & Mango 250ml,378393,$2.00,$8.00 / 1L,https://www.woolworths.com.au/shop/productdetails/378393/cocobella-cocobella-coconut-water-mango,https://cdn0.woolworths.media/content/wowproductimages/medium/378393.jpg,2020-09-10 15:57:20,,0,,True
Woolworths Supermarket,Lunch Box,Kez's Kitchen Gluten & Dairy Free Melting Moment Biscuits 190g,378654,$7.00,$3.68 / 100G,https://www.woolworths.com.au/shop/productdetails/378654/kez-s-kitchen-gluten-dairy-free-melting-moment-biscuits,https://cdn0.woolworths.media/content/wowproductimages/medium/378654.jpg,2020-09-10 15:57:20,Average product rating out of 5: 4.5. Product score is based on 19 ratings,19,,True
Woolworths Supermarket,Lunch Box,Woolworths Baby Spinach Salad With Rocket 60g bag,379518,$2.00,$33.33 / 1KG,https://www.woolworths.com.au/shop/productdetails/379518/woolworths-baby-spinach-salad-with-rocket,https://cdn0.woolworths.media/content/wowproductimages/medium/379518.jpg,2020-09-10 15:57:20,Average product rating out of 5: 4.5. Product score is based on 146 ratings,146,,True
Woolworths Supermarket,Lunch Box,Cocobella Cocobella Straight Up Coconut Water 250ml,379700,$2.00,$8.00 / 1L,https://www.woolworths.com.au/shop/productdetails/379700/cocobella-cocobella-straight-up-coconut-water,https://cdn0.woolworths.media/content/wowproductimages/medium/379700.jpg,2020-09-10 15:57:20,,0,,True
Woolworths Supermarket,Lunch Box,Woolworths Baby Rocket Salad Bag 60g,380580,$2.00,$33.33 / 1KG,https://www.woolworths.com.au/shop/productdetails/380580/woolworths-baby-rocket-salad-bag,https://cdn0.woolworths.media/content/wowproductimages/medium/380580.jpg,2020-09-10 15:57:20,Average product rating out of 5: 4.5. Product score is based on 700 ratings,700,,True
Woolworths Supermarket,Lunch Box,Voss Still Water 800ml,382411,$5.00,$6.25 / 1L,https://www.woolworths.com.au/shop/productdetails/382411/voss-still-water,https://cdn0.woolworths.media/content/wowproductimages/medium/382411.jpg,2020-09-10 15:57:20,,0,,True
Woolworths Supermarket,Lunch Box,Voss Still Water 375ml,382414,$3.00,$8.00 / 1L,https://www.woolworths.com.au/shop/productdetails/382414/voss-still-water,https://cdn0.woolworths.media/content/wowproductimages/medium/382414.jpg,2020-09-10 15:57:20,,0,,True
Woolworths Supermarket,Lunch Box,Mission Wraps Wholegrain 8pk 567g,384286,$4.00,$0.71 / 100G,https://www.woolworths.com.au/shop/productdetails/384286/mission-wraps-wholegrain,https://cdn0.woolworths.media/content/wowproductimages/medium/384286.jpg,2020-09-10 15:57:20,,0,,True
Woolworths Supermarket,Lunch Box,Sanitarium Up&go Liquid Breakfast Honeycomb 3 pack,420010,$4.80,$6.40 / 1L,https://www.woolworths.com.au/shop/productdetails/420010/sanitarium-up-go-liquid-breakfast-honeycomb,https://cdn0.woolworths.media/content/wowproductimages/medium/420010.jpg,2020-09-10 15:57:20,,0,,True
Woolworths Supermarket,Lunch Box,Flora With Butter Margarine And A Pinch Of Sea Salt 400g,432756,$3.00,$0.75 / 100G,https://www.woolworths.com.au/shop/productdetails/432756/flora-with-butter-margarine-and-a-pinch-of-sea-salt,https://cdn0.woolworths.media/content/wowproductimages/medium/432756.jpg,2020-09-10 15:57:20,,0,,True
Woolworths Supermarket,Lunch Box,D'orsogna 100% Natural Double Smoked Sliced Ham 200g,434117,$6.50,$32.50 / 1KG,https://www.woolworths.com.au/shop/productdetails/434117/d-orsogna-100-natural-double-smoked-sliced-ham,https://cdn0.woolworths.media/content/wowproductimages/medium/434117.jpg,2020-09-10 15:57:20,,0,,True
Woolworths Supermarket,Lunch Box,Woolworths Country Loaf Wholegrain 850g,435099,$2.70,$0.32 / 100G,https://www.woolworths.com.au/shop/productdetails/435099/woolworths-country-loaf-wholegrain,https://cdn0.woolworths.media/content/wowproductimages/medium/435099.jpg,2020-09-10 15:57:20,Average product rating out of 5: 4.2. Product score is based on 434 ratings,434,,True
Woolworths Supermarket,Lunch Box,Beechworth Bee Cause Bush Honey 400g,438612,$8.50,$2.13 / 100G,https://www.woolworths.com.au/shop/productdetails/438612/beechworth-bee-cause-bush-honey,https://cdn0.woolworths.media/content/wowproductimages/medium/438612.jpg,2020-09-10 15:57:20,,0,,True
Woolworths Supermarket,Lunch Box,Camelbak The Eddy Bottle 600ml each,446306,$25.00,,https://www.woolworths.com.au/shop/productdetails/446306/camelbak-the-eddy-bottle,https://cdn0.woolworths.media/content/wowproductimages/medium/446306.jpg,2020-09-10 15:57:20,,0,Designs may vary,True
Woolworths Supermarket,Lunch Box,Camelbak The Eddy Kids Drink Bottle 400ml each,446308,$23.00,,https://www.woolworths.com.au/shop/productdetails/446308/camelbak-the-eddy-kids-drink-bottle,https://cdn0.woolworths.media/content/wowproductimages/medium/446308.jpg,2020-09-10 15:57:20,,0,Designs may vary,True
Woolworths Supermarket,Lunch Box,Woolworths Mixed Leaf Iceberg Lettuce Blend 300g,447755,$3.00,$10.00 / 1KG,https://www.woolworths.com.au/shop/productdetails/447755/woolworths-mixed-leaf-iceberg-lettuce-blend,https://cdn0.woolworths.media/content/wowproductimages/medium/447755.jpg,2020-09-10 15:57:20,Average product rating out of 5: 3.7. Product score is based on 341 ratings,341,,True
Woolworths Supermarket,Lunch Box,Woolworths Mixed Baby Leaf Salad Mix 300g,447762,$5.00,$16.67 / 1KG,https://www.woolworths.com.au/shop/productdetails/447762/woolworths-mixed-baby-leaf-salad-mix,https://cdn0.woolworths.media/content/wowproductimages/medium/447762.jpg,2020-09-10 15:57:20,,0,,True
Woolworths Supermarket,Lunch Box,Woolworths Natural Tasty Cheese & Crackers 1pk 50g,453300,$1.60,$32.00 / 1KG,https://www.woolworths.com.au/shop/productdetails/453300/woolworths-natural-tasty-cheese-crackers,https://cdn0.woolworths.media/content/wowproductimages/medium/453300.jpg,2020-09-10 15:57:20,Average product rating out of 5: 4.4. Product score is based on 749 ratings,749,,True
Woolworths Supermarket,Lunch Box,Woolworths Cheese & Crackers Light Tasty 50g 1pk,453301,$1.60,$32.00 / 1KG,https://www.woolworths.com.au/shop/productdetails/453301/woolworths-cheese-crackers-light-tasty,https://cdn0.woolworths.media/content/wowproductimages/medium/453301.jpg,2020-09-10 15:57:20,Average product rating out of 5: 4.3. Product score is based on 295 ratings,295,,True
Woolworths Supermarket,Lunch Box,Woolworths Sandwich Cheese Slices 1kg,453306,$10.00,$10.00 / 1KG,https://www.woolworths.com.au/shop/productdetails/453306/woolworths-sandwich-cheese-slices,https://cdn0.woolworths.media/content/wowproductimages/medium/453306.jpg,2020-09-10 15:57:20,,0,,True
Woolworths Supermarket,Lunch Box,Decor Snap & Seal Soft Touch Bottle 500ml each,463900,$9.00,,https://www.woolworths.com.au/shop/productdetails/463900/decor-snap-seal-soft-touch-bottle-500ml,https://cdn0.woolworths.media/content/wowproductimages/medium/463900.jpg,2020-09-10 15:57:20,,0,Designs may vary,True
Woolworths Supermarket,Lunch Box,The Happy Snack Company Roasted Fav-va Beans Red Pepper & Chilli 6x25g,464456,$5.30,$3.53 / 100G,https://www.woolworths.com.au/shop/productdetails/464456/the-happy-snack-company-roasted-fav-va-beans-red-pepper-chilli,https://cdn0.woolworths.media/content/wowproductimages/medium/464456.jpg,2020-09-10 15:57:20,Average product rating out of 5: 4.8. Product score is based on 11 ratings,11,,True
Woolworths Supermarket,Lunch Box,Sunbeam Yoghurt Coated Sultanas 180g,466062,$4.00,$22.22 / 1KG,https://www.woolworths.com.au/shop/productdetails/466062/sunbeam-yoghurt-coated-sultanas,https://cdn0.woolworths.media/content/wowproductimages/medium/466062.jpg,2020-09-10 15:57:20,,0,,True
Woolworths Supermarket,Lunch Box,Wonder White Smooth Wholegrain 700G,476065,$3.40,$0.49 / 100G,https://www.woolworths.com.au/shop/productdetails/476065/wonder-white-smooth-wholegrain,https://cdn0.woolworths.media/content/wowproductimages/medium/476065.jpg,2020-09-10 15:57:20,,0,,True
Woolworths Supermarket,Lunch Box,Sunraysia Fruit Pouch Apple & Guava 200ml,483366,$1.30,$6.50 / 1L,https://www.woolworths.com.au/shop/productdetails/483366/sunraysia-fruit-pouch-apple-guava,https://cdn0.woolworths.media/content/wowproductimages/medium/483366.jpg,2020-09-10 15:57:20,,0,5 for $5.00 $5.00/1L,True
Woolworths Supermarket,Lunch Box,Coon Cheese Block Tasty 1kg,491254,$10.85,$10.85 / 1KG,https://www.woolworths.com.au/shop/productdetails/491254/coon-cheese-block-tasty,https://cdn0.woolworths.media/content/wowproductimages/medium/491254.jpg,2020-09-10 15:57:20,,0,,True
Woolworths Supermarket,Lunch Box,Golden Circle Puree Berry Buzz 120g,492142,$1.50,$12.50 / 1KG,https://www.woolworths.com.au/shop/productdetails/492142/golden-circle-puree-berry-buzz,https://cdn0.woolworths.media/content/wowproductimages/medium/492142.jpg,2020-09-10 15:57:20,,0,Was $1.89 03/04/2017,True
Woolworths Supermarket,Lunch Box,Aunt Betty's Creamy Rice Dairy Free Coconut Milk 240g,493527,$3.00,$1.25 / 100G,https://www.woolworths.com.au/shop/productdetails/493527/aunt-betty-s-creamy-rice-dairy-free-coconut-milk,https://cdn0.woolworths.media/content/wowproductimages/medium/493527.jpg,2020-09-10 15:57:20,,0,,True
Woolworths Supermarket,Lunch Box,Smash Large Freeze Bricks each,494000,$4.00,$4.00 / 1EA,https://www.woolworths.com.au/shop/productdetails/494000/smash-large-freeze-bricks,https://cdn0.woolworths.media/content/wowproductimages/medium/494000.jpg,2020-09-10 15:57:20,,0,,True
Woolworths Supermarket,Lunch Box,Decor Double Wall Insulated Bullet Bottle 500ml each,495442,$20.00,,https://www.woolworths.com.au/shop/productdetails/495442/decor-double-wall-insulated-bullet-bottle,https://cdn0.woolworths.media/content/wowproductimages/medium/495442.jpg,2020-09-10 15:57:20,,0,,True
Woolworths Supermarket,Lunch Box,Decor Pumped Tritan Bottle 750ml Assorted each,495523,$10.00,,https://www.woolworths.com.au/shop/productdetails/495523/decor-pumped-tritan-bottle-750ml-assorted,https://cdn0.woolworths.media/content/wowproductimages/medium/495523.jpg,2020-09-10 15:57:20,,0,Designs may vary,True
Woolworths Supermarket,Lunch Box,Decor Hydrate Tritan Bottle 1l each,495543,$10.00,,https://www.woolworths.com.au/shop/productdetails/495543/decor-hydrate-tritan-bottle-1l,https://cdn0.woolworths.media/content/wowproductimages/medium/495543.jpg,2020-09-10 15:57:20,,0,Designs may vary,True
Woolworths Supermarket,Lunch Box,Balance Water 1l bottle,500635,$2.00,$2.00 / 1L,https://www.woolworths.com.au/shop/productdetails/500635/balance-water,https://cdn0.woolworths.media/content/wowproductimages/medium/500635.jpg,2020-09-10 15:57:20,,0,Was $2.50 05/03/2018,True
Woolworths Supermarket,Lunch Box,Voss Water 500ml,502739,$2.00,$4.00 / 1L,https://www.woolworths.com.au/shop/productdetails/502739/voss-water,https://cdn0.woolworths.media/content/wowproductimages/medium/502739.jpg,2020-09-10 15:57:20,,0,,True
Woolworths Supermarket,Lunch Box,Carman's Coconut & Golden Oat Slice 210g,505088,$4.50,$2.14 / 100G,https://www.woolworths.com.au/shop/productdetails/505088/carman-s-coconut-golden-oat-slice,https://cdn0.woolworths.media/content/wowproductimages/medium/505088.jpg,2020-09-10 15:57:20,,0,,True
Woolworths Supermarket,Lunch Box,Carman's Oat Slice Choc Brownie 210g,505089,$4.50,$2.14 / 100G,https://www.woolworths.com.au/shop/productdetails/505089/carman-s-oat-slice-choc-brownie,https://cdn0.woolworths.media/content/wowproductimages/medium/505089.jpg,2020-09-10 15:57:20,,0,,True
Woolworths Supermarket,Lunch Box,"Carman's Protein Muesli Bars Coconut, Yoghurt & Roasted Nut 200g",505103,$4.50,$2.25 / 100G,https://www.woolworths.com.au/shop/productdetails/505103/carman-s-protein-muesli-bars-coconut-yoghurt-roasted-nut,https://cdn0.woolworths.media/content/wowproductimages/medium/505103.jpg,2020-09-10 15:57:20,,0,,True
Woolworths Supermarket,Lunch Box,Kellogg's Lcms Split Stix Snack Bars Variety 345g,505425,$7.00,$2.03 / 100G,https://www.woolworths.com.au/shop/productdetails/505425/kellogg-s-lcms-split-stix-snack-bars-variety,https://cdn0.woolworths.media/content/wowproductimages/medium/505425.jpg,2020-09-10 15:57:20,,0,Was $8.00 09/10/2016,True
Woolworths Supermarket,Lunch Box,Table Of Plenty Milk Chocolate Snack Pack 84g,505443,$5.50,$6.55 / 100G,https://www.woolworths.com.au/shop/productdetails/505443/table-of-plenty-milk-chocolate-snack-pack,https://cdn0.woolworths.media/content/wowproductimages/medium/505443.jpg,2020-09-10 15:57:20,Average product rating out of 5: 4.9. Product score is based on 27 ratings,27,,True
Woolworths Supermarket,Lunch Box,Bega Peanut Butter Super Crunchy 470g,506995,$5.90,$1.26 / 100G,https://www.woolworths.com.au/shop/productdetails/506995/bega-peanut-butter-super-crunchy,https://cdn0.woolworths.media/content/wowproductimages/medium/506995.jpg,2020-09-10 15:57:20,,0,,True
Woolworths Supermarket,Lunch Box,Alka Power Alkaline Water 600ml bottle,508479,$2.00,$3.33 / 1L,https://www.woolworths.com.au/shop/productdetails/508479/alka-power-alkaline-water,https://cdn0.woolworths.media/content/wowproductimages/medium/508479.jpg,2020-09-10 15:57:20,,0,,True
Woolworths Supermarket,Lunch Box,Tamar Valley Kids Yoghurt Pouch Vanilla 110g,508826,$1.80,$1.64 / 100G,https://www.woolworths.com.au/shop/productdetails/508826/tamar-valley-kids-yoghurt-pouch-vanilla,https://cdn0.woolworths.media/content/wowproductimages/medium/508826.jpg,2020-09-10 15:57:20,,0,,True
Woolworths Supermarket,Lunch Box,Tamar Valley Kids Yoghurt Pouch Strawberry 110G,508827,$1.80,$1.64 / 100G,https://www.woolworths.com.au/shop/productdetails/508827/tamar-valley-kids-yoghurt-pouch-strawberry,https://cdn0.woolworths.media/content/wowproductimages/medium/508827.jpg,2020-09-10 15:57:20,,0,,True
Woolworths Supermarket,Lunch Box,Tamar Valley Kids Yoghurt Pouch Tropical 110g,509491,$1.80,$1.64 / 100G,https://www.woolworths.com.au/shop/productdetails/509491/tamar-valley-kids-yoghurt-pouch-tropical,https://cdn0.woolworths.media/content/wowproductimages/medium/509491.jpg,2020-09-10 15:57:20,,0,,True
Woolworths Supermarket,Lunch Box,Belvita Strawberry Yoghurt Breakfast Biscuits 5 pack,510428,$2.25,$0.89 / 100G,https://www.woolworths.com.au/shop/productdetails/510428/belvita-strawberry-yoghurt-breakfast-biscuits,https://cdn0.woolworths.media/content/wowproductimages/medium/510428.jpg,2020-09-10 15:57:20,,0,,True
Woolworths Supermarket,Lunch Box,Woolworths Thai Style Salad Kit 315g,515547,$5.00,$1.59 / 100G,https://www.woolworths.com.au/shop/productdetails/515547/woolworths-thai-style-salad-kit,https://cdn0.woolworths.media/content/wowproductimages/medium/515547.jpg,2020-09-10 15:57:20,Average product rating out of 5: 4.1. Product score is based on 619 ratings,619,,True
Woolworths Supermarket,Lunch Box,Woolworths Fruit Platter 400g,515705,$5.00,$12.50 / 1KG,https://www.woolworths.com.au/shop/productdetails/515705/woolworths-fruit-platter,https://cdn0.woolworths.media/content/wowproductimages/medium/515705.jpg,2020-09-10 15:57:20,,0,,True
Woolworths Supermarket,Lunch Box,Aeroplane Ready To Eat Jelly Pineapple 120g,518052,$1.40,$1.17 / 100G,https://www.woolworths.com.au/shop/productdetails/518052/aeroplane-ready-to-eat-jelly-pineapple,https://cdn0.woolworths.media/content/wowproductimages/medium/518052.jpg,2020-09-10 15:57:20,,0,,True
Woolworths Supermarket,Lunch Box,Aeroplane Ready To Eat Jelly Blackcurrant 120g,518053,$1.40,$1.17 / 100G,https://www.woolworths.com.au/shop/productdetails/518053/aeroplane-ready-to-eat-jelly-blackcurrant,https://cdn0.woolworths.media/content/wowproductimages/medium/518053.jpg,2020-09-10 15:57:20,,0,,True
Woolworths Supermarket,Lunch Box,Nature Valley Peanut & Chocolate Protein Nut Bars 4 pack,522701,$2.65,$1.66 / 100G,https://www.woolworths.com.au/shop/productdetails/522701/nature-valley-peanut-chocolate-protein-nut-bars,https://cdn0.woolworths.media/content/wowproductimages/medium/522701.jpg,2020-09-10 15:57:20,,0,,True
Woolworths Supermarket,Lunch Box,Nature Valley Salted Caramel Protein Nut Bars 4 pack,522704,$2.65,$1.66 / 100G,https://www.woolworths.com.au/shop/productdetails/522704/nature-valley-salted-caramel-protein-nut-bars,https://cdn0.woolworths.media/content/wowproductimages/medium/522704.jpg,2020-09-10 15:57:20,,0,,True
Woolworths Supermarket,Lunch Box,Woolworths Baby Leaf Spinach 120g,524322,$3.00,$25.00 / 1KG,https://www.woolworths.com.au/shop/productdetails/524322/woolworths-baby-leaf-spinach,https://cdn0.woolworths.media/content/wowproductimages/medium/524322.jpg,2020-09-10 15:57:20,Average product rating out of 5: 4.7. Product score is based on 2842 ratings,2842,,True
Woolworths Supermarket,Lunch Box,Woolworths Single Leaf Baby Spinach 280g,524336,$5.00,$17.86 / 1KG,https://www.woolworths.com.au/shop/productdetails/524336/woolworths-single-leaf-baby-spinach,https://cdn0.woolworths.media/content/wowproductimages/medium/524336.jpg,2020-09-10 15:57:20,Average product rating out of 5: 4.8. Product score is based on 532 ratings,532,,True
Woolworths Supermarket,Lunch Box,Woolworths Peach In Strawberry Jelly 4pk 480g,526015,$2.20,$4.58 / 1KG,https://www.woolworths.com.au/shop/productdetails/526015/woolworths-peach-in-strawberry-jelly,https://cdn0.woolworths.media/content/wowproductimages/medium/526015.jpg,2020-09-10 15:57:20,,0,Was $3.49 08/08/16,True
Woolworths Supermarket,Lunch Box,Hellmann's Mayo Squeeze 400g,529030,$6.20,$1.55 / 100G,https://www.woolworths.com.au/shop/productdetails/529030/hellmann-s-mayo-squeeze,https://cdn0.woolworths.media/content/wowproductimages/medium/529030.jpg,2020-09-10 15:57:20,,0,,True
Woolworths Supermarket,Lunch Box,Sistema Tritan Active Water Bottle each,532375,$6.00,$6.00 / 1EA,https://www.woolworths.com.au/shop/productdetails/532375/sistema-tritan-active-water-bottle,https://cdn0.woolworths.media/content/wowproductimages/medium/532375.jpg,2020-09-10 15:57:20,,0,Designs may vary,True
Woolworths Supermarket,Lunch Box,Woolworths Apple In Pineapple Jelly 4pk 480g,535524,$2.20,$4.58 / 1KG,https://www.woolworths.com.au/shop/productdetails/535524/woolworths-apple-in-pineapple-jelly,https://cdn0.woolworths.media/content/wowproductimages/medium/535524.jpg,2020-09-10 15:57:20,Average product rating out of 5: 3.6. Product score is based on 48 ratings,48,Was $3.49 08/08/16,True
Woolworths Supermarket,Lunch Box,Nestle Bars Original 10 pack,535778,$7.00,$3.33 / 100G,https://www.woolworths.com.au/shop/productdetails/535778/nestle-bars-original,https://cdn0.woolworths.media/content/wowproductimages/medium/535778.jpg,2020-09-10 15:57:20,,0,,True
Woolworths Supermarket,Lunch Box,Primo English Ham 100g,544696,$3.25,$32.50 / 1KG,https://www.woolworths.com.au/shop/productdetails/544696/primo-english-ham,https://cdn0.woolworths.media/content/wowproductimages/medium/544696.jpg,2020-09-10 15:57:20,,0,2 for $5.50,True
Woolworths Supermarket,Lunch Box,Primo Turkey Breast 80g,544697,$3.25,$40.63 / 1KG,https://www.woolworths.com.au/shop/productdetails/544697/primo-turkey-breast,https://cdn0.woolworths.media/content/wowproductimages/medium/544697.jpg,2020-09-10 15:57:20,,0,2 for $5.50,True
Woolworths Supermarket,Lunch Box,Primo Danish Salami 80g,544699,$3.25,$40.63 / 1KG,https://www.woolworths.com.au/shop/productdetails/544699/primo-danish-salami,https://cdn0.woolworths.media/content/wowproductimages/medium/544699.jpg,2020-09-10 15:57:20,,0,2 for $5.50,True
Woolworths Supermarket,Lunch Box,Primo Ham Double Smoked 100g,544760,$3.25,$32.50 / 1KG,https://www.woolworths.com.au/shop/productdetails/544760/primo-ham-double-smoked,https://cdn0.woolworths.media/content/wowproductimages/medium/544760.jpg,2020-09-10 15:57:20,,0,2 for $5.50,True
Woolworths Supermarket,Lunch Box,Primo Champagne Ham Thinly Sliced 100g,544761,$3.25,$32.50 / 1KG,https://www.woolworths.com.au/shop/productdetails/544761/primo-champagne-ham-thinly-sliced,https://cdn0.woolworths.media/content/wowproductimages/medium/544761.jpg,2020-09-10 15:57:20,,0,2 for $5.50,True
Woolworths Supermarket,Lunch Box,Primo Pastrami 80g,544763,$3.25,$40.63 / 1KG,https://www.woolworths.com.au/shop/productdetails/544763/primo-pastrami,https://cdn0.woolworths.media/content/wowproductimages/medium/544763.jpg,2020-09-10 15:57:20,,0,2 for $5.50,True
Woolworths Supermarket,Lunch Box,Primo Hungarian Salami Mild 80g,544764,$3.25,$40.63 / 1KG,https://www.woolworths.com.au/shop/productdetails/544764/primo-hungarian-salami-mild,https://cdn0.woolworths.media/content/wowproductimages/medium/544764.jpg,2020-09-10 15:57:20,,0,2 for $5.50,True
Woolworths Supermarket,Lunch Box,Primo Pepperoni Salami Hot 80g,544765,$3.25,$40.63 / 1KG,https://www.woolworths.com.au/shop/productdetails/544765/primo-pepperoni-salami-hot,https://cdn0.woolworths.media/content/wowproductimages/medium/544765.jpg,2020-09-10 15:57:20,,0,2 for $5.50,True
Woolworths Supermarket,Lunch Box,Hillview Cheese Slices Full Fat 500g,558548,$3.90,$7.80 / 1KG,https://www.woolworths.com.au/shop/productdetails/558548/hillview-cheese-slices-full-fat,https://cdn0.woolworths.media/content/wowproductimages/medium/558548.jpg,2020-09-10 15:57:20,Average product rating out of 5: 3.9. Product score is based on 842 ratings,842,,True
Woolworths Supermarket,Lunch Box,Woolworths Pineapple In Juice 4x125g,569807,$2.20,$4.40 / 1KG,https://www.woolworths.com.au/shop/productdetails/569807/woolworths-pineapple-in-juice,https://cdn0.woolworths.media/content/wowproductimages/medium/569807.jpg,2020-09-10 15:57:20,Average product rating out of 5: 3.7. Product score is based on 547 ratings,547,Was $2.50 09/07/2018,True
Woolworths Supermarket,Lunch Box,Woolworths White Soft Sandwich Bread 650g,581172,$1.60,$0.25 / 100G,https://www.woolworths.com.au/shop/productdetails/581172/woolworths-white-soft-sandwich-bread,https://cdn0.woolworths.media/content/wowproductimages/medium/581172.jpg,2020-09-10 15:57:20,,0,,True
Woolworths Supermarket,Lunch Box,Woolworths White Soft Toast Bread 650g,581174,$1.60,$0.25 / 100G,https://www.woolworths.com.au/shop/productdetails/581174/woolworths-white-soft-toast-bread,https://cdn0.woolworths.media/content/wowproductimages/medium/581174.jpg,2020-09-10 15:57:20,,0,,True
Woolworths Supermarket,Lunch Box,Woolworths Wholemeal Soft Sandwich Bread 650g,581176,$1.60,$0.25 / 100G,https://www.woolworths.com.au/shop/productdetails/581176/woolworths-wholemeal-soft-sandwich-bread,https://cdn0.woolworths.media/content/wowproductimages/medium/581176.jpg,2020-09-10 15:57:20,,0,,True
Woolworths Supermarket,Lunch Box,Woolworths Multigrain Soft Sandwich Bread 650G,581178,$1.60,$0.25 / 100G,https://www.woolworths.com.au/shop/productdetails/581178/woolworths-multigrain-soft-sandwich-bread,https://cdn0.woolworths.media/content/wowproductimages/medium/581178.jpg,2020-09-10 15:57:20,,0,,True
Woolworths Supermarket,Lunch Box,Woolworths White Soft Hi-fibre Bread 700g,581280,$2.30,$0.33 / 100G,https://www.woolworths.com.au/shop/productdetails/581280/woolworths-white-soft-hi-fibre-bread,https://cdn0.woolworths.media/content/wowproductimages/medium/581280.jpg,2020-09-10 15:57:20,Average product rating out of 5: 3.9. Product score is based on 514 ratings,514,,True
Woolworths Supermarket,Lunch Box,Woolworths Wholemeal Sandwich Hi-fibre Bread 700g,581281,$2.30,$0.33 / 100G,https://www.woolworths.com.au/shop/productdetails/581281/woolworths-wholemeal-sandwich-hi-fibre-bread,https://cdn0.woolworths.media/content/wowproductimages/medium/581281.jpg,2020-09-10 15:57:20,Average product rating out of 5: 4.1. Product score is based on 439 ratings,439,,True
Woolworths Supermarket,Lunch Box,Spc Apple Puree 4pk 480g,591705,$4.00,$8.33 / 1KG,https://www.woolworths.com.au/shop/productdetails/591705/spc-apple-puree,https://cdn0.woolworths.media/content/wowproductimages/medium/591705.jpg,2020-09-10 15:57:20,,0,,True
Woolworths Supermarket,Lunch Box,Spc Mango In Juice 4pk 480g,591706,$4.00,$8.33 / 1KG,https://www.woolworths.com.au/shop/productdetails/591706/spc-mango-in-juice,https://cdn0.woolworths.media/content/wowproductimages/medium/591706.jpg,2020-09-10 15:57:20,,0,,True
Woolworths Supermarket,Lunch Box,Spc Diced Apricots In Juice 4pk 480g,591707,$4.00,$8.33 / 1KG,https://www.woolworths.com.au/shop/productdetails/591707/spc-diced-apricots-in-juice,https://cdn0.woolworths.media/content/wowproductimages/medium/591707.jpg,2020-09-10 15:57:20,,0,,True
Woolworths Supermarket,Lunch Box,Spc Diced Fruit Salad In Juice 4pk 480g,591731,$4.00,$8.33 / 1KG,https://www.woolworths.com.au/shop/productdetails/591731/spc-diced-fruit-salad-in-juice,https://cdn0.woolworths.media/content/wowproductimages/medium/591731.jpg,2020-09-10 15:57:20,,0,,True
Woolworths Supermarket,Lunch Box,Spc Diced Peaches In Juice 4pk 480g,591732,$4.00,$8.33 / 1KG,https://www.woolworths.com.au/shop/productdetails/591732/spc-diced-peaches-in-juice,https://cdn0.woolworths.media/content/wowproductimages/medium/591732.jpg,2020-09-10 15:57:20,,0,,True
Woolworths Supermarket,Lunch Box,Spc Apple Strawberry Puree 4pk 480g,591733,$4.00,$8.33 / 1KG,https://www.woolworths.com.au/shop/productdetails/591733/spc-apple-strawberry-puree,https://cdn0.woolworths.media/content/wowproductimages/medium/591733.jpg,2020-09-10 15:57:20,,0,,True
Woolworths Supermarket,Lunch Box,Spc Diced Pears In Juice 4pk 480g,591734,$4.00,$8.33 / 1KG,https://www.woolworths.com.au/shop/productdetails/591734/spc-diced-pears-in-juice,https://cdn0.woolworths.media/content/wowproductimages/medium/591734.jpg,2020-09-10 15:57:20,,0,,True
Woolworths Supermarket,Lunch Box,Golden Circle Tropical Smash Puree Apple Pineapple & Banana 120g,592203,$1.50,$12.50 / 1KG,https://www.woolworths.com.au/shop/productdetails/592203/golden-circle-tropical-smash-puree-apple-pineapple-banana,https://cdn0.woolworths.media/content/wowproductimages/medium/592203.jpg,2020-09-10 15:57:20,,0,Was $1.89 03/04/2017,True
Woolworths Supermarket,Lunch Box,Evian Natural Mineral Water 1.25l,594861,$3.00,$2.40 / 1L,https://www.woolworths.com.au/shop/productdetails/594861/evian-natural-mineral-water,https://cdn0.woolworths.media/content/wowproductimages/medium/594861.jpg,2020-09-10 15:57:20,,0,,True
Woolworths Supermarket,Lunch Box,Uncle Tobys Yoghurt Muesli Bars Strawberry 469g,597604,$6.00,$1.28 / 100G,https://www.woolworths.com.au/shop/productdetails/597604/uncle-tobys-yoghurt-muesli-bars-strawberry,https://cdn0.woolworths.media/content/wowproductimages/medium/597604.jpg,2020-09-10 15:57:20,,0,Was $6.80 24/04/2017,True
Woolworths Supermarket,Lunch Box,Tip Top Sandwich Thins Wholemeal 6 pack,603317,$2.80,$1.17 / 100G,https://www.woolworths.com.au/shop/productdetails/603317/tip-top-sandwich-thins-wholemeal,https://cdn0.woolworths.media/content/wowproductimages/medium/603317.jpg,2020-09-10 15:57:20,,0,,True
Woolworths Supermarket,Lunch Box,Tip Top Sandwich Thins Lightly Seeded 6 pack,603722,$2.80,$1.17 / 100G,https://www.woolworths.com.au/shop/productdetails/603722/tip-top-sandwich-thins-lightly-seeded,https://cdn0.woolworths.media/content/wowproductimages/medium/603722.jpg,2020-09-10 15:57:20,,0,,True
Woolworths Supermarket,Lunch Box,Chobani Flip Greek Yoghurt Salted Caramel Crunch 140g,611738,$3.00,$2.14 / 100G,https://www.woolworths.com.au/shop/productdetails/611738/chobani-flip-greek-yoghurt-salted-caramel-crunch,https://cdn0.woolworths.media/content/wowproductimages/medium/611738.jpg,2020-09-10 15:57:20,,0,,True
Woolworths Supermarket,Lunch Box,Chobani Flip Greek Yoghurt Key Lime Crumble 140g,611808,$3.00,$2.14 / 100G,https://www.woolworths.com.au/shop/productdetails/611808/chobani-flip-greek-yoghurt-key-lime-crumble,https://cdn0.woolworths.media/content/wowproductimages/medium/611808.jpg,2020-09-10 15:57:20,,0,,True
Woolworths Supermarket,Lunch Box,Chobani Flip Greek Yoghurt Mint Choc Chip 140g,611904,$3.00,$2.14 / 100G,https://www.woolworths.com.au/shop/productdetails/611904/chobani-flip-greek-yoghurt-mint-choc-chip,https://cdn0.woolworths.media/content/wowproductimages/medium/611904.jpg,2020-09-10 15:57:20,,0,,True
Woolworths Supermarket,Lunch Box,D'orsogna Jarrah Honey Ham Off The Bone Freshly Sliced From The Deli per kg,620121,$23.00,$23.00 / 1KG,https://www.woolworths.com.au/shop/productdetails/620121/d-orsogna-jarrah-honey-ham-off-the-bone-freshly-sliced-from-the-deli,https://cdn0.woolworths.media/content/wowproductimages/medium/620121.jpg,2020-09-10 15:57:20,,0,,True
Woolworths Supermarket,Lunch Box,Woolworths Kids Chocolate Flavoured Milk 250ml,630945,$1.50,$6.00 / 1L,https://www.woolworths.com.au/shop/productdetails/630945/woolworths-kids-chocolate-flavoured-milk,https://cdn0.woolworths.media/content/wowproductimages/medium/630945.jpg,2020-09-10 15:57:20,Average product rating out of 5: 4.5. Product score is based on 529 ratings,529,,True
Woolworths Supermarket,Lunch Box,Woolworths Kids Strawberry Flavoured Milk 250ml,630946,$1.50,$6.00 / 1L,https://www.woolworths.com.au/shop/productdetails/630946/woolworths-kids-strawberry-flavoured-milk,https://cdn0.woolworths.media/content/wowproductimages/medium/630946.jpg,2020-09-10 15:57:20,Average product rating out of 5: 4.2. Product score is based on 447 ratings,447,,True
Woolworths Supermarket,Lunch Box,Woolworths Spring Water Minis 20x250ml,633876,$4.50,$0.90 / 1L,https://www.woolworths.com.au/shop/productdetails/633876/woolworths-spring-water-minis,https://cdn0.woolworths.media/content/wowproductimages/medium/633876.jpg,2020-09-10 15:57:20,Average product rating out of 5: 4.5. Product score is based on 11 ratings,11,,True
Woolworths Supermarket,Lunch Box,Woolworths Muesli Bars Yoghurt & Strawberry 248g 8pk,634101,$1.90,$0.77 / 100G,https://www.woolworths.com.au/shop/productdetails/634101/woolworths-muesli-bars-yoghurt-strawberry,https://cdn0.woolworths.media/content/wowproductimages/medium/634101.jpg,2020-09-10 15:57:20,Average product rating out of 5: 3.4. Product score is based on 861 ratings,861,,True
Woolworths Supermarket,Lunch Box,Messy Monkeys Whole Grain Bites Burger Flavour 8x160g,635961,$4.00,$2.50 / 100G,https://www.woolworths.com.au/shop/productdetails/635961/messy-monkeys-whole-grain-bites-burger-flavour,https://cdn0.woolworths.media/content/wowproductimages/medium/635961.jpg,2020-09-10 15:57:20,Average product rating out of 5: 4.4. Product score is based on 69 ratings,69,,True
Woolworths Supermarket,Lunch Box,Woolworths Shredded Iceberg Lettuce 200g,638009,$2.00,$10.00 / 1KG,https://www.woolworths.com.au/shop/productdetails/638009/woolworths-shredded-iceberg-lettuce,https://cdn0.woolworths.media/content/wowproductimages/medium/638009.jpg,2020-09-10 15:57:20,,0,,True
Woolworths Supermarket,Lunch Box,Oreo Milk Chocolate Wafer Sticks 27 pack,639494,$5.00,$1.45 / 100G,https://www.woolworths.com.au/shop/productdetails/639494/oreo-milk-chocolate-wafer-sticks,https://cdn0.woolworths.media/content/wowproductimages/medium/639494.jpg,2020-09-10 15:57:20,,0,Was $5.80 08/01/2018,True
Woolworths Supermarket,Lunch Box,Arnott's Mini Scotch Finger 8 pack,641526,$3.00,$1.50 / 100G,https://www.woolworths.com.au/shop/productdetails/641526/arnott-s-mini-scotch-finger,https://cdn0.woolworths.media/content/wowproductimages/medium/641526.jpg,2020-09-10 15:57:20,,0,,True
Woolworths Supermarket,Lunch Box,Arnott's Shapes Originals Barbecue 8 pack,641527,$3.00,$1.50 / 100G,https://www.woolworths.com.au/shop/productdetails/641527/arnott-s-shapes-originals-barbecue,https://cdn0.woolworths.media/content/wowproductimages/medium/641527.jpg,2020-09-10 15:57:20,,0,,True
Woolworths Supermarket,Lunch Box,Arnott's Shapes Originals Pizza 8 pack,641531,$3.00,$1.50 / 100G,https://www.woolworths.com.au/shop/productdetails/641531/arnott-s-shapes-originals-pizza,https://cdn0.woolworths.media/content/wowproductimages/medium/641531.jpg,2020-09-10 15:57:20,,0,,True
Woolworths Supermarket,Lunch Box,Arnott's Mini Chocolate Chip Cookies 7pk 175g,641534,$3.00,$1.71 / 100G,https://www.woolworths.com.au/shop/productdetails/641534/arnott-s-mini-chocolate-chip-cookies,https://cdn0.woolworths.media/content/wowproductimages/medium/641534.jpg,2020-09-10 15:57:20,,0,,True
Woolworths Supermarket,Lunch Box,Mount Franklin Still Water Bottle 6x500ml,642585,$3.00,$1.00 / 1L,https://www.woolworths.com.au/shop/productdetails/642585/mount-franklin-still-water-bottle,https://cdn0.woolworths.media/content/wowproductimages/medium/642585.jpg,2020-09-10 15:57:20,,0,,True
Woolworths Supermarket,Lunch Box,Aqualove Alkaline Water 1l,642588,$2.50,$2.50 / 1L,https://www.woolworths.com.au/shop/productdetails/642588/aqualove-alkaline-water,https://cdn0.woolworths.media/content/wowproductimages/medium/642588.jpg,2020-09-10 15:57:20,,0,,True
Woolworths Supermarket,Lunch Box,Woolworths Qukes Baby Cucumbers Punnet 250g,169067,$4.00,$16.00 / 1KG,https://www.woolworths.com.au/shop/productdetails/169067/woolworths-qukes-baby-cucumbers-punnet,https://cdn0.woolworths.media/content/wowproductimages/medium/169067.jpg,2020-09-10 15:57:20,,0,,True
Woolworths Supermarket,Lunch Box,Bega Tasty Cheese Slices 500g,769558,$9.00,$18.00 / 1KG,https://www.woolworths.com.au/shop/productdetails/769558/bega-tasty-cheese-slices,https://cdn0.woolworths.media/content/wowproductimages/medium/769558.jpg,2020-09-10 15:57:20,,0,Was $10.00 06/01/2020,True
Woolworths Supermarket,Lunch Box,Hillview Cheese Block 1KG,500187,$8.00,$8.00 / 1KG,https://www.woolworths.com.au/shop/productdetails/500187/hillview-cheese-block,https://cdn0.woolworths.media/content/wowproductimages/medium/500187.jpg,2020-09-10 15:57:20,Average product rating out of 5: 4.5. Product score is based on 66 ratings,66,,True
Woolworths Supermarket,Lunch Box,Fresh Pink Lady Apples each,105919,$0.97,$0.97 / 1EA,https://www.woolworths.com.au/shop/productdetails/105919/fresh-pink-lady-apples,https://cdn0.woolworths.media/content/wowproductimages/medium/105919.jpg,2020-09-10 15:57:20,,0,,True
Woolworths Supermarket,Lunch Box,Western Star Original Spreadable 500g,069756,$6.00,$1.20 / 100G,https://www.woolworths.com.au/shop/productdetails/69756/western-star-original-spreadable,https://cdn0.woolworths.media/content/wowproductimages/medium/069756.jpg,2020-09-10 15:57:20,,0,,True
Woolworths Supermarket,Lunch Box,Woolworths Solanato Tomato 200g,727144,$3.50,$17.50 / 1KG,https://www.woolworths.com.au/shop/productdetails/727144/woolworths-solanato-tomato,https://cdn0.woolworths.media/content/wowproductimages/medium/727144.jpg,2020-09-10 15:57:20,Average product rating out of 5: 4.7. Product score is based on 465 ratings,465,,True
Woolworths Supermarket,Lunch Box,Woolworths Cherry Tomatoes 250g,149620,$3.50,$14.00 / 1KG,https://www.woolworths.com.au/shop/productdetails/149620/woolworths-cherry-tomatoes,https://cdn0.woolworths.media/content/wowproductimages/medium/149620.jpg,2020-09-10 15:57:20,,0,,True
Woolworths Supermarket,Lunch Box,Select Continental Cucumbers each,137102,$3.00,,https://www.woolworths.com.au/shop/productdetails/137102/select-continental-cucumbers,https://cdn0.woolworths.media/content/wowproductimages/medium/137102.jpg,2020-09-10 15:57:20,,0,,True
Woolworths Supermarket,Lunch Box,Select Fresh Pink Lady Apples 1kg,310968,$4.90,$4.90 / 1KG,https://www.woolworths.com.au/shop/productdetails/310968/select-fresh-pink-lady-apples,https://cdn0.woolworths.media/content/wowproductimages/medium/310968.jpg,2020-09-10 15:57:20,,0,,True
Woolworths Supermarket,Lunch Box,Woolworths Red Seedless Watermelon Quarter Each,120384,$6.63,$6.63 / 1KG,https://www.woolworths.com.au/shop/productdetails/120384/woolworths-red-seedless-watermelon-quarter,https://cdn0.woolworths.media/content/wowproductimages/medium/120384.jpg,2020-09-10 15:57:20,,0,,True
Woolworths Supermarket,Lunch Box,Hass Avocado each,120080,$3.00,$3.00 / 1EA,https://www.woolworths.com.au/shop/productdetails/120080/hass-avocado,https://cdn0.woolworths.media/content/wowproductimages/medium/120080.jpg,2020-09-10 15:57:20,,0,,True
Woolworths Supermarket,Lunch Box,Woolworths Fresh Carrots 1KG,135369,$1.50,$1.50 / 1KG,https://www.woolworths.com.au/shop/productdetails/135369/woolworths-fresh-carrots,https://cdn0.woolworths.media/content/wowproductimages/medium/135369.jpg,2020-09-10 15:57:20,,0,,True
Woolworths Supermarket,Lunch Box,Woolworths Single Leaf Baby Spinach 280g,524336,$5.00,$17.86 / 1KG,https://www.woolworths.com.au/shop/productdetails/524336/woolworths-single-leaf-baby-spinach,https://cdn0.woolworths.media/content/wowproductimages/medium/524336.jpg,2020-09-10 15:57:20,Average product rating out of 5: 4.8. Product score is based on 532 ratings,532,,True
Woolworths Supermarket,Lunch Box,Iceberg Lettuce each,154340,$2.90,$2.90 / 1EA,https://www.woolworths.com.au/shop/productdetails/154340/iceberg-lettuce,https://cdn0.woolworths.media/content/wowproductimages/medium/154340.jpg,2020-09-10 15:57:20,,0,,True
Woolworths Supermarket,Lunch Box,Cavendish Bananas EACH,133211,$0.54,$0.54 / 1KG,https://www.woolworths.com.au/shop/productdetails/133211/cavendish-bananas,https://cdn0.woolworths.media/content/wowproductimages/medium/133211.jpg,2020-09-10 15:57:20,,0,,True
Woolworths Supermarket,Lunch Box,Woolworths Spring Water 24x600ml pack,696782,$6.00,$0.42 / 1L,https://www.woolworths.com.au/shop/productdetails/696782/woolworths-spring-water,https://cdn0.woolworths.media/content/wowproductimages/medium/696782.jpg,2020-09-10 15:57:20,,0,,True
Woolworths Supermarket,Lunch Box,Woolworths Baby Leaf Spinach 120g,524322,$3.00,$25.00 / 1KG,https://www.woolworths.com.au/shop/productdetails/524322/woolworths-baby-leaf-spinach,https://cdn0.woolworths.media/content/wowproductimages/medium/524322.jpg,2020-09-10 15:57:20,Average product rating out of 5: 4.7. Product score is based on 2842 ratings,2842,,True
Woolworths Supermarket,Lunch Box,Fresh Tomato each,134034,$0.65,$0.65 / 1EA,https://www.woolworths.com.au/shop/productdetails/134034/fresh-tomato,https://cdn0.woolworths.media/content/wowproductimages/medium/134034.jpg,2020-09-10 15:57:20,,0,,True
Woolworths Supermarket,Lunch Box,Fresh Strawberry 250G,144607,$1.50,$6.00 / 1KG,https://www.woolworths.com.au/shop/productdetails/144607/fresh-strawberry,https://cdn0.woolworths.media/content/wowproductimages/medium/144607.jpg,2020-09-10 15:57:20,,0,,True
Woolworths Supermarket,Lunch Box,Fresh Blueberries 125g,169792,$2.50,$20.00 / 1KG,https://www.woolworths.com.au/shop/productdetails/169792/fresh-blueberries,https://cdn0.woolworths.media/content/wowproductimages/medium/169792.jpg,2020-09-10 15:57:20,,0,,True
Woolworths Supermarket,Lunch Box,Camelbak Podium Chill Bottle 600ml each,646143,$25.00,,https://www.woolworths.com.au/shop/productdetails/646143/camelbak-podium-chill-bottle-600ml,https://cdn0.woolworths.media/content/wowproductimages/medium/646143.jpg,2020-09-10 15:57:20,,0,,True
Woolworths Supermarket,Lunch Box,Camelbak 1 Litre Eddy Drink Bottle each,646260,$30.00,,https://www.woolworths.com.au/shop/productdetails/646260/camelbak-1-litre-eddy-drink-bottle,https://cdn0.woolworths.media/content/wowproductimages/medium/646260.jpg,2020-09-10 15:57:20,,0,Designs may vary,True
Woolworths Supermarket,Lunch Box,Woolworths Free From Gluten Scotch Finger Biscuits 160g,651571,$2.70,$1.69 / 100G,https://www.woolworths.com.au/shop/productdetails/651571/woolworths-free-from-gluten-scotch-finger-biscuits,https://cdn0.woolworths.media/content/wowproductimages/medium/651571.jpg,2020-09-10 15:57:20,Average product rating out of 5: 3.8. Product score is based on 319 ratings,319,Was $3.00 01/03/2018,True
Woolworths Supermarket,Lunch Box,Tamar Valley Kids Blueberry Yoghurt Pouch 110g,660435,$1.80,$1.64 / 100G,https://www.woolworths.com.au/shop/productdetails/660435/tamar-valley-kids-blueberry-yoghurt-pouch,https://cdn0.woolworths.media/content/wowproductimages/medium/660435.jpg,2020-09-10 15:57:20,,0,,True
Woolworths Supermarket,Lunch Box,Sunbeam Mini Sultanas 8pk,661322,$2.90,$24.17 / 1KG,https://www.woolworths.com.au/shop/productdetails/661322/sunbeam-mini-sultanas,https://cdn0.woolworths.media/content/wowproductimages/medium/661322.jpg,2020-09-10 15:57:20,,0,,True
Woolworths Supermarket,Lunch Box,Helga's Mini Wraps Mixed Grain 400g 8pk,662390,$4.80,$1.20 / 100G,https://www.woolworths.com.au/shop/productdetails/662390/helga-s-mini-wraps-mixed-grain,https://cdn0.woolworths.media/content/wowproductimages/medium/662390.jpg,2020-09-10 15:57:20,,0,,True
Woolworths Supermarket,Lunch Box,Uncle Tobys Choc Faves Muesli Bars 15 pack,664101,$6.00,$1.28 / 100G,https://www.woolworths.com.au/shop/productdetails/664101/uncle-tobys-choc-faves-muesli-bars,https://cdn0.woolworths.media/content/wowproductimages/medium/664101.jpg,2020-09-10 15:57:20,,0,Was $6.80 24/04/2017,True
Woolworths Supermarket,Lunch Box,Fibre One Salted Caramel Muesli Bars 120g,664684,$3.00,$2.50 / 100G,https://www.woolworths.com.au/shop/productdetails/664684/fibre-one-salted-caramel-muesli-bars,https://cdn0.woolworths.media/content/wowproductimages/medium/664684.jpg,2020-09-10 15:57:20,,0,,True
Woolworths Supermarket,Lunch Box,Carman's Salted Dark Choc Almond Gourmet Protein Bars 200g,665449,$4.50,$2.25 / 100G,https://www.woolworths.com.au/shop/productdetails/665449/carman-s-salted-dark-choc-almond-gourmet-protein-bars,https://cdn0.woolworths.media/content/wowproductimages/medium/665449.jpg,2020-09-10 15:57:20,,0,,True
Woolworths Supermarket,Lunch Box,Carman's Oat Slice Bites Variety Pack 320g,665504,$9.00,$2.81 / 100G,https://www.woolworths.com.au/shop/productdetails/665504/carman-s-oat-slice-bites-variety-pack,https://cdn0.woolworths.media/content/wowproductimages/medium/665504.jpg,2020-09-10 15:57:20,,0,Was $10.00 08/04/2019,True
Woolworths Supermarket,Lunch Box,Kellogg's Lcms Coco Pops Cereal Snack Bars 132g,665521,$4.00,$3.03 / 100G,https://www.woolworths.com.au/shop/productdetails/665521/kellogg-s-lcms-coco-pops-cereal-snack-bars,https://cdn0.woolworths.media/content/wowproductimages/medium/665521.jpg,2020-09-10 15:57:20,,0,,True
Woolworths Supermarket,Lunch Box,Nature Valley Nut Butter Peanut 152g,665985,$2.65,$1.74 / 100G,https://www.woolworths.com.au/shop/productdetails/665985/nature-valley-nut-butter-peanut,https://cdn0.woolworths.media/content/wowproductimages/medium/665985.jpg,2020-09-10 15:57:20,,0,,True
Woolworths Supermarket,Lunch Box,Carman's Dark Choc Macadamia Coconut Nut Bars 160g,666239,$6.00,$3.75 / 100G,https://www.woolworths.com.au/shop/productdetails/666239/carman-s-dark-choc-macadamia-coconut-nut-bars,https://cdn0.woolworths.media/content/wowproductimages/medium/666239.jpg,2020-09-10 15:57:20,,0,,True
Woolworths Supermarket,Lunch Box,Uncle Tobys Muesli Bar Yoghurt Varieties 15 pack,667658,$6.00,$1.28 / 100G,https://www.woolworths.com.au/shop/productdetails/667658/uncle-tobys-muesli-bar-yoghurt-varieties,https://cdn0.woolworths.media/content/wowproductimages/medium/667658.jpg,2020-09-10 15:57:20,,0,Was $6.80 24/04/2017,True
Woolworths Supermarket,Lunch Box,Carman's Dark Choc Cherry Coconut Bar 210g,667701,$4.50,$2.14 / 100G,https://www.woolworths.com.au/shop/productdetails/667701/carman-s-dark-choc-cherry-coconut-bar,https://cdn0.woolworths.media/content/wowproductimages/medium/667701.jpg,2020-09-10 15:57:20,,0,,True
Woolworths Supermarket,Lunch Box,Fresh Corella Pear 750g,668580,$3.90,$5.20 / 1KG,https://www.woolworths.com.au/shop/productdetails/668580/fresh-corella-pear,https://cdn0.woolworths.media/content/wowproductimages/medium/668580.jpg,2020-09-10 15:57:20,,0,,True
Woolworths Supermarket,Lunch Box,Red Rock Deli Honey Soy Chicken 5 pack,674019,$4.65,$3.32 / 100G,https://www.woolworths.com.au/shop/productdetails/674019/red-rock-deli-honey-soy-chicken,https://cdn0.woolworths.media/content/wowproductimages/medium/674019.jpg,2020-09-10 15:57:20,,0,2 for $7.00 $2.50/100G,True
Woolworths Supermarket,Lunch Box,Red Rock Deli Sweet Chilli & Sour Cream 5 pack,674031,$4.65,$3.32 / 100G,https://www.woolworths.com.au/shop/productdetails/674031/red-rock-deli-sweet-chilli-sour-cream,https://cdn0.woolworths.media/content/wowproductimages/medium/674031.jpg,2020-09-10 15:57:20,,0,2 for $7.00 $2.50/100G,True
Woolworths Supermarket,Lunch Box,Golden Circle Orange Juice 350ml,677320,$1.50,$4.29 / 1L,https://www.woolworths.com.au/shop/productdetails/677320/golden-circle-orange-juice,https://cdn0.woolworths.media/content/wowproductimages/medium/677320.jpg,2020-09-10 15:57:20,,0,,True
Woolworths Supermarket,Lunch Box,Balance Cleanse 700ml,683953,$2.70,$3.86 / 1L,https://www.woolworths.com.au/shop/productdetails/683953/balance-cleanse,https://cdn0.woolworths.media/content/wowproductimages/medium/683953.jpg,2020-09-10 15:57:20,,0,,True
Woolworths Supermarket,Lunch Box,Toscano French Croissants 240g x6 pack,684682,$4.50,$0.75 / 1EA,https://www.woolworths.com.au/shop/productdetails/684682/toscano-french-croissants,https://cdn0.woolworths.media/content/wowproductimages/medium/684682.jpg,2020-09-10 15:57:20,,0,,True
Woolworths Supermarket,Lunch Box,Woolworths Free From Gluten Chocolate Mini Smiles 8 pack,687074,$4.00,$2.17 / 100G,https://www.woolworths.com.au/shop/productdetails/687074/woolworths-free-from-gluten-chocolate-mini-smiles,https://cdn0.woolworths.media/content/wowproductimages/medium/687074.jpg,2020-09-10 15:57:20,Average product rating out of 5: 3.2. Product score is based on 143 ratings,143,Was $4.50 21/01/2019,True
Woolworths Supermarket,Lunch Box,Woolworths Free From Gluten Vanilla Mini Smiles 8 pack,687075,$4.00,$2.17 / 100G,https://www.woolworths.com.au/shop/productdetails/687075/woolworths-free-from-gluten-vanilla-mini-smiles,https://cdn0.woolworths.media/content/wowproductimages/medium/687075.jpg,2020-09-10 15:57:20,Average product rating out of 5: 3.3. Product score is based on 189 ratings,189,Was $4.50 21/01/2019,True
Woolworths Supermarket,Lunch Box,Chobani Flip Strawberry Shortcake 140g,687605,$3.00,$2.14 / 100G,https://www.woolworths.com.au/shop/productdetails/687605/chobani-flip-strawberry-shortcake,https://cdn0.woolworths.media/content/wowproductimages/medium/687605.jpg,2020-09-10 15:57:20,,0,,True
Woolworths Supermarket,Lunch Box,Chobani Flip Cookies & Cream Crunch 140g,687630,$3.00,$2.14 / 100G,https://www.woolworths.com.au/shop/productdetails/687630/chobani-flip-cookies-cream-crunch,https://cdn0.woolworths.media/content/wowproductimages/medium/687630.jpg,2020-09-10 15:57:20,,0,,True
Woolworths Supermarket,Lunch Box,Chobani Flip Lemon Meringue Tang 140g,687632,$3.00,$2.14 / 100G,https://www.woolworths.com.au/shop/productdetails/687632/chobani-flip-lemon-meringue-tang,https://cdn0.woolworths.media/content/wowproductimages/medium/687632.jpg,2020-09-10 15:57:20,,0,,True
Woolworths Supermarket,Lunch Box,Hercules Resealable Everyday Sandwich Bags 150 pack,688191,$6.00,$0.04 / 1EA,https://www.woolworths.com.au/shop/productdetails/688191/hercules-resealable-everyday-sandwich-bags,https://cdn0.woolworths.media/content/wowproductimages/medium/688191.jpg,2020-09-10 15:57:20,,0,,True
Woolworths Supermarket,Lunch Box,Country Life Gluten Free White Bread 400G,688736,$6.00,$1.50 / 100G,https://www.woolworths.com.au/shop/productdetails/688736/country-life-gluten-free-white-bread,https://cdn0.woolworths.media/content/wowproductimages/medium/688736.jpg,2020-09-10 15:57:20,,0,Was $6.69 03/09/2018,True
Woolworths Supermarket,Lunch Box,Country Life Gluten Free Grains & Seeds Bread 400G,688738,$6.00,$1.50 / 100G,https://www.woolworths.com.au/shop/productdetails/688738/country-life-gluten-free-grains-seeds-bread,https://cdn0.woolworths.media/content/wowproductimages/medium/688738.jpg,2020-09-10 15:57:20,,0,Was $6.69 03/09/2018,True
Woolworths Supermarket,Lunch Box,Macro Lentil Bites Pumpkin 6 pack,694121,$4.50,$4.17 / 100G,https://www.woolworths.com.au/shop/productdetails/694121/macro-lentil-bites-pumpkin,https://cdn0.woolworths.media/content/wowproductimages/medium/694121.jpg,2020-09-10 15:57:20,Average product rating out of 5: 4.2. Product score is based on 192 ratings,192,,True
Woolworths Supermarket,Lunch Box,Macro Lentil Bites Beetroot 6 pack,694122,$4.50,$4.17 / 100G,https://www.woolworths.com.au/shop/productdetails/694122/macro-lentil-bites-beetroot,https://cdn0.woolworths.media/content/wowproductimages/medium/694122.jpg,2020-09-10 15:57:20,Average product rating out of 5: 4.1. Product score is based on 257 ratings,257,,True
Woolworths Supermarket,Lunch Box,Woolworths Spring Water 600ml bottle,695440,$1.00,$1.67 / 1L,https://www.woolworths.com.au/shop/productdetails/695440/woolworths-spring-water,https://cdn0.woolworths.media/content/wowproductimages/medium/695440.jpg,2020-09-10 15:57:20,,0,,True
Woolworths Supermarket,Lunch Box,Woolworths Spring Water Sipper Bottle 1l,695441,$1.00,$1.00 / 1L,https://www.woolworths.com.au/shop/productdetails/695441/woolworths-spring-water-sipper-bottle,https://cdn0.woolworths.media/content/wowproductimages/medium/695441.jpg,2020-09-10 15:57:20,,0,Was $1.20 03/09/2018,True
Woolworths Supermarket,Lunch Box,Woolworths Spring Water 24x600ml pack,696782,$6.00,$0.42 / 1L,https://www.woolworths.com.au/shop/productdetails/696782/woolworths-spring-water,https://cdn0.woolworths.media/content/wowproductimages/medium/696782.jpg,2020-09-10 15:57:20,,0,,True
Woolworths Supermarket,Lunch Box,Mother Earth Golden Baked Oaty Slice Golden Oats 6pk 240g,700306,$3.00,$1.25 / 100G,https://www.woolworths.com.au/shop/productdetails/700306/mother-earth-golden-baked-oaty-slice-golden-oats,https://cdn0.woolworths.media/content/wowproductimages/medium/700306.jpg,2020-09-10 15:57:20,,0,Was $4.00 26/02/2018,True
Woolworths Supermarket,Lunch Box,Devondale Moo Chocolate Milk 6x200ml,700475,$4.75,$3.96 / 1L,https://www.woolworths.com.au/shop/productdetails/700475/devondale-moo-chocolate-milk,https://cdn0.woolworths.media/content/wowproductimages/medium/700475.jpg,2020-09-10 15:57:20,,0,,True
Woolworths Supermarket,Lunch Box,Berri Pop Tops Apple Blackcurrant Juice 250ml,700536,$1.20,$4.80 / 1L,https://www.woolworths.com.au/shop/productdetails/700536/berri-pop-tops-apple-blackcurrant-juice,https://cdn0.woolworths.media/content/wowproductimages/medium/700536.jpg,2020-09-10 15:57:20,,0,,True
Woolworths Supermarket,Lunch Box,Berri Pop Tops Apple Juice 250ml,700548,$1.20,$4.80 / 1L,https://www.woolworths.com.au/shop/productdetails/700548/berri-pop-tops-apple-juice,https://cdn0.woolworths.media/content/wowproductimages/medium/700548.jpg,2020-09-10 15:57:20,,0,,True
Woolworths Supermarket,Lunch Box,Mother Earth Oaty Slice Almond Grain 240g,700564,$3.00,$1.25 / 100G,https://www.woolworths.com.au/shop/productdetails/700564/mother-earth-oaty-slice-almond-grain,https://cdn0.woolworths.media/content/wowproductimages/medium/700564.jpg,2020-09-10 15:57:20,,0,Was $4.00 26/02/2018,True
Woolworths Supermarket,Lunch Box,Berri Pop Tops Orange Juice 250ml,700576,$1.20,$4.80 / 1L,https://www.woolworths.com.au/shop/productdetails/700576/berri-pop-tops-orange-juice,https://cdn0.woolworths.media/content/wowproductimages/medium/700576.jpg,2020-09-10 15:57:20,,0,,True
Woolworths Supermarket,Lunch Box,Appy Co Peppa Pig Summer Berries Fruit Drink 3 pack,700751,$3.30,$5.50 / 1L,https://www.woolworths.com.au/shop/productdetails/700751/appy-co-peppa-pig-summer-berries-fruit-drink,https://cdn0.woolworths.media/content/wowproductimages/medium/700751.jpg,2020-09-10 15:57:20,,0,,True
Woolworths Supermarket,Lunch Box,Woolworths Creamy & Crunchy Salad Kit 270g,703808,$5.50,$20.37 / 1KG,https://www.woolworths.com.au/shop/productdetails/703808/woolworths-creamy-crunchy-salad-kit,https://cdn0.woolworths.media/content/wowproductimages/medium/703808.jpg,2020-09-10 15:57:20,Average product rating out of 5: 4.2. Product score is based on 468 ratings,468,,True
Woolworths Supermarket,Lunch Box,Carman's Dark Choc Blueberry Superfood Bars 6 pack,705037,$4.50,$2.14 / 100G,https://www.woolworths.com.au/shop/productdetails/705037/carman-s-dark-choc-blueberry-superfood-bars,https://cdn0.woolworths.media/content/wowproductimages/medium/705037.jpg,2020-09-10 15:57:20,,0,,True
Woolworths Supermarket,Lunch Box,Tasti Value Pack Chocolate Peanut 420g,709097,$5.00,$1.19 / 100G,https://www.woolworths.com.au/shop/productdetails/709097/tasti-value-pack-chocolate-peanut,https://cdn0.woolworths.media/content/wowproductimages/medium/709097.jpg,2020-09-10 15:57:20,,0,Was $6.15 28/02/2016,True
Woolworths Supermarket,Lunch Box,Don Champagne Thinly Sliced Leg Ham 250g,710520,$6.40,$25.60 / 1KG,https://www.woolworths.com.au/shop/productdetails/710520/don-champagne-thinly-sliced-leg-ham,https://cdn0.woolworths.media/content/wowproductimages/medium/710520.jpg,2020-09-10 15:57:20,,0,,True
Woolworths Supermarket,Lunch Box,Chobani Low Fat Mango Yoghurt 170g,711954,$1.80,$1.06 / 100G,https://www.woolworths.com.au/shop/productdetails/711954/chobani-low-fat-mango-yoghurt,https://cdn0.woolworths.media/content/wowproductimages/medium/711954.jpg,2020-09-10 15:57:20,,0,Was $2.00 26/04/2020,True
Woolworths Supermarket,Lunch Box,Chobani Low Fat Passionfruit Yoghurt 170g,711957,$1.80,$1.06 / 100G,https://www.woolworths.com.au/shop/productdetails/711957/chobani-low-fat-passionfruit-yoghurt,https://cdn0.woolworths.media/content/wowproductimages/medium/711957.jpg,2020-09-10 15:57:20,,0,Was $2.00 26/04/2020,True
Woolworths Supermarket,Lunch Box,Chobani No Fat Blueberry Yoghurt 170g,712001,$1.80,$1.06 / 100G,https://www.woolworths.com.au/shop/productdetails/712001/chobani-no-fat-blueberry-yoghurt,https://cdn0.woolworths.media/content/wowproductimages/medium/712001.jpg,2020-09-10 15:57:20,,0,Was $2.00 26/04/2020,True
Woolworths Supermarket,Lunch Box,Tip Top The One Sandwich Bread White 700g,713816,$3.40,$0.49 / 100G,https://www.woolworths.com.au/shop/productdetails/713816/tip-top-the-one-sandwich-bread-white,https://cdn0.woolworths.media/content/wowproductimages/medium/713816.jpg,2020-09-10 15:57:20,,0,,True
Woolworths Supermarket,Lunch Box,Tip Top The One Toast Bread White 700g,713834,$3.40,$0.49 / 100G,https://www.woolworths.com.au/shop/productdetails/713834/tip-top-the-one-toast-bread-white,https://cdn0.woolworths.media/content/wowproductimages/medium/713834.jpg,2020-09-10 15:57:20,,0,,True
Woolworths Supermarket,Lunch Box,Belvita Fruit & Fibre Breakfast Biscuits 300g,715942,$4.00,$1.33 / 100G,https://www.woolworths.com.au/shop/productdetails/715942/belvita-fruit-fibre-breakfast-biscuits,https://cdn0.woolworths.media/content/wowproductimages/medium/715942.jpg,2020-09-10 15:57:20,,0,,True
Woolworths Supermarket,Lunch Box,Sanitarium Up&go Protein Energize Choc 250ml x6 pack,717254,$9.00,$6.00 / 1L,https://www.woolworths.com.au/shop/productdetails/717254/sanitarium-up-go-protein-energize-choc,https://cdn0.woolworths.media/content/wowproductimages/medium/717254.jpg,2020-09-10 15:57:20,,0,,True
Woolworths Supermarket,Lunch Box,Chobani No Fat Plain Yoghurt 170g,717499,$1.80,$1.06 / 100G,https://www.woolworths.com.au/shop/productdetails/717499/chobani-no-fat-plain-yoghurt,https://cdn0.woolworths.media/content/wowproductimages/medium/717499.jpg,2020-09-10 15:57:20,,0,Was $2.00 26/04/2020,True
Woolworths Supermarket,Lunch Box,Mother Earth Chocolate Chip Oaty Slice 6pk 240g,721581,$3.00,$1.25 / 100G,https://www.woolworths.com.au/shop/productdetails/721581/mother-earth-chocolate-chip-oaty-slice,https://cdn0.woolworths.media/content/wowproductimages/medium/721581.jpg,2020-09-10 15:57:20,,0,Was $4.00 26/02/2018,True
Woolworths Supermarket,Lunch Box,Woolworths Solanato Tomato 200g,727144,$3.50,$17.50 / 1KG,https://www.woolworths.com.au/shop/productdetails/727144/woolworths-solanato-tomato,https://cdn0.woolworths.media/content/wowproductimages/medium/727144.jpg,2020-09-10 15:57:20,Average product rating out of 5: 4.7. Product score is based on 465 ratings,465,,True
Woolworths Supermarket,Lunch Box,Real Foods Grain Thins Sorghum 150g,727530,$1.80,$1.20 / 100G,https://www.woolworths.com.au/shop/productdetails/727530/real-foods-grain-thins-sorghum,https://cdn0.woolworths.media/content/wowproductimages/medium/727530.jpg,2020-09-10 15:57:20,,0,,True
Woolworths Supermarket,Lunch Box,Kez's Free Gluten Free Vienna Eclairs 190g,732287,$7.00,$3.68 / 100G,https://www.woolworths.com.au/shop/productdetails/732287/kez-s-free-gluten-free-vienna-eclairs,https://cdn0.woolworths.media/content/wowproductimages/medium/732287.jpg,2020-09-10 15:57:20,Average product rating out of 5: 4.8. Product score is based on 12 ratings,12,,True
Woolworths Supermarket,Lunch Box,Wonder White Hi Fibre Soft Wraps 6 pack,738639,$4.00,$1.28 / 100G,https://www.woolworths.com.au/shop/productdetails/738639/wonder-white-hi-fibre-soft-wraps,https://cdn0.woolworths.media/content/wowproductimages/medium/738639.jpg,2020-09-10 15:57:20,,0,,True
Woolworths Supermarket,Lunch Box,Helga's Wraps Mixed Grain 560g 8pk,738682,$5.00,$0.89 / 100G,https://www.woolworths.com.au/shop/productdetails/738682/helga-s-wraps-mixed-grain,https://cdn0.woolworths.media/content/wowproductimages/medium/738682.jpg,2020-09-10 15:57:20,,0,,True
Woolworths Supermarket,Lunch Box,Helga's Wraps Traditional White 560g 8pk,738691,$5.00,$0.89 / 100G,https://www.woolworths.com.au/shop/productdetails/738691/helga-s-wraps-traditional-white,https://cdn0.woolworths.media/content/wowproductimages/medium/738691.jpg,2020-09-10 15:57:20,,0,,True
Woolworths Supermarket,Lunch Box,"Carman's Almond, Cashew & Cranberry Nut Bars 5 pack",740020,$6.00,$3.43 / 100G,https://www.woolworths.com.au/shop/productdetails/740020/carman-s-almond-cashew-cranberry-nut-bars,https://cdn0.woolworths.media/content/wowproductimages/medium/740020.jpg,2020-09-10 15:57:20,,0,,True
Woolworths Supermarket,Lunch Box,"Carman's Almond, Hazelnut Vanilla Nut Bars 5 pack",740080,$4.50,$2.57 / 100G,https://www.woolworths.com.au/shop/productdetails/740080/carman-s-almond-hazelnut-vanilla-nut-bars,https://cdn0.woolworths.media/content/wowproductimages/medium/740080.jpg,2020-09-10 15:57:20,,0,,True
Woolworths Supermarket,Lunch Box,Sunraysia Organic Tropical 100% Juice 200ml,741153,$1.30,$6.50 / 1L,https://www.woolworths.com.au/shop/productdetails/741153/sunraysia-organic-tropical-100-juice,https://cdn0.woolworths.media/content/wowproductimages/medium/741153.jpg,2020-09-10 15:57:20,,0,5 for $5.00 $5.00/1L,True
Woolworths Supermarket,Lunch Box,Sunraysia Organic Apple & Blackcurrant 100% Juice 200ml,741174,$1.30,$6.50 / 1L,https://www.woolworths.com.au/shop/productdetails/741174/sunraysia-organic-apple-blackcurrant-100-juice,https://cdn0.woolworths.media/content/wowproductimages/medium/741174.jpg,2020-09-10 15:57:20,,0,5 for $5.00 $5.00/1L,True
Woolworths Supermarket,Lunch Box,D'orsogna Deli Fresh Mild Salami 80g,744023,$2.50,$31.25 / 1KG,https://www.woolworths.com.au/shop/productdetails/744023/d-orsogna-deli-fresh-mild-salami,https://cdn0.woolworths.media/content/wowproductimages/medium/744023.jpg,2020-09-10 15:57:20,,0,,True
Woolworths Supermarket,Lunch Box,D'orsogna Deli Fresh Roast Chicken Free Range 100g,744031,$2.50,$25.00 / 1KG,https://www.woolworths.com.au/shop/productdetails/744031/d-orsogna-deli-fresh-roast-chicken-free-range,https://cdn0.woolworths.media/content/wowproductimages/medium/744031.jpg,2020-09-10 15:57:20,,0,,True
Woolworths Supermarket,Lunch Box,Woolworths Fruit Salad In Juice 4x125g,744518,$2.20,$4.40 / 1KG,https://www.woolworths.com.au/shop/productdetails/744518/woolworths-fruit-salad-in-juice,https://cdn0.woolworths.media/content/wowproductimages/medium/744518.jpg,2020-09-10 15:57:20,Average product rating out of 5: 3.9. Product score is based on 592 ratings,592,Was $2.50 09/07/2018,True
Woolworths Supermarket,Lunch Box,Woolworths Peach In Juice 4x125g,744521,$2.20,$4.40 / 1KG,https://www.woolworths.com.au/shop/productdetails/744521/woolworths-peach-in-juice,https://cdn0.woolworths.media/content/wowproductimages/medium/744521.jpg,2020-09-10 15:57:20,Average product rating out of 5: 4.0. Product score is based on 613 ratings,613,Was $2.50 09/07/2018,True
Woolworths Supermarket,Lunch Box,Woolworths Celery Sticks 300G PUNNET,745467,$4.50,$15.00 / 1KG,https://www.woolworths.com.au/shop/productdetails/745467/woolworths-celery-sticks,https://cdn0.woolworths.media/content/wowproductimages/medium/745467.jpg,2020-09-10 15:57:20,,0,,True
Woolworths Supermarket,Lunch Box,Select Truss Cocktail Tomato 250g,747009,$4.50,$18.00 / 1KG,https://www.woolworths.com.au/shop/productdetails/747009/select-truss-cocktail-tomato,https://cdn0.woolworths.media/content/wowproductimages/medium/747009.jpg,2020-09-10 15:57:20,,0,,True
Woolworths Supermarket,Lunch Box,Sistema Bottle Gripper To Go 800ml each,747133,$11.00,,https://www.woolworths.com.au/shop/productdetails/747133/sistema-bottle-gripper-to-go,https://cdn0.woolworths.media/content/wowproductimages/medium/747133.jpg,2020-09-10 15:57:20,,0,Designs may vary,True
Woolworths Supermarket,Lunch Box,Real Foods Corn Thins Tasty Cheese 125g,747180,$1.80,$1.44 / 100G,https://www.woolworths.com.au/shop/productdetails/747180/real-foods-corn-thins-tasty-cheese,https://cdn0.woolworths.media/content/wowproductimages/medium/747180.jpg,2020-09-10 15:57:20,,0,,True
Woolworths Supermarket,Lunch Box,Tip Top The One Sandwich Bread Wholemeal 700g,749588,$3.40,$0.49 / 100G,https://www.woolworths.com.au/shop/productdetails/749588/tip-top-the-one-sandwich-bread-wholemeal,https://cdn0.woolworths.media/content/wowproductimages/medium/749588.jpg,2020-09-10 15:57:20,,0,,True
Woolworths Supermarket,Lunch Box,V8 Fruit & Vegetable Breakfast Juice 3x250ml,749800,$3.00,$4.00 / 1L,https://www.woolworths.com.au/shop/productdetails/749800/v8-fruit-vegetable-breakfast-juice,https://cdn0.woolworths.media/content/wowproductimages/medium/749800.jpg,2020-09-10 15:57:20,,0,,True
Woolworths Supermarket,Lunch Box,Sanitarium Up&go Protein Energize Vanilla 250ml x6 pack,750079,$9.00,$6.00 / 1L,https://www.woolworths.com.au/shop/productdetails/750079/sanitarium-up-go-protein-energize-vanilla,https://cdn0.woolworths.media/content/wowproductimages/medium/750079.jpg,2020-09-10 15:57:20,,0,,True
Woolworths Supermarket,Lunch Box,Sanitarium Up&go Protein Energize Coffee 250ml x6 pack,750104,$9.00,$6.00 / 1L,https://www.woolworths.com.au/shop/productdetails/750104/sanitarium-up-go-protein-energize-coffee,https://cdn0.woolworths.media/content/wowproductimages/medium/750104.jpg,2020-09-10 15:57:20,,0,,True
Woolworths Supermarket,Lunch Box,Woolworths Soya Crisps Chilli & Lime Snacks 400g pack,750533,$7.00,$17.50 / 1KG,https://www.woolworths.com.au/shop/productdetails/750533/woolworths-soya-crisps-chilli-lime-snacks,https://cdn0.woolworths.media/content/wowproductimages/medium/750533.jpg,2020-09-10 15:57:20,,0,,True
Woolworths Supermarket,Lunch Box,V8 Fruit & Veggie Juice Tropical Fusion 300ml,750803,$2.30,$7.67 / 1L,https://www.woolworths.com.au/shop/productdetails/750803/v8-fruit-veggie-juice-tropical-fusion,https://cdn0.woolworths.media/content/wowproductimages/medium/750803.jpg,2020-09-10 15:57:20,,0,,True
Woolworths Supermarket,Lunch Box,Tasti Protein Bar Nutty Choc 200g,750825,$4.80,$2.40 / 100G,https://www.woolworths.com.au/shop/productdetails/750825/tasti-protein-bar-nutty-choc,https://cdn0.woolworths.media/content/wowproductimages/medium/750825.jpg,2020-09-10 15:57:20,,0,,True
Woolworths Supermarket,Lunch Box,Vaalia Kids Lactose Free Yoghurt Pouch Strawberry 140G,751890,$1.70,$1.21 / 100G,https://www.woolworths.com.au/shop/productdetails/751890/vaalia-kids-lactose-free-yoghurt-pouch-strawberry,https://cdn0.woolworths.media/content/wowproductimages/medium/751890.jpg,2020-09-10 15:57:20,,0,,True
Woolworths Supermarket,Lunch Box,Chobani Low Fat Lemon Yoghurt 170g,752049,$1.80,$1.06 / 100G,https://www.woolworths.com.au/shop/productdetails/752049/chobani-low-fat-lemon-yoghurt,https://cdn0.woolworths.media/content/wowproductimages/medium/752049.jpg,2020-09-10 15:57:20,,0,Was $2.00 26/04/2020,True
Woolworths Supermarket,Lunch Box,Chobani No Fat Raspberry Yoghurt 170g,752079,$1.80,$1.06 / 100G,https://www.woolworths.com.au/shop/productdetails/752079/chobani-no-fat-raspberry-yoghurt,https://cdn0.woolworths.media/content/wowproductimages/medium/752079.jpg,2020-09-10 15:57:20,,0,Was $2.00 26/04/2020,True
Woolworths Supermarket,Lunch Box,Armada Cling Wrap 33cm x 150m,754076,$6.50,$0.04 / 1M,https://www.woolworths.com.au/shop/productdetails/754076/armada-cling-wrap,https://cdn0.woolworths.media/content/wowproductimages/medium/754076.jpg,2020-09-10 15:57:20,,0,,True
Woolworths Supermarket,Lunch Box,Aeroplane Ready To Eat Orange Jelly 120g,754460,$1.40,$1.17 / 100G,https://www.woolworths.com.au/shop/productdetails/754460/aeroplane-ready-to-eat-orange-jelly,https://cdn0.woolworths.media/content/wowproductimages/medium/754460.jpg,2020-09-10 15:57:20,,0,,True
Woolworths Supermarket,Lunch Box,Pic's Peanut Butter Smooth 380g,754776,$7.50,$1.97 / 100G,https://www.woolworths.com.au/shop/productdetails/754776/pic-s-peanut-butter-smooth,https://cdn0.woolworths.media/content/wowproductimages/medium/754776.jpg,2020-09-10 15:57:20,,0,,True
Woolworths Supermarket,Lunch Box,Woolworths Tropical Juice 6x250ml,757792,$2.30,$1.53 / 1L,https://www.woolworths.com.au/shop/productdetails/757792/woolworths-tropical-juice,https://cdn0.woolworths.media/content/wowproductimages/medium/757792.jpg,2020-09-10 15:57:20,Average product rating out of 5: 4.5. Product score is based on 364 ratings,364,,True
Woolworths Supermarket,Lunch Box,D'orsogna Deli Fresh Ham Champagne Leg 100g,758079,$2.50,$25.00 / 1KG,https://www.woolworths.com.au/shop/productdetails/758079/d-orsogna-deli-fresh-ham-champagne-leg,https://cdn0.woolworths.media/content/wowproductimages/medium/758079.jpg,2020-09-10 15:57:20,,0,,True
Woolworths Supermarket,Lunch Box,D'orsogna Deli Fresh Ham Double Smoked 100g,758089,$2.50,$25.00 / 1KG,https://www.woolworths.com.au/shop/productdetails/758089/d-orsogna-deli-fresh-ham-double-smoked,https://cdn0.woolworths.media/content/wowproductimages/medium/758089.jpg,2020-09-10 15:57:20,,0,,True
Woolworths Supermarket,Lunch Box,D'orsogna Deli Fresh Ham Old English Leg 100g,758107,$2.50,$25.00 / 1KG,https://www.woolworths.com.au/shop/productdetails/758107/d-orsogna-deli-fresh-ham-old-english-leg,https://cdn0.woolworths.media/content/wowproductimages/medium/758107.jpg,2020-09-10 15:57:20,,0,,True
Woolworths Supermarket,Lunch Box,D'orsogna Deli Fresh Ham Honey 100g,758131,$2.50,$25.00 / 1KG,https://www.woolworths.com.au/shop/productdetails/758131/d-orsogna-deli-fresh-ham-honey,https://cdn0.woolworths.media/content/wowproductimages/medium/758131.jpg,2020-09-10 15:57:20,,0,,True
Woolworths Supermarket,Lunch Box,Woolworths Thin Brown Rice Cakes Original 150g,758182,$1.65,$1.10 / 100G,https://www.woolworths.com.au/shop/productdetails/758182/woolworths-thin-brown-rice-cakes-original,https://cdn0.woolworths.media/content/wowproductimages/medium/758182.jpg,2020-09-10 15:57:20,,0,,True
Woolworths Supermarket,Lunch Box,Woolworths Thin Rice Cakes Sour Cream & Chives 125g,758184,$1.65,$1.32 / 100G,https://www.woolworths.com.au/shop/productdetails/758184/woolworths-thin-rice-cakes-sour-cream-chives,https://cdn0.woolworths.media/content/wowproductimages/medium/758184.jpg,2020-09-10 15:57:20,Average product rating out of 5: 4.0. Product score is based on 228 ratings,228,,True
Woolworths Supermarket,Lunch Box,Woolworths Four Seed Farmhouse Half Loaf 350g,759570,$2.00,$0.57 / 100G,https://www.woolworths.com.au/shop/productdetails/759570/woolworths-four-seed-farmhouse-half-loaf,https://cdn0.woolworths.media/content/wowproductimages/medium/759570.jpg,2020-09-10 15:57:20,,0,,True
Woolworths Supermarket,Lunch Box,Woolworths Garden Salad Bowl 150g,760466,$5.00,$33.33 / 1KG,https://www.woolworths.com.au/shop/productdetails/760466/woolworths-garden-salad-bowl,https://cdn0.woolworths.media/content/wowproductimages/medium/760466.jpg,2020-09-10 15:57:20,Average product rating out of 5: 3.7. Product score is based on 435 ratings,435,,True
Woolworths Supermarket,Lunch Box,Woolworths Caesar Salad Bowl 120g,760663,$5.00,$41.67 / 1KG,https://www.woolworths.com.au/shop/productdetails/760663/woolworths-caesar-salad-bowl,https://cdn0.woolworths.media/content/wowproductimages/medium/760663.jpg,2020-09-10 15:57:20,,0,,True
Woolworths Supermarket,Lunch Box,Woolworths Greek Salad Bowl 150g,760674,$5.50,$36.67 / 1KG,https://www.woolworths.com.au/shop/productdetails/760674/woolworths-greek-salad-bowl,https://cdn0.woolworths.media/content/wowproductimages/medium/760674.jpg,2020-09-10 15:57:20,Average product rating out of 5: 3.5. Product score is based on 343 ratings,343,,True
Woolworths Supermarket,Lunch Box,Woolworths Asian Salad With Crunchy Noodles Bowl 150g,760835,$5.00,$33.33 / 1KG,https://www.woolworths.com.au/shop/productdetails/760835/woolworths-asian-salad-with-crunchy-noodles-bowl,https://cdn0.woolworths.media/content/wowproductimages/medium/760835.jpg,2020-09-10 15:57:20,,0,,True
Woolworths Supermarket,Lunch Box,Envy Apple each,761414,$1.14,$1.14 / 1EA,https://www.woolworths.com.au/shop/productdetails/761414/envy-apple,https://cdn0.woolworths.media/content/wowproductimages/medium/761414.jpg,2020-09-10 15:57:20,,0,,True
Woolworths Supermarket,Lunch Box,Golden Circle Puree Strawberry Squeeze 120g,763159,$1.50,$12.50 / 1KG,https://www.woolworths.com.au/shop/productdetails/763159/golden-circle-puree-strawberry-squeeze,https://cdn0.woolworths.media/content/wowproductimages/medium/763159.jpg,2020-09-10 15:57:20,,0,Was $1.89 03/04/2017,True
Woolworths Supermarket,Lunch Box,Golden Circle Puree Pineapple & Mango 120g,763259,$1.50,$12.50 / 1KG,https://www.woolworths.com.au/shop/productdetails/763259/golden-circle-puree-pineapple-mango,https://cdn0.woolworths.media/content/wowproductimages/medium/763259.jpg,2020-09-10 15:57:20,,0,Was $1.89 03/04/2017,True
Woolworths Supermarket,Lunch Box,Golden Circle Passion Pulp Puree Apple & Passionfruit 120g,763261,$1.50,$12.50 / 1KG,https://www.woolworths.com.au/shop/productdetails/763261/golden-circle-passion-pulp-puree-apple-passionfruit,https://cdn0.woolworths.media/content/wowproductimages/medium/763261.jpg,2020-09-10 15:57:20,,0,Was $1.89 03/04/2017,True
Woolworths Supermarket,Lunch Box,Sanitarium Up&go Liquid Breakfast Strawberry 12 pack,765973,$13.00,$4.33 / 1L,https://www.woolworths.com.au/shop/productdetails/765973/sanitarium-up-go-liquid-breakfast-strawberry,https://cdn0.woolworths.media/content/wowproductimages/medium/765973.jpg,2020-09-10 15:57:20,,0,,True
Woolworths Supermarket,Lunch Box,Sanitarium Up&go Liquid Breakfast Banana 12 pack,765982,$13.00,$4.33 / 1L,https://www.woolworths.com.au/shop/productdetails/765982/sanitarium-up-go-liquid-breakfast-banana,https://cdn0.woolworths.media/content/wowproductimages/medium/765982.jpg,2020-09-10 15:57:20,,0,,True
Woolworths Supermarket,Lunch Box,Chobani No Fat Blueberry Yoghurt Pouch 140g,768097,$1.50,$1.07 / 100G,https://www.woolworths.com.au/shop/productdetails/768097/chobani-no-fat-blueberry-yoghurt-pouch,https://cdn0.woolworths.media/content/wowproductimages/medium/768097.jpg,2020-09-10 15:57:20,,0,,True
Woolworths Supermarket,Lunch Box,Chobani No Fat Strawberry Greek Yoghurt Pouch 140G,768123,$1.50,$1.07 / 100G,https://www.woolworths.com.au/shop/productdetails/768123/chobani-no-fat-strawberry-greek-yoghurt-pouch,https://cdn0.woolworths.media/content/wowproductimages/medium/768123.jpg,2020-09-10 15:57:20,,0,,True
Woolworths Supermarket,Lunch Box,Sustagen Vanilla Ready To Drink 3x250ml,768721,$4.70,$6.27 / 1L,https://www.woolworths.com.au/shop/productdetails/768721/sustagen-vanilla-ready-to-drink,https://cdn0.woolworths.media/content/wowproductimages/medium/768721.jpg,2020-09-10 15:57:20,,0,,True
Woolworths Supermarket,Lunch Box,Sanitarium Up&go Protein Energize Choc 250ml x12 pack,768911,$13.00,$4.33 / 1L,https://www.woolworths.com.au/shop/productdetails/768911/sanitarium-up-go-protein-energize-choc,https://cdn0.woolworths.media/content/wowproductimages/medium/768911.jpg,2020-09-10 15:57:20,,0,,True
Woolworths Supermarket,Lunch Box,The Chia Co. Chia Pod Vanilla Bean & Cinnamon 170g,769352,$3.00,$1.76 / 100G,https://www.woolworths.com.au/shop/productdetails/769352/the-chia-co-chia-pod-vanilla-bean-cinnamon,https://cdn0.woolworths.media/content/wowproductimages/medium/769352.jpg,2020-09-10 15:57:20,,0,Was $3.29 07/11/16,True
Woolworths Supermarket,Lunch Box,Dairyworks Colby Cheese & Rice Crackers 4x120g,769404,$4.50,$37.50 / 1KG,https://www.woolworths.com.au/shop/productdetails/769404/dairyworks-colby-cheese-rice-crackers,https://cdn0.woolworths.media/content/wowproductimages/medium/769404.jpg,2020-09-10 15:57:20,,0,Was $5.00 09/10/2018,True
Woolworths Supermarket,Lunch Box,Bega Strong & Bitey Vintage Cheese Slices 500g,769525,$9.00,$18.00 / 1KG,https://www.woolworths.com.au/shop/productdetails/769525/bega-strong-bitey-vintage-cheese-slices,https://cdn0.woolworths.media/content/wowproductimages/medium/769525.jpg,2020-09-10 15:57:20,,0,Was $10.00 06/01/2020,True
Woolworths Supermarket,Lunch Box,Bega Tasty Cheese Slices 500g,769558,$9.00,$18.00 / 1KG,https://www.woolworths.com.au/shop/productdetails/769558/bega-tasty-cheese-slices,https://cdn0.woolworths.media/content/wowproductimages/medium/769558.jpg,2020-09-10 15:57:20,,0,Was $10.00 06/01/2020,True
Woolworths Supermarket,Lunch Box,Woolworths Free From Gluten Share Pack Potato Chips Original 100g,769897,$2.50,$2.50 / 100G,https://www.woolworths.com.au/shop/productdetails/769897/woolworths-free-from-gluten-share-pack-potato-chips-original,https://cdn0.woolworths.media/content/wowproductimages/medium/769897.jpg,2020-09-10 15:57:20,Average product rating out of 5: 4.3. Product score is based on 236 ratings,236,Was $2.99 23/01/2017,True
Woolworths Supermarket,Lunch Box,Woolworths Free From Gluten Share Pack Honey Soy Chicken 100g,769899,$2.50,$2.50 / 100G,https://www.woolworths.com.au/shop/productdetails/769899/woolworths-free-from-gluten-share-pack-honey-soy-chicken,https://cdn0.woolworths.media/content/wowproductimages/medium/769899.jpg,2020-09-10 15:57:20,Average product rating out of 5: 4.8. Product score is based on 4 ratings,4,Was $2.99 23/01/2017,True
Woolworths Supermarket,Lunch Box,Woolworths Spring Water 12x600ml,770183,$3.20,$0.44 / 1L,https://www.woolworths.com.au/shop/productdetails/770183/woolworths-spring-water,https://cdn0.woolworths.media/content/wowproductimages/medium/770183.jpg,2020-09-10 15:57:20,,0,,True
Woolworths Supermarket,Lunch Box,Woolworths Free From Double Choc Biscuit 160g,771480,$3.50,$2.19 / 100G,https://www.woolworths.com.au/shop/productdetails/771480/woolworths-free-from-double-choc-biscuit,https://cdn0.woolworths.media/content/wowproductimages/medium/771480.jpg,2020-09-10 15:57:20,Average product rating out of 5: 4.8. Product score is based on 12 ratings,12,Was $3.99 13/03/2017,True
Woolworths Supermarket,Lunch Box,Woolworths Free From Gluten Gingernut Biscuit 155g,771481,$2.70,$1.74 / 100G,https://www.woolworths.com.au/shop/productdetails/771481/woolworths-free-from-gluten-gingernut-biscuit,https://cdn0.woolworths.media/content/wowproductimages/medium/771481.jpg,2020-09-10 15:57:20,Average product rating out of 5: 4.4. Product score is based on 33 ratings,33,Was $3.00 01/03/2018,True
Woolworths Supermarket,Lunch Box,Woolworths Free From Gluten Share Pack Cheese Rings 90g,771756,$2.00,$2.22 / 100G,https://www.woolworths.com.au/shop/productdetails/771756/woolworths-free-from-gluten-share-pack-cheese-rings,https://cdn0.woolworths.media/content/wowproductimages/medium/771756.jpg,2020-09-10 15:57:20,Average product rating out of 5: 4.5. Product score is based on 26 ratings,26,Was $2.49 30/10/2017,True
Woolworths Supermarket,Lunch Box,Woolworths Free From Gluten Share Pack Cheese Twists 90g,771757,$2.00,$2.22 / 100G,https://www.woolworths.com.au/shop/productdetails/771757/woolworths-free-from-gluten-share-pack-cheese-twists,https://cdn0.woolworths.media/content/wowproductimages/medium/771757.jpg,2020-09-10 15:57:20,Average product rating out of 5: 3.9. Product score is based on 691 ratings,691,Was $2.49 30/10/2017,True
Woolworths Supermarket,Lunch Box,Sunrice Rice Snacks Mini Bites Original 160g,771878,$4.00,$2.50 / 100G,https://www.woolworths.com.au/shop/productdetails/771878/sunrice-rice-snacks-mini-bites-original,https://cdn0.woolworths.media/content/wowproductimages/medium/771878.jpg,2020-09-10 15:57:20,Average product rating out of 5: 4.9. Product score is based on 16 ratings,16,Was $4.99 31/07/2017,True
Woolworths Supermarket,Lunch Box,Sunrice Rice Snacks Mini Bites Chicken 160g,771893,$4.00,$2.50 / 100G,https://www.woolworths.com.au/shop/productdetails/771893/sunrice-rice-snacks-mini-bites-chicken,https://cdn0.woolworths.media/content/wowproductimages/medium/771893.jpg,2020-09-10 15:57:20,Average product rating out of 5: 4.6. Product score is based on 35 ratings,35,Was $4.99 31/07/2017,True
Woolworths Supermarket,Lunch Box,Sunbeam Sultanas & Cranberry 6 pack,773764,$3.00,$12.82 / 1KG,https://www.woolworths.com.au/shop/productdetails/773764/sunbeam-sultanas-cranberry,https://cdn0.woolworths.media/content/wowproductimages/medium/773764.jpg,2020-09-10 15:57:20,,0,,True
Woolworths Supermarket,Lunch Box,Woolworths Free From Mint Creme Biscuit 145g,774595,$3.50,$2.41 / 100G,https://www.woolworths.com.au/shop/productdetails/774595/woolworths-free-from-mint-creme-biscuit,https://cdn0.woolworths.media/content/wowproductimages/medium/774595.jpg,2020-09-10 15:57:20,Average product rating out of 5: 4.4. Product score is based on 20 ratings,20,Was $3.99 13/03/2017,True
Woolworths Supermarket,Lunch Box,Woolworths Free From Creme Choc Biscuits 120g,774596,$2.70,$2.25 / 100G,https://www.woolworths.com.au/shop/productdetails/774596/woolworths-free-from-creme-choc-biscuits,https://cdn0.woolworths.media/content/wowproductimages/medium/774596.jpg,2020-09-10 15:57:20,Average product rating out of 5: 4.3. Product score is based on 8 ratings,8,Was $3.49 01/03/2018,True
Woolworths Supermarket,Lunch Box,The Odd Bunch Avocado Prepacked 1kg,775369,$8.00,$8.00 / 1KG,https://www.woolworths.com.au/shop/productdetails/775369/the-odd-bunch-avocado-prepacked,https://cdn0.woolworths.media/content/wowproductimages/medium/775369.jpg,2020-09-10 15:57:20,,0,,True
Woolworths Supermarket,Lunch Box,Woolworths Free From Gluten Ingredients Tortilla Corn 280g,777201,$3.20,$1.14 / 100G,https://www.woolworths.com.au/shop/productdetails/777201/woolworths-free-from-gluten-ingredients-tortilla-corn,https://cdn0.woolworths.media/content/wowproductimages/medium/777201.jpg,2020-09-10 15:57:20,Average product rating out of 5: 2.8. Product score is based on 723 ratings,723,,True
Woolworths Supermarket,Lunch Box,Golden Circle Puree Banana Berry Blast 120g,777640,$1.50,$12.50 / 1KG,https://www.woolworths.com.au/shop/productdetails/777640/golden-circle-puree-banana-berry-blast,https://cdn0.woolworths.media/content/wowproductimages/medium/777640.jpg,2020-09-10 15:57:20,,0,Was $1.89 03/04/2017,True
Woolworths Supermarket,Lunch Box,Woolworths Free From Gluten Chocolate Chip Biscuit 160g,779237,$2.70,$1.69 / 100G,https://www.woolworths.com.au/shop/productdetails/779237/woolworths-free-from-gluten-chocolate-chip-biscuit,https://cdn0.woolworths.media/content/wowproductimages/medium/779237.jpg,2020-09-10 15:57:20,Average product rating out of 5: 3.7. Product score is based on 532 ratings,532,Was $3.99 14/05/2018,True
Woolworths Supermarket,Lunch Box,Sanitarium Up&go Liquid Breakfast Caramel 12 pack,779889,$13.00,$4.33 / 1L,https://www.woolworths.com.au/shop/productdetails/779889/sanitarium-up-go-liquid-breakfast-caramel,https://cdn0.woolworths.media/content/wowproductimages/medium/779889.jpg,2020-09-10 15:57:20,,0,,True
Woolworths Supermarket,Lunch Box,Mayver's Smooth Peanut Butter 375g,781030,$4.00,$1.07 / 100G,https://www.woolworths.com.au/shop/productdetails/781030/mayver-s-smooth-peanut-butter,https://cdn0.woolworths.media/content/wowproductimages/medium/781030.jpg,2020-09-10 15:57:20,,0,,True
Woolworths Supermarket,Lunch Box,Bega Cream Cheese Spread Spread 500g,781655,$6.50,$13.00 / 1KG,https://www.woolworths.com.au/shop/productdetails/781655/bega-cream-cheese-spread-spread,https://cdn0.woolworths.media/content/wowproductimages/medium/781655.jpg,2020-09-10 15:57:20,,0,Was $7.10 21/08/2017,True
Woolworths Supermarket,Lunch Box,Fresh Beurre Bosc Pear 750G PUNNET,784073,$2.90,$3.87 / 1KG,https://www.woolworths.com.au/shop/productdetails/784073/fresh-beurre-bosc-pear,https://cdn0.woolworths.media/content/wowproductimages/medium/784073.jpg,2020-09-10 15:57:20,,0,,True
Woolworths Supermarket,Lunch Box,Tasti Protein Bar Salted Caramel 200g,785587,$4.80,$2.40 / 100G,https://www.woolworths.com.au/shop/productdetails/785587/tasti-protein-bar-salted-caramel,https://cdn0.woolworths.media/content/wowproductimages/medium/785587.jpg,2020-09-10 15:57:20,,0,,True
Woolworths Supermarket,Lunch Box,Carman's Dark Choc Espresso Nut Bars 160g,786267,$4.50,$2.81 / 100G,https://www.woolworths.com.au/shop/productdetails/786267/carman-s-dark-choc-espresso-nut-bars,https://cdn0.woolworths.media/content/wowproductimages/medium/786267.jpg,2020-09-10 15:57:20,,0,,True
Woolworths Supermarket,Lunch Box,Carman's Gourmet Protein Bars Dark Choc & Cranberry 200g,786273,$4.50,$2.25 / 100G,https://www.woolworths.com.au/shop/productdetails/786273/carman-s-gourmet-protein-bars-dark-choc-cranberry,https://cdn0.woolworths.media/content/wowproductimages/medium/786273.jpg,2020-09-10 15:57:20,,0,,True
Woolworths Supermarket,Lunch Box,Carman's Roasted Nut Bars Greek Style Yoghurt Blueberry 160g,786274,$4.50,$2.81 / 100G,https://www.woolworths.com.au/shop/productdetails/786274/carman-s-roasted-nut-bars-greek-style-yoghurt-blueberry,https://cdn0.woolworths.media/content/wowproductimages/medium/786274.jpg,2020-09-10 15:57:20,,0,,True
Woolworths Supermarket,Lunch Box,Balance Cleanse Spring Water 1l,787271,$2.00,$2.00 / 1L,https://www.woolworths.com.au/shop/productdetails/787271/balance-cleanse-spring-water,https://cdn0.woolworths.media/content/wowproductimages/medium/787271.jpg,2020-09-10 15:57:20,,0,Was $2.50 05/03/2018,True
Woolworths Supermarket,Lunch Box,Woolworths Light Cheese & Crackers 4 pack,787427,$4.00,$33.33 / 1KG,https://www.woolworths.com.au/shop/productdetails/787427/woolworths-light-cheese-crackers,https://cdn0.woolworths.media/content/wowproductimages/medium/787427.jpg,2020-09-10 15:57:20,Average product rating out of 5: 4.0. Product score is based on 710 ratings,710,,True
Woolworths Supermarket,Lunch Box,Woolworths Extra Tasty Cheese & Crackers 4 pack,787429,$4.00,$33.33 / 1KG,https://www.woolworths.com.au/shop/productdetails/787429/woolworths-extra-tasty-cheese-crackers,https://cdn0.woolworths.media/content/wowproductimages/medium/787429.jpg,2020-09-10 15:57:20,Average product rating out of 5: 4.3. Product score is based on 677 ratings,677,,True
Woolworths Supermarket,Lunch Box,Decor Pumped Soft Touch Sports Bottle 750ml each,789490,$13.00,,https://www.woolworths.com.au/shop/productdetails/789490/decor-pumped-soft-touch-sports-bottle-750ml,https://cdn0.woolworths.media/content/wowproductimages/medium/789490.jpg,2020-09-10 15:57:20,,0,Designs may vary,True
Woolworths Supermarket,Lunch Box,Devondale Moo Strawberry Milk 6x200ml,789937,$4.75,$3.96 / 1L,https://www.woolworths.com.au/shop/productdetails/789937/devondale-moo-strawberry-milk,https://cdn0.woolworths.media/content/wowproductimages/medium/789937.jpg,2020-09-10 15:57:20,,0,,True
Woolworths Supermarket,Lunch Box,Five:am Organic Squeezy Strawberry Yoghurt 120g pouch,790185,$2.00,$1.67 / 100G,https://www.woolworths.com.au/shop/productdetails/790185/five-am-organic-squeezy-strawberry-yoghurt,https://cdn0.woolworths.media/content/wowproductimages/medium/790185.jpg,2020-09-10 15:57:20,,0,,True
Woolworths Supermarket,Lunch Box,Five:am Organic Vanilla Bean Yoghurt Pouch 120g,790203,$2.00,$1.67 / 100G,https://www.woolworths.com.au/shop/productdetails/790203/five-am-organic-vanilla-bean-yoghurt-pouch,https://cdn0.woolworths.media/content/wowproductimages/medium/790203.jpg,2020-09-10 15:57:20,,0,,True
Woolworths Supermarket,Lunch Box,Chobani Coconut Yoghurt 170g,790314,$1.80,$1.06 / 100G,https://www.woolworths.com.au/shop/productdetails/790314/chobani-coconut-yoghurt,https://cdn0.woolworths.media/content/wowproductimages/medium/790314.jpg,2020-09-10 15:57:20,,0,Was $2.00 26/04/2020,True
Woolworths Supermarket,Lunch Box,Kraft Singles Original 24pk 432g,791364,$5.20,$12.04 / 1KG,https://www.woolworths.com.au/shop/productdetails/791364/kraft-singles-original,https://cdn0.woolworths.media/content/wowproductimages/medium/791364.jpg,2020-09-10 15:57:20,,0,,True
Woolworths Supermarket,Lunch Box,Chobani No Fat Raspberry Yoghurt Pouch 140g,795069,$1.50,$1.07 / 100G,https://www.woolworths.com.au/shop/productdetails/795069/chobani-no-fat-raspberry-yoghurt-pouch,https://cdn0.woolworths.media/content/wowproductimages/medium/795069.jpg,2020-09-10 15:57:20,,0,,True
Woolworths Supermarket,Lunch Box,Nutella Hazelnut Spread 1kg,795889,$10.00,$1.00 / 100G,https://www.woolworths.com.au/shop/productdetails/795889/nutella-hazelnut-spread,https://cdn0.woolworths.media/content/wowproductimages/medium/795889.jpg,2020-09-10 15:57:20,,0,Was $10.85 03/05/2018,True
Woolworths Supermarket,Lunch Box,D'orsogna Ham Leg Shaved 400G,795918,$5.50,$13.75 / 1KG,https://www.woolworths.com.au/shop/productdetails/795918/d-orsogna-ham-leg-shaved,https://cdn0.woolworths.media/content/wowproductimages/medium/795918.jpg,2020-09-10 15:57:20,,0,,True
Woolworths Supermarket,Lunch Box,D'orsogna Ham Honey Leg Shaved 400g,795982,$5.50,$13.75 / 1KG,https://www.woolworths.com.au/shop/productdetails/795982/d-orsogna-ham-honey-leg-shaved,https://cdn0.woolworths.media/content/wowproductimages/medium/795982.jpg,2020-09-10 15:57:20,,0,,True
Woolworths Supermarket,Lunch Box,Vegemite Spread 380G,796439,$6.50,$1.71 / 100G,https://www.woolworths.com.au/shop/productdetails/796439/vegemite-spread,https://cdn0.woolworths.media/content/wowproductimages/medium/796439.jpg,2020-09-10 15:57:20,,0,,True
Woolworths Supermarket,Lunch Box,Milo Dipped Snack Bars With White Chocolate 10 pack,797102,$7.00,$2.59 / 100G,https://www.woolworths.com.au/shop/productdetails/797102/milo-dipped-snack-bars-with-white-chocolate,https://cdn0.woolworths.media/content/wowproductimages/medium/797102.jpg,2020-09-10 15:57:20,,0,,True
Woolworths Supermarket,Lunch Box,Kellogg's Nutri-grain Original Cereal Snack Bars 144g,797142,$4.00,$2.78 / 100G,https://www.woolworths.com.au/shop/productdetails/797142/kellogg-s-nutri-grain-original-cereal-snack-bars,https://cdn0.woolworths.media/content/wowproductimages/medium/797142.jpg,2020-09-10 15:57:20,,0,,True
Woolworths Supermarket,Lunch Box,Kellogg's Nutri-grain Original Cereal Snack Bars 240g,797145,$4.80,$2.00 / 100G,https://www.woolworths.com.au/shop/productdetails/797145/kellogg-s-nutri-grain-original-cereal-snack-bars,https://cdn0.woolworths.media/content/wowproductimages/medium/797145.jpg,2020-09-10 15:57:20,,0,,True
Woolworths Supermarket,Lunch Box,Estel Premium Alkaline Sport Water 750ml,799996,$3.00,$4.00 / 1L,https://www.woolworths.com.au/shop/productdetails/799996/estel-premium-alkaline-sport-water,https://cdn0.woolworths.media/content/wowproductimages/medium/799996.jpg,2020-09-10 15:57:20,,0,,True
Woolworths Supermarket,Lunch Box,The Odd Bunch Apples Prepacked 1kg,800763,$2.90,$2.90 / 1KG,https://www.woolworths.com.au/shop/productdetails/800763/the-odd-bunch-apples-prepacked,https://cdn0.woolworths.media/content/wowproductimages/medium/800763.jpg,2020-09-10 15:57:20,,0,Variety may vary,True
Woolworths Supermarket,Lunch Box,The Odd Bunch Pear Prepacked 1KG,800774,$2.50,$2.50 / 1KG,https://www.woolworths.com.au/shop/productdetails/800774/the-odd-bunch-pear-prepacked,https://cdn0.woolworths.media/content/wowproductimages/medium/800774.jpg,2020-09-10 15:57:20,,0,,True
Woolworths Supermarket,Lunch Box,E'stel Natural Alkaline Water 1l,802148,$2.00,$2.00 / 1L,https://www.woolworths.com.au/shop/productdetails/802148/e-stel-natural-alkaline-water,https://cdn0.woolworths.media/content/wowproductimages/medium/802148.jpg,2020-09-10 15:57:20,,0,,True
Woolworths Supermarket,Lunch Box,Freedom Foods Messy Monkey Bites Chicken 8 pack,804966,$4.00,$2.50 / 100G,https://www.woolworths.com.au/shop/productdetails/804966/freedom-foods-messy-monkey-bites-chicken,https://cdn0.woolworths.media/content/wowproductimages/medium/804966.jpg,2020-09-10 15:57:20,Average product rating out of 5: 3.8. Product score is based on 25 ratings,25,,True
Woolworths Supermarket,Lunch Box,Helga's Wholemeal Wraps 8 pack,808869,$5.00,$0.89 / 100G,https://www.woolworths.com.au/shop/productdetails/808869/helga-s-wholemeal-wraps,https://cdn0.woolworths.media/content/wowproductimages/medium/808869.jpg,2020-09-10 15:57:20,,0,,True
Woolworths Supermarket,Lunch Box,Helga's Capsicum & Roasted Garlic Wraps 7 pack,808927,$5.00,$1.02 / 100G,https://www.woolworths.com.au/shop/productdetails/808927/helga-s-capsicum-roasted-garlic-wraps,https://cdn0.woolworths.media/content/wowproductimages/medium/808927.jpg,2020-09-10 15:57:20,,0,,True
Woolworths Supermarket,Lunch Box,Helga's Spinach & Herb Wraps 7 pack,808928,$5.00,$1.02 / 100G,https://www.woolworths.com.au/shop/productdetails/808928/helga-s-spinach-herb-wraps,https://cdn0.woolworths.media/content/wowproductimages/medium/808928.jpg,2020-09-10 15:57:20,,0,,True
Woolworths Supermarket,Lunch Box,Sam's Pantry Honey Salted Almond Nut Bar 5 pack,809542,$3.50,$2.06 / 100G,https://www.woolworths.com.au/shop/productdetails/809542/sam-s-pantry-honey-salted-almond-nut-bar,https://cdn0.woolworths.media/content/wowproductimages/medium/809542.jpg,2020-09-10 15:57:20,Average product rating out of 5: 3.8. Product score is based on 251 ratings,251,Was $4.60 20/01/2020,True
Woolworths Supermarket,Lunch Box,Sam's Pantry Honey Salted Cashew Nut Bar 5 pack,809543,$3.50,$2.06 / 100G,https://www.woolworths.com.au/shop/productdetails/809543/sam-s-pantry-honey-salted-cashew-nut-bar,https://cdn0.woolworths.media/content/wowproductimages/medium/809543.jpg,2020-09-10 15:57:20,Average product rating out of 5: 3.3. Product score is based on 271 ratings,271,Was $4.60 20/01/2020,True
Woolworths Supermarket,Lunch Box,Sam's Pantry Scorched Almond Nut Bar 5 pack,809550,$3.50,$2.06 / 100G,https://www.woolworths.com.au/shop/productdetails/809550/sam-s-pantry-scorched-almond-nut-bar,https://cdn0.woolworths.media/content/wowproductimages/medium/809550.jpg,2020-09-10 15:57:20,Average product rating out of 5: 4.1. Product score is based on 224 ratings,224,Was $4.60 20/01/2020,True
Woolworths Supermarket,Lunch Box,Woolworths Free From Gluten White Bread 550G,824732,$4.50,$0.82 / 100G,https://www.woolworths.com.au/shop/productdetails/824732/woolworths-free-from-gluten-white-bread,https://cdn0.woolworths.media/content/wowproductimages/medium/824732.jpg,2020-09-10 15:57:20,Average product rating out of 5: 3.5. Product score is based on 169 ratings,169,Was $4.99 30/10/2017,True
Woolworths Supermarket,Lunch Box,Macro Popcorn Air Popped Light 20g,825889,$1.50,$7.50 / 100G,https://www.woolworths.com.au/shop/productdetails/825889/macro-popcorn-air-popped-light,https://cdn0.woolworths.media/content/wowproductimages/medium/825889.jpg,2020-09-10 15:57:20,Average product rating out of 5: 4.4. Product score is based on 5 ratings,5,,True
Woolworths Supermarket,Lunch Box,Woolworths Leafy Mix 120g,827628,$2.00,$16.67 / 1KG,https://www.woolworths.com.au/shop/productdetails/827628/woolworths-leafy-mix,https://cdn0.woolworths.media/content/wowproductimages/medium/827628.jpg,2020-09-10 15:57:20,Average product rating out of 5: 4.4. Product score is based on 405 ratings,405,,True
Woolworths Supermarket,Lunch Box,Sunrice Thick Rice Cakes 150g,838796,$2.00,$1.33 / 100G,https://www.woolworths.com.au/shop/productdetails/838796/sunrice-thick-rice-cakes,https://cdn0.woolworths.media/content/wowproductimages/medium/838796.jpg,2020-09-10 15:57:20,,0,,True
Woolworths Supermarket,Lunch Box,Toscano Macarons 144g,854648,$10.00,$6.94 / 100G,https://www.woolworths.com.au/shop/productdetails/854648/toscano-macarons,https://cdn0.woolworths.media/content/wowproductimages/medium/854648.jpg,2020-09-10 15:57:20,,0,,True
Woolworths Supermarket,Lunch Box,Just Water Spring Water 500ml,856860,$1.00,$2.00 / 1L,https://www.woolworths.com.au/shop/productdetails/856860/just-water-spring-water,https://cdn0.woolworths.media/content/wowproductimages/medium/856860.jpg,2020-09-10 15:57:20,,0,,True
Woolworths Supermarket,Lunch Box,D'orsogna Roast Chicken 320g,858574,$5.50,$17.19 / 1KG,https://www.woolworths.com.au/shop/productdetails/858574/d-orsogna-roast-chicken,https://cdn0.woolworths.media/content/wowproductimages/medium/858574.jpg,2020-09-10 15:57:20,,0,,True
Woolworths Supermarket,Lunch Box,Pauls Milky Max Chocolate Flavoured Milk 250ml,865319,$1.60,$6.40 / 1L,https://www.woolworths.com.au/shop/productdetails/865319/pauls-milky-max-chocolate-flavoured-milk,https://cdn0.woolworths.media/content/wowproductimages/medium/865319.jpg,2020-09-10 15:57:20,,0,,True
Woolworths Supermarket,Lunch Box,Pauls Milky Max Strawberry Flavoured Milk 250ml,865321,$1.60,$6.40 / 1L,https://www.woolworths.com.au/shop/productdetails/865321/pauls-milky-max-strawberry-flavoured-milk,https://cdn0.woolworths.media/content/wowproductimages/medium/865321.jpg,2020-09-10 15:57:20,,0,,True
Woolworths Supermarket,Lunch Box,Carman's Super Berry Muesli Bars 6 pack,867812,$4.50,$1.67 / 100G,https://www.woolworths.com.au/shop/productdetails/867812/carman-s-super-berry-muesli-bars,https://cdn0.woolworths.media/content/wowproductimages/medium/867812.jpg,2020-09-10 15:57:20,,0,,True
Woolworths Supermarket,Lunch Box,Carman's Greek Yoghurt & Berry Protein Bars 5 pack,867857,$4.50,$2.25 / 100G,https://www.woolworths.com.au/shop/productdetails/867857/carman-s-greek-yoghurt-berry-protein-bars,https://cdn0.woolworths.media/content/wowproductimages/medium/867857.jpg,2020-09-10 15:57:20,,0,,True
Woolworths Supermarket,Lunch Box,Carman's Cranberry & Blueberry Oat Slice 6 pack,867860,$4.50,$2.14 / 100G,https://www.woolworths.com.au/shop/productdetails/867860/carman-s-cranberry-blueberry-oat-slice,https://cdn0.woolworths.media/content/wowproductimages/medium/867860.jpg,2020-09-10 15:57:20,,0,,True
Woolworths Supermarket,Lunch Box,Oak Chocolate Flavoured Milk 3x250ml,878734,$3.90,$5.20 / 1L,https://www.woolworths.com.au/shop/productdetails/878734/oak-chocolate-flavoured-milk,https://cdn0.woolworths.media/content/wowproductimages/medium/878734.jpg,2020-09-10 15:57:20,,0,,True
Woolworths Supermarket,Lunch Box,Oak Strawberry Flavoured Milk (3x250ml) 750ml,878752,$3.90,$5.20 / 1L,https://www.woolworths.com.au/shop/productdetails/878752/oak-strawberry-flavoured-milk-3x250ml-,https://cdn0.woolworths.media/content/wowproductimages/medium/878752.jpg,2020-09-10 15:57:20,,0,,True
Woolworths Supermarket,Lunch Box,Sunraysia Organic Apple & Mango Juice 200ml,881507,$1.30,$6.50 / 1L,https://www.woolworths.com.au/shop/productdetails/881507/sunraysia-organic-apple-mango-juice,https://cdn0.woolworths.media/content/wowproductimages/medium/881507.jpg,2020-09-10 15:57:20,,0,5 for $5.00 $5.00/1L,True
Woolworths Supermarket,Lunch Box,Woolworths Select Blueberry Muffins 4pk 420g,883001,$3.50,$0.83 / 100G,https://www.woolworths.com.au/shop/productdetails/883001/woolworths-select-blueberry-muffins-4pk,https://cdn0.woolworths.media/content/wowproductimages/medium/883001.jpg,2020-09-10 15:57:20,,0,,True
Woolworths Supermarket,Lunch Box,Woolworths Choc Chip Muffin 4 pack,883003,$3.50,$0.83 / 100G,https://www.woolworths.com.au/shop/productdetails/883003/woolworths-choc-chip-muffin,https://cdn0.woolworths.media/content/wowproductimages/medium/883003.jpg,2020-09-10 15:57:20,Average product rating out of 5: 4.2. Product score is based on 577 ratings,577,,True
Woolworths Supermarket,Lunch Box,Woolworths Mini Choc Chip Muffin 8 pack,883004,$3.50,$1.09 / 100G,https://www.woolworths.com.au/shop/productdetails/883004/woolworths-mini-choc-chip-muffin,https://cdn0.woolworths.media/content/wowproductimages/medium/883004.jpg,2020-09-10 15:57:20,Average product rating out of 5: 4.1. Product score is based on 939 ratings,939,,True
Woolworths Supermarket,Lunch Box,Woolworths Select Double Choc Chip Muffin 4pk 420g,883005,$3.50,$0.83 / 100G,https://www.woolworths.com.au/shop/productdetails/883005/woolworths-select-double-choc-chip-muffin-4pk,https://cdn0.woolworths.media/content/wowproductimages/medium/883005.jpg,2020-09-10 15:57:20,Average product rating out of 5: 4.5. Product score is based on 327 ratings,327,,True
Woolworths Supermarket,Lunch Box,Woolworths Select Mini Double Choc Muffins 8pk 320g,883116,$3.50,$1.09 / 100G,https://www.woolworths.com.au/shop/productdetails/883116/woolworths-select-mini-double-choc-muffins-8pk,https://cdn0.woolworths.media/content/wowproductimages/medium/883116.jpg,2020-09-10 15:57:20,Average product rating out of 5: 4.1. Product score is based on 332 ratings,332,,True
Woolworths Supermarket,Lunch Box,Woolworths Apple & Cinnamon Muffins 4 pack,883117,$3.50,$0.83 / 100G,https://www.woolworths.com.au/shop/productdetails/883117/woolworths-apple-cinnamon-muffins,https://cdn0.woolworths.media/content/wowproductimages/medium/883117.jpg,2020-09-10 15:57:20,,0,,True
Woolworths Supermarket,Lunch Box,Woolworths Tasty Cheese Block 1kg,891325,$8.80,$8.80 / 1KG,https://www.woolworths.com.au/shop/productdetails/891325/woolworths-tasty-cheese-block,https://cdn0.woolworths.media/content/wowproductimages/medium/891325.jpg,2020-09-10 15:57:20,Average product rating out of 5: 4.7. Product score is based on 410 ratings,410,,True
Woolworths Supermarket,Lunch Box,Nuttelex Buttery Table Spread 500g,899765,$2.90,$0.58 / 100G,https://www.woolworths.com.au/shop/productdetails/899765/nuttelex-buttery-table-spread,https://cdn0.woolworths.media/content/wowproductimages/medium/899765.jpg,2020-09-10 15:57:20,,0,,True
Woolworths Supermarket,Lunch Box,Just Veg. Carrot Sticks 300G BAG,921080,$3.00,$10.00 / 1KG,https://www.woolworths.com.au/shop/productdetails/921080/just-veg-carrot-sticks,https://cdn0.woolworths.media/content/wowproductimages/medium/921080.jpg,2020-09-10 15:57:20,,0,,True
Woolworths Supermarket,Lunch Box,Chobani Vanilla Yoghurt Pouch 140g,926531,$1.50,$1.07 / 100G,https://www.woolworths.com.au/shop/productdetails/926531/chobani-vanilla-yoghurt-pouch,https://cdn0.woolworths.media/content/wowproductimages/medium/926531.jpg,2020-09-10 15:57:20,,0,,True
Woolworths Supermarket,Lunch Box,Mamee Noodle Snacks Bbq 8pk 200g,926640,$3.15,$1.58 / 100G,https://www.woolworths.com.au/shop/productdetails/926640/mamee-noodle-snacks-bbq-8pk,https://cdn0.woolworths.media/content/wowproductimages/medium/926640.jpg,2020-09-10 15:57:20,,0,2 for $5.00,True
Woolworths Supermarket,Lunch Box,Mamee Noodle Snacks Chicken 8pk 200g,926796,$3.15,$1.58 / 100G,https://www.woolworths.com.au/shop/productdetails/926796/mamee-noodle-snacks-chicken-8pk,https://cdn0.woolworths.media/content/wowproductimages/medium/926796.jpg,2020-09-10 15:57:20,,0,2 for $5.00,True
Woolworths Supermarket,Lunch Box,The Happy Snack Company Roasted Fav-va Beans Balsamic Vinegar 6x25g,927838,$5.30,$3.53 / 100G,https://www.woolworths.com.au/shop/productdetails/927838/the-happy-snack-company-roasted-fav-va-beans-balsamic-vinegar,https://cdn0.woolworths.media/content/wowproductimages/medium/927838.jpg,2020-09-10 15:57:20,Average product rating out of 5: 5.0. Product score is based on 26 ratings,26,,True
Woolworths Supermarket,Lunch Box,The Happy Snack Company Fav-va Beans Lightly Salted 6x25g,932505,$5.30,$3.53 / 100G,https://www.woolworths.com.au/shop/productdetails/932505/the-happy-snack-company-fav-va-beans-lightly-salted,https://cdn0.woolworths.media/content/wowproductimages/medium/932505.jpg,2020-09-10 15:57:20,Average product rating out of 5: 4.8. Product score is based on 19 ratings,19,,True
Woolworths Supermarket,Lunch Box,Woolworths Fresh Carrots 1KG,135369,$1.50,$1.50 / 1KG,https://www.woolworths.com.au/shop/productdetails/135369/woolworths-fresh-carrots,https://cdn0.woolworths.media/content/wowproductimages/medium/135369.jpg,2020-09-10 15:57:20,,0,,True
Woolworths Supermarket,Lunch Box,Hillview Cheese Block 1KG,500187,$8.00,$8.00 / 1KG,https://www.woolworths.com.au/shop/productdetails/500187/hillview-cheese-block,https://cdn0.woolworths.media/content/wowproductimages/medium/500187.jpg,2020-09-10 15:57:20,Average product rating out of 5: 4.5. Product score is based on 66 ratings,66,,True
Woolworths Supermarket,Lunch Box,Driscoll's Fresh Raspberry 125g,165262,$5.50,$44.00 / 1KG,https://www.woolworths.com.au/shop/productdetails/165262/driscoll-s-fresh-raspberry,https://cdn0.woolworths.media/content/wowproductimages/medium/165262.jpg,2020-09-10 15:57:20,,0,,True
Woolworths Supermarket,Lunch Box,Select Truss Cocktail Tomato 250g,747009,$4.50,$18.00 / 1KG,https://www.woolworths.com.au/shop/productdetails/747009/select-truss-cocktail-tomato,https://cdn0.woolworths.media/content/wowproductimages/medium/747009.jpg,2020-09-10 15:57:20,,0,,True
Woolworths Supermarket,Lunch Box,Fresh Tomato each,134034,$0.65,$0.65 / 1EA,https://www.woolworths.com.au/shop/productdetails/134034/fresh-tomato,https://cdn0.woolworths.media/content/wowproductimages/medium/134034.jpg,2020-09-10 15:57:20,,0,,True
Woolworths Supermarket,Lunch Box,Wonder White Hi Fibre Sandwich Slice Bread 700G,332466,$3.40,$0.49 / 100G,https://www.woolworths.com.au/shop/productdetails/332466/wonder-white-hi-fibre-sandwich-slice-bread,https://cdn0.woolworths.media/content/wowproductimages/medium/332466.jpg,2020-09-10 15:57:20,,0,,True
Woolworths Supermarket,Lunch Box,The Odd Bunch Pear Prepacked 1KG,800774,$2.50,$2.50 / 1KG,https://www.woolworths.com.au/shop/productdetails/800774/the-odd-bunch-pear-prepacked,https://cdn0.woolworths.media/content/wowproductimages/medium/800774.jpg,2020-09-10 15:57:20,,0,,True
Woolworths Supermarket,Lunch Box,Woolworths Mini Choc Chip Muffin 8 pack,883004,$3.50,$1.09 / 100G,https://www.woolworths.com.au/shop/productdetails/883004/woolworths-mini-choc-chip-muffin,https://cdn0.woolworths.media/content/wowproductimages/medium/883004.jpg,2020-09-10 15:57:20,Average product rating out of 5: 4.1. Product score is based on 939 ratings,939,,True
Woolworths Supermarket,Lunch Box,Western Star Supersoft Spreadable 500g,199420,$6.00,$1.20 / 100G,https://www.woolworths.com.au/shop/productdetails/199420/western-star-supersoft-spreadable,https://cdn0.woolworths.media/content/wowproductimages/medium/199420.jpg,2020-09-10 15:57:20,,0,,True
Woolworths Supermarket,Lunch Box,Mission Wraps Mini Original 8 pack,320195,$5.00,$1.30 / 100G,https://www.woolworths.com.au/shop/productdetails/320195/mission-wraps-mini-original,https://cdn0.woolworths.media/content/wowproductimages/medium/320195.jpg,2020-09-10 15:57:20,,0,,True
Woolworths Supermarket,Lunch Box,Woolworths Extra Tasty Cheese Block 500g,310238,$6.00,$12.00 / 1KG,https://www.woolworths.com.au/shop/productdetails/310238/woolworths-extra-tasty-cheese-block,https://cdn0.woolworths.media/content/wowproductimages/medium/310238.jpg,2020-09-10 15:57:20,Average product rating out of 5: 4.7. Product score is based on 854 ratings,854,,True
Woolworths Supermarket,Lunch Box,Uncle Tobys Le Snak Tasty Cheese Dip & Crackers 12 pack,248197,$7.60,$2.88 / 100G,https://www.woolworths.com.au/shop/productdetails/248197/uncle-tobys-le-snak-tasty-cheese-dip-crackers,https://cdn0.woolworths.media/content/wowproductimages/medium/248197.jpg,2020-09-10 15:57:20,,0,,True
Woolworths Supermarket,Lunch Box,Woolworths Apple & Blackcurrant Juice 6x250ml,729169,$2.30,$1.53 / 1L,https://www.woolworths.com.au/shop/productdetails/729169/woolworths-apple-blackcurrant-juice,https://cdn0.woolworths.media/content/wowproductimages/medium/729169.jpg,2020-09-10 15:57:20,Average product rating out of 5: 4.4. Product score is based on 330 ratings,330,,True
Woolworths Supermarket,Lunch Box,Coon Cheese Slices Tasty 750g,187899,$10.00,$13.33 / 1KG,https://www.woolworths.com.au/shop/productdetails/187899/coon-cheese-slices-tasty,https://cdn0.woolworths.media/content/wowproductimages/medium/187899.jpg,2020-09-10 15:57:20,,0,Was $12.00 07/07/2020,True
Woolworths Supermarket,Lunch Box,Philadelphia Cream Cheese Spread 250g,079223,$4.70,$18.80 / 1KG,https://www.woolworths.com.au/shop/productdetails/79223/philadelphia-cream-cheese-spread,https://cdn0.woolworths.media/content/wowproductimages/medium/079223.jpg,2020-09-10 15:57:20,,0,,True
Woolworths Supermarket,Lunch Box,Woolworths Mini Banana Muffin 8 pack,607875,$3.50,$1.09 / 100G,https://www.woolworths.com.au/shop/productdetails/607875/woolworths-mini-banana-muffin,https://cdn0.woolworths.media/content/wowproductimages/medium/607875.jpg,2020-09-10 15:57:20,Average product rating out of 5: 4.2. Product score is based on 987 ratings,987,,True
Woolworths Supermarket,Lunch Box,Woolworths Bread Four Seed Loaf 800G,244061,$2.00,$0.25 / 100G,https://www.woolworths.com.au/shop/productdetails/244061/woolworths-bread-four-seed-loaf,https://cdn0.woolworths.media/content/wowproductimages/medium/244061.jpg,2020-09-10 15:57:20,,0,,True
Woolworths Supermarket,Lunch Box,Tip Top Sunblest White Sandwich Bread 650g,019899,$3.00,$0.46 / 100G,https://www.woolworths.com.au/shop/productdetails/19899/tip-top-sunblest-white-sandwich-bread,https://cdn0.woolworths.media/content/wowproductimages/medium/019899.jpg,2020-09-10 15:57:20,,0,,True
Woolworths Supermarket,Lunch Box,Helga's Wholemeal Bread With Grains 850G,075035,$3.90,$0.46 / 100G,https://www.woolworths.com.au/shop/productdetails/75035/helga-s-wholemeal-bread-with-grains,https://cdn0.woolworths.media/content/wowproductimages/medium/075035.jpg,2020-09-10 15:57:20,,0,,True
Woolworths Supermarket,Lunch Box,Uncle Tobys Roll-ups Strawberry Fun Prints 6 pack,324231,$2.00,$2.13 / 100G,https://www.woolworths.com.au/shop/productdetails/324231/uncle-tobys-roll-ups-strawberry-fun-prints,https://cdn0.woolworths.media/content/wowproductimages/medium/324231.jpg,2020-09-10 15:57:20,,0,,True
Woolworths Supermarket,Lunch Box,The Happy Snack Company Roasted Chick Peas Lightly Salted 200g,932509,$5.35,$2.68 / 100G,https://www.woolworths.com.au/shop/productdetails/932509/the-happy-snack-company-roasted-chick-peas-lightly-salted,https://cdn0.woolworths.media/content/wowproductimages/medium/932509.jpg,2020-09-10 15:57:20,Average product rating out of 5: 4.2. Product score is based on 15 ratings,15,,True
Woolworths Supermarket,Lunch Box,Chris' Dips Hommus 3 x60g,932579,$2.50,$1.39 / 100G,https://www.woolworths.com.au/shop/productdetails/932579/chris-dips-hommus,https://cdn0.woolworths.media/content/wowproductimages/medium/932579.jpg,2020-09-10 15:57:20,,0,,True
Woolworths Supermarket,Lunch Box,D'orsogna Premium Ham Off The Bone Sliced From The Deli per kg,935656,$24.00,$24.00 / 1KG,https://www.woolworths.com.au/shop/productdetails/935656/d-orsogna-premium-ham-off-the-bone-sliced-from-the-deli,https://cdn0.woolworths.media/content/wowproductimages/medium/935656.jpg,2020-09-10 15:57:20,,0,,True
Woolworths Supermarket,Lunch Box,D'orsogna Premium Ham Off The Bone Shaved From The Deli per kg,937258,$24.00,$24.00 / 1KG,https://www.woolworths.com.au/shop/productdetails/937258/d-orsogna-premium-ham-off-the-bone-shaved-from-the-deli,https://cdn0.woolworths.media/content/wowproductimages/medium/937258.jpg,2020-09-10 15:57:20,,0,,True
Woolworths Supermarket,Lunch Box,Capilano Honey Upside Down 340g,954138,$6.60,$1.94 / 100G,https://www.woolworths.com.au/shop/productdetails/954138/capilano-honey-upside-down,https://cdn0.woolworths.media/content/wowproductimages/medium/954138.jpg,2020-09-10 15:57:20,,0,,True
Woolworths Supermarket,Lunch Box,Bio Cheese Cheddar Slices 200g,954528,$8.00,$40.00 / 1KG,https://www.woolworths.com.au/shop/productdetails/954528/bio-cheese-cheddar-slices,https://cdn0.woolworths.media/content/wowproductimages/medium/954528.jpg,2020-09-10 15:57:20,,0,,True
Woolworths Supermarket,Lunch Box,Yoplait Petit Miam Vanilla 70g,955270,$0.80,$1.14 / 100G,https://www.woolworths.com.au/shop/productdetails/955270/yoplait-petit-miam-vanilla,https://cdn0.woolworths.media/content/wowproductimages/medium/955270.jpg,2020-09-10 15:57:20,,0,,True
Woolworths Supermarket,Lunch Box,Woolworths Lamingtons Jam Filled 6 pack,957656,$2.50,$0.71 / 100G,https://www.woolworths.com.au/shop/productdetails/957656/woolworths-lamingtons-jam-filled,https://cdn0.woolworths.media/content/wowproductimages/medium/957656.jpg,2020-09-10 15:57:20,Average product rating out of 5: 4.2. Product score is based on 388 ratings,388,,True
Woolworths Supermarket,Lunch Box,Helga's Low Carb Wraps 250g,957679,$5.00,$2.00 / 100G,https://www.woolworths.com.au/shop/productdetails/957679/helga-s-low-carb-wraps,https://cdn0.woolworths.media/content/wowproductimages/medium/957679.jpg,2020-09-10 15:57:20,,0,,True
Woolworths Supermarket,Lunch Box,Golden Days Fruit Snacks Bites Apricot 5x40g,082835,$4.50,$2.25 / 100G,https://www.woolworths.com.au/shop/productdetails/82835/golden-days-fruit-snacks-bites-apricot,https://cdn0.woolworths.media/content/wowproductimages/medium/082835.jpg,2020-09-10 15:57:20,Average product rating out of 5: 4.8. Product score is based on 20 ratings,20,,True
Woolworths Supermarket,Lunch Box,Noya Macadamia & Cashew Butter 200g,096905,$12.00,$6.00 / 100G,https://www.woolworths.com.au/shop/productdetails/96905/noya-macadamia-cashew-butter,https://cdn0.woolworths.media/content/wowproductimages/medium/096905.jpg,2020-09-10 15:57:20,,0,,True
Woolworths Supermarket,Lunch Box,Mini-roma Tomato 250g punnet,166144,$3.50,$14.00 / 1KG,https://www.woolworths.com.au/shop/productdetails/166144/mini-roma-tomato,https://cdn0.woolworths.media/content/wowproductimages/medium/166144.jpg,2020-09-10 15:57:20,,0,,True
Woolworths Supermarket,Lunch Box,Woolworths Cookies Jam Drop 14 pack,185739,$3.00,$0.21 / 1EA,https://www.woolworths.com.au/shop/productdetails/185739/woolworths-cookies-jam-drop,https://cdn0.woolworths.media/content/wowproductimages/medium/185739.jpg,2020-09-10 15:57:20,,0,,True
Woolworths Supermarket,Lunch Box,Eskal Gluten Free Crackers 200g,230507,$4.79,$2.40 / 100G,https://www.woolworths.com.au/shop/productdetails/230507/eskal-gluten-free-crackers,https://cdn0.woolworths.media/content/wowproductimages/medium/230507.jpg,2020-09-10 15:57:20,Average product rating out of 5: 4.6. Product score is based on 29 ratings,29,,True
Woolworths Supermarket,Lunch Box,Mainland Cracker Cuts Tasty Cheese 120g,324521,$4.00,$33.33 / 1KG,https://www.woolworths.com.au/shop/productdetails/324521/mainland-cracker-cuts-tasty-cheese,https://cdn0.woolworths.media/content/wowproductimages/medium/324521.jpg,2020-09-10 15:57:20,,0,,True
Woolworths Supermarket,Lunch Box,Woolworths Cookie Cranberry & White Chocolate 5 pack,421464,$2.00,$0.40 / 1EA,https://www.woolworths.com.au/shop/productdetails/421464/woolworths-cookie-cranberry-white-chocolate,https://cdn0.woolworths.media/content/wowproductimages/medium/421464.jpg,2020-09-10 15:57:20,,0,,True
Woolworths Supermarket,Lunch Box,The Happy Snack Company Roasted Fav-va Beans Salt & Vinegar 10x15g,464458,$5.30,$3.53 / 100G,https://www.woolworths.com.au/shop/productdetails/464458/the-happy-snack-company-roasted-fav-va-beans-salt-vinegar,https://cdn0.woolworths.media/content/wowproductimages/medium/464458.jpg,2020-09-10 15:57:20,Average product rating out of 5: 4.5. Product score is based on 8 ratings,8,,True
Woolworths Supermarket,Lunch Box,Macro Air Popped Popcorn Salted & Sweet 20g,486336,$1.50,$7.50 / 100G,https://www.woolworths.com.au/shop/productdetails/486336/macro-air-popped-popcorn-salted-sweet,https://cdn0.woolworths.media/content/wowproductimages/medium/486336.jpg,2020-09-10 15:57:20,Average product rating out of 5: 3.8. Product score is based on 8 ratings,8,,True
Woolworths Supermarket,Lunch Box,Woolworths Plain Bagels 3 pack,490879,$3.00,$1.00 / 1EA,https://www.woolworths.com.au/shop/productdetails/490879/woolworths-plain-bagels,https://cdn0.woolworths.media/content/wowproductimages/medium/490879.jpg,2020-09-10 15:57:20,,0,,True
Woolworths Supermarket,Lunch Box,Coon Cheese Slices Colby 500g,491248,$8.00,$16.00 / 1KG,https://www.woolworths.com.au/shop/productdetails/491248/coon-cheese-slices-colby,https://cdn0.woolworths.media/content/wowproductimages/medium/491248.jpg,2020-09-10 15:57:20,,0,Was $8.60 30/06/2020,True
Woolworths Supermarket,Lunch Box,Mini Chocolate Croissant 8 pack,517746,$4.00,$0.50 / 1EA,https://www.woolworths.com.au/shop/productdetails/517746/mini-chocolate-croissant,https://cdn0.woolworths.media/content/wowproductimages/medium/517746.jpg,2020-09-10 15:57:20,,0,,True
Woolworths Supermarket,Lunch Box,Chobani Flip Greek Yoghurt Almond Coco Loco 140g,611783,$3.00,$2.14 / 100G,https://www.woolworths.com.au/shop/productdetails/611783/chobani-flip-greek-yoghurt-almond-coco-loco,https://cdn0.woolworths.media/content/wowproductimages/medium/611783.jpg,2020-09-10 15:57:20,,0,,True
Woolworths Supermarket,Lunch Box,Macro Lentil Bites Carrot 6 pack,694123,$4.50,$4.17 / 100G,https://www.woolworths.com.au/shop/productdetails/694123/macro-lentil-bites-carrot,https://cdn0.woolworths.media/content/wowproductimages/medium/694123.jpg,2020-09-10 15:57:20,Average product rating out of 5: 4.0. Product score is based on 233 ratings,233,,True
Woolworths Supermarket,Lunch Box,D'orsogna Deli Fresh Spicy Chorizo Salami 80g,744022,$2.50,$31.25 / 1KG,https://www.woolworths.com.au/shop/productdetails/744022/d-orsogna-deli-fresh-spicy-chorizo-salami,https://cdn0.woolworths.media/content/wowproductimages/medium/744022.jpg,2020-09-10 15:57:20,,0,,True
Woolworths Supermarket,Lunch Box,Woolworths Fresh Carrots 1KG,135369,$1.50,$1.50 / 1KG,https://www.woolworths.com.au/shop/productdetails/135369/woolworths-fresh-carrots,https://cdn0.woolworths.media/content/wowproductimages/medium/135369.jpg,2020-09-10 15:57:20,,0,,True
Woolworths Supermarket,Lunch Box,Hillview Cheese Block 1KG,500187,$8.00,$8.00 / 1KG,https://www.woolworths.com.au/shop/productdetails/500187/hillview-cheese-block,https://cdn0.woolworths.media/content/wowproductimages/medium/500187.jpg,2020-09-10 15:57:20,Average product rating out of 5: 4.5. Product score is based on 66 ratings,66,,True
Woolworths Supermarket,Lunch Box,Driscoll's Fresh Raspberry 125g,165262,$5.50,$44.00 / 1KG,https://www.woolworths.com.au/shop/productdetails/165262/driscoll-s-fresh-raspberry,https://cdn0.woolworths.media/content/wowproductimages/medium/165262.jpg,2020-09-10 15:57:20,,0,,True
Woolworths Supermarket,Lunch Box,Select Truss Cocktail Tomato 250g,747009,$4.50,$18.00 / 1KG,https://www.woolworths.com.au/shop/productdetails/747009/select-truss-cocktail-tomato,https://cdn0.woolworths.media/content/wowproductimages/medium/747009.jpg,2020-09-10 15:57:20,,0,,True
Woolworths Supermarket,Lunch Box,Fresh Tomato each,134034,$0.65,$0.65 / 1EA,https://www.woolworths.com.au/shop/productdetails/134034/fresh-tomato,https://cdn0.woolworths.media/content/wowproductimages/medium/134034.jpg,2020-09-10 15:57:20,,0,,True
Woolworths Supermarket,Lunch Box,Wonder White Hi Fibre Sandwich Slice Bread 700G,332466,$3.40,$0.49 / 100G,https://www.woolworths.com.au/shop/productdetails/332466/wonder-white-hi-fibre-sandwich-slice-bread,https://cdn0.woolworths.media/content/wowproductimages/medium/332466.jpg,2020-09-10 15:57:20,,0,,True
Woolworths Supermarket,Lunch Box,The Odd Bunch Pear Prepacked 1KG,800774,$2.50,$2.50 / 1KG,https://www.woolworths.com.au/shop/productdetails/800774/the-odd-bunch-pear-prepacked,https://cdn0.woolworths.media/content/wowproductimages/medium/800774.jpg,2020-09-10 15:57:20,,0,,True
Woolworths Supermarket,Lunch Box,Woolworths Mini Choc Chip Muffin 8 pack,883004,$3.50,$1.09 / 100G,https://www.woolworths.com.au/shop/productdetails/883004/woolworths-mini-choc-chip-muffin,https://cdn0.woolworths.media/content/wowproductimages/medium/883004.jpg,2020-09-10 15:57:20,Average product rating out of 5: 4.1. Product score is based on 939 ratings,939,,True
Woolworths Supermarket,Lunch Box,Western Star Supersoft Spreadable 500g,199420,$6.00,$1.20 / 100G,https://www.woolworths.com.au/shop/productdetails/199420/western-star-supersoft-spreadable,https://cdn0.woolworths.media/content/wowproductimages/medium/199420.jpg,2020-09-10 15:57:20,,0,,True
Woolworths Supermarket,Lunch Box,Mission Wraps Mini Original 8 pack,320195,$5.00,$1.30 / 100G,https://www.woolworths.com.au/shop/productdetails/320195/mission-wraps-mini-original,https://cdn0.woolworths.media/content/wowproductimages/medium/320195.jpg,2020-09-10 15:57:20,,0,,True
Woolworths Supermarket,Lunch Box,Woolworths Extra Tasty Cheese Block 500g,310238,$6.00,$12.00 / 1KG,https://www.woolworths.com.au/shop/productdetails/310238/woolworths-extra-tasty-cheese-block,https://cdn0.woolworths.media/content/wowproductimages/medium/310238.jpg,2020-09-10 15:57:20,Average product rating out of 5: 4.7. Product score is based on 854 ratings,854,,True
Woolworths Supermarket,Lunch Box,Uncle Tobys Le Snak Tasty Cheese Dip & Crackers 12 pack,248197,$7.60,$2.88 / 100G,https://www.woolworths.com.au/shop/productdetails/248197/uncle-tobys-le-snak-tasty-cheese-dip-crackers,https://cdn0.woolworths.media/content/wowproductimages/medium/248197.jpg,2020-09-10 15:57:20,,0,,True
Woolworths Supermarket,Lunch Box,Woolworths Apple & Blackcurrant Juice 6x250ml,729169,$2.30,$1.53 / 1L,https://www.woolworths.com.au/shop/productdetails/729169/woolworths-apple-blackcurrant-juice,https://cdn0.woolworths.media/content/wowproductimages/medium/729169.jpg,2020-09-10 15:57:20,Average product rating out of 5: 4.4. Product score is based on 330 ratings,330,,True
Woolworths Supermarket,Lunch Box,Coon Cheese Slices Tasty 750g,187899,$10.00,$13.33 / 1KG,https://www.woolworths.com.au/shop/productdetails/187899/coon-cheese-slices-tasty,https://cdn0.woolworths.media/content/wowproductimages/medium/187899.jpg,2020-09-10 15:57:20,,0,Was $12.00 07/07/2020,True
Woolworths Supermarket,Lunch Box,Philadelphia Cream Cheese Spread 250g,079223,$4.70,$18.80 / 1KG,https://www.woolworths.com.au/shop/productdetails/79223/philadelphia-cream-cheese-spread,https://cdn0.woolworths.media/content/wowproductimages/medium/079223.jpg,2020-09-10 15:57:20,,0,,True
Woolworths Supermarket,Lunch Box,Woolworths Mini Banana Muffin 8 pack,607875,$3.50,$1.09 / 100G,https://www.woolworths.com.au/shop/productdetails/607875/woolworths-mini-banana-muffin,https://cdn0.woolworths.media/content/wowproductimages/medium/607875.jpg,2020-09-10 15:57:20,Average product rating out of 5: 4.2. Product score is based on 987 ratings,987,,True
Woolworths Supermarket,Lunch Box,Woolworths Bread Four Seed Loaf 800G,244061,$2.00,$0.25 / 100G,https://www.woolworths.com.au/shop/productdetails/244061/woolworths-bread-four-seed-loaf,https://cdn0.woolworths.media/content/wowproductimages/medium/244061.jpg,2020-09-10 15:57:20,,0,,True
Woolworths Supermarket,Lunch Box,Tip Top Sunblest White Sandwich Bread 650g,019899,$3.00,$0.46 / 100G,https://www.woolworths.com.au/shop/productdetails/19899/tip-top-sunblest-white-sandwich-bread,https://cdn0.woolworths.media/content/wowproductimages/medium/019899.jpg,2020-09-10 15:57:20,,0,,True
Woolworths Supermarket,Lunch Box,Helga's Wholemeal Bread With Grains 850G,075035,$3.90,$0.46 / 100G,https://www.woolworths.com.au/shop/productdetails/75035/helga-s-wholemeal-bread-with-grains,https://cdn0.woolworths.media/content/wowproductimages/medium/075035.jpg,2020-09-10 15:57:20,,0,,True
Woolworths Supermarket,Lunch Box,Uncle Tobys Roll-ups Strawberry Fun Prints 6 pack,324231,$2.00,$2.13 / 100G,https://www.woolworths.com.au/shop/productdetails/324231/uncle-tobys-roll-ups-strawberry-fun-prints,https://cdn0.woolworths.media/content/wowproductimages/medium/324231.jpg,2020-09-10 15:57:20,,0,,True
Woolworths Supermarket,Lunch Box,Dairylea Fridge Sticks Cheese 160g,799093,$3.50,$21.88 / 1KG,https://www.woolworths.com.au/shop/productdetails/799093/dairylea-fridge-sticks-cheese,https://cdn0.woolworths.media/content/wowproductimages/medium/799093.jpg,2020-09-10 15:57:20,,0,,True
Woolworths Supermarket,Lunch Box,The Happy Snack Company Kids Fav-va Beans Lightly Salted 10x15g,932514,$5.30,$3.53 / 100G,https://www.woolworths.com.au/shop/productdetails/932514/the-happy-snack-company-kids-fav-va-beans-lightly-salted,https://cdn0.woolworths.media/content/wowproductimages/medium/932514.jpg,2020-09-10 15:57:20,Average product rating out of 5: 4.5. Product score is based on 6 ratings,6,,True
Woolworths Supermarket,Lunch Box,The Happy Snack Company Kids Fav-va Beans Pizza 10x15g,932517,$5.30,$3.53 / 100G,https://www.woolworths.com.au/shop/productdetails/932517/the-happy-snack-company-kids-fav-va-beans-pizza,https://cdn0.woolworths.media/content/wowproductimages/medium/932517.jpg,2020-09-10 15:57:20,Average product rating out of 5: 4.0. Product score is based on 7 ratings,7,,True
Woolworths Supermarket,Lunch Box,Just Water Spring Water 500ml x12 case,992303,$18.00,$3.00 / 1L,https://www.woolworths.com.au/shop/productdetails/992303/just-water-spring-water,https://cdn0.woolworths.media/content/wowproductimages/medium/992303.jpg,2020-09-10 15:57:20,,0,,True
Woolworths Supermarket,Lunch Box,Noshu Sugar Free Double Choc Snackles 5 pack,113024,$6.00,$5.45 / 100G,https://www.woolworths.com.au/shop/productdetails/113024/noshu-sugar-free-double-choc-snackles,https://cdn0.woolworths.media/content/wowproductimages/medium/113024.jpg,2020-09-10 15:57:20,,0,,True
Woolworths Supermarket,Lunch Box,Apple Fuji each,120044,$0.96,$0.96 / 1EA,https://www.woolworths.com.au/shop/productdetails/120044/apple-fuji,https://cdn0.woolworths.media/content/wowproductimages/medium/120044.jpg,2020-09-10 15:57:20,,0,,True
Woolworths Supermarket,Lunch Box,Macro Pink Lady Apple Organic 1kg punnet,160888,$7.50,$7.50 / 1KG,https://www.woolworths.com.au/shop/productdetails/160888/macro-pink-lady-apple-organic,https://cdn0.woolworths.media/content/wowproductimages/medium/160888.jpg,2020-09-10 15:57:20,,0,,True
Woolworths Supermarket,Lunch Box,Woolworths Bread Rolls Crusty Jumbo Lunch 6 pack,202563,$2.70,$0.45 / 1EA,https://www.woolworths.com.au/shop/productdetails/202563/woolworths-bread-rolls-crusty-jumbo-lunch,https://cdn0.woolworths.media/content/wowproductimages/medium/202563.jpg,2020-09-10 15:57:20,,0,Was $3.50 19/09/2019,True
Woolworths Supermarket,Lunch Box,Woolworths Hawaiian Jumbo Roll 2 pack,251478,$3.00,$1.50 / 1EA,https://www.woolworths.com.au/shop/productdetails/251478/woolworths-hawaiian-jumbo-roll,https://cdn0.woolworths.media/content/wowproductimages/medium/251478.jpg,2020-09-10 15:57:20,,0,,True
Woolworths Supermarket,Lunch Box,Woolworths Bread Rolls Bacon & Cheese 6 pack,298121,$4.50,$0.75 / 1EA,https://www.woolworths.com.au/shop/productdetails/298121/woolworths-bread-rolls-bacon-cheese,https://cdn0.woolworths.media/content/wowproductimages/medium/298121.jpg,2020-09-10 15:57:20,,0,,True
Woolworths Supermarket,Lunch Box,Woolworths Bun Finger Iced With Rainbow Sprinkles 4 pack,308398,$3.00,$0.75 / 1EA,https://www.woolworths.com.au/shop/productdetails/308398/woolworths-bun-finger-iced-with-rainbow-sprinkles,https://cdn0.woolworths.media/content/wowproductimages/medium/308398.jpg,2020-09-10 15:57:20,,0,Was $4.00 27/04/2020,True
Woolworths Supermarket,Lunch Box,Woolworths Smoked Beef Pastrami Freshly Sliced From The Deli per kg,407559,$26.00,$26.00 / 1KG,https://www.woolworths.com.au/shop/productdetails/407559/woolworths-smoked-beef-pastrami-freshly-sliced-from-the-deli,https://cdn0.woolworths.media/content/wowproductimages/medium/407559.jpg,2020-09-10 15:57:20,,0,,True
Woolworths Supermarket,Lunch Box,D'orsogna 100% Natural Premium Unsmoked Sliced Ham 200g,434114,$6.50,$32.50 / 1KG,https://www.woolworths.com.au/shop/productdetails/434114/d-orsogna-100-natural-premium-unsmoked-sliced-ham,https://cdn0.woolworths.media/content/wowproductimages/medium/434114.jpg,2020-09-10 15:57:20,,0,,True
Woolworths Supermarket,Lunch Box,Woolworths Mini Bread Rolls Soft Hamburger 12 pack,720677,$3.50,$0.29 / 1EA,https://www.woolworths.com.au/shop/productdetails/720677/woolworths-mini-bread-rolls-soft-hamburger,https://cdn0.woolworths.media/content/wowproductimages/medium/720677.jpg,2020-09-10 15:57:20,,0,,True
Woolworths Supermarket,Lunch Box,Macro Mini Organic Apple 1kg,773340,$7.00,$7.00 / 1KG,https://www.woolworths.com.au/shop/productdetails/773340/macro-mini-organic-apple,https://cdn0.woolworths.media/content/wowproductimages/medium/773340.jpg,2020-09-10 15:57:20,,0,,True
Woolworths Supermarket,Lunch Box,Sistema Lunch Cube Max To Go each,777289,$10.00,,https://www.woolworths.com.au/shop/productdetails/777289/sistema-lunch-cube-max-to-go,https://cdn0.woolworths.media/content/wowproductimages/medium/777289.jpg,2020-09-10 15:57:20,,0,Designs may vary,True
Woolworths Supermarket,Lunch Box,Woolworths Apple Fuji 1kg punnet,175709,$5.50,$5.50 / 1KG,https://www.woolworths.com.au/shop/productdetails/175709/woolworths-apple-fuji,https://cdn0.woolworths.media/content/wowproductimages/medium/175709.jpg,2020-09-10 15:57:20,,0,,True
Woolworths Supermarket,Lunch Box,Brita Active Blue Filter Bottle 600ml,442195,$16.00,,https://www.woolworths.com.au/shop/productdetails/442195/brita-active-blue-filter-bottle,https://cdn0.woolworths.media/content/wowproductimages/medium/442195.jpg,2020-09-10 15:57:20,,0,,True
Woolworths Supermarket,Lunch Box,Decor Glass Silicone Bottle 590ml Assorted each,636556,$20.00,,https://www.woolworths.com.au/shop/productdetails/636556/decor-glass-silicone-bottle-590ml-assorted,https://cdn0.woolworths.media/content/wowproductimages/medium/636556.jpg,2020-09-10 15:57:20,,0,Designs may vary,True
Woolworths Supermarket,Lunch Box,Envy Apple 1kg punnet,646356,$6.50,$6.50 / 1KG,https://www.woolworths.com.au/shop/productdetails/646356/envy-apple,https://cdn0.woolworths.media/content/wowproductimages/medium/646356.jpg,2020-09-10 15:57:20,,0,,True
Woolworths Supermarket,Lunch Box,Fresh Josephine Pear 750G PUNNET,668581,$3.50,$4.67 / 1KG,https://www.woolworths.com.au/shop/productdetails/668581/fresh-josephine-pear,https://cdn0.woolworths.media/content/wowproductimages/medium/668581.jpg,2020-09-10 15:57:20,,0,,True
Woolworths Supermarket,Lunch Box,Kanzi Apple 1kg punnet,785544,$6.50,$6.50 / 1KG,https://www.woolworths.com.au/shop/productdetails/785544/kanzi-apple,https://cdn0.woolworths.media/content/wowproductimages/medium/785544.jpg,2020-09-10 15:57:20,,0,,True
Woolworths Supermarket,Lunch Box,Just Veg. Carrot Sticks Multi Pack 300g,440460,$4.00,$13.33 / 1KG,https://www.woolworths.com.au/shop/productdetails/440460/just-veg-carrot-sticks-multi-pack,https://cdn0.woolworths.media/content/wowproductimages/medium/440460.jpg,2020-09-10 15:57:20,,0,,True
Woolworths Supermarket,Lunch Box,Honeydew Large HALF EACH,113616,$2.94,$2.94 / 1EA,https://www.woolworths.com.au/shop/productdetails/113616/honeydew-large,https://cdn0.woolworths.media/content/wowproductimages/medium/113616.jpg,2020-09-10 15:57:20,,0,,True
Woolworths Supermarket,Lunch Box,Woolworths Fresh Carrots 1KG,135369,$1.50,$1.50 / 1KG,https://www.woolworths.com.au/shop/productdetails/135369/woolworths-fresh-carrots,https://cdn0.woolworths.media/content/wowproductimages/medium/135369.jpg,2020-09-10 15:57:20,,0,,True
Woolworths Supermarket,Lunch Box,Hillview Cheese Block 1KG,500187,$8.00,$8.00 / 1KG,https://www.woolworths.com.au/shop/productdetails/500187/hillview-cheese-block,https://cdn0.woolworths.media/content/wowproductimages/medium/500187.jpg,2020-09-10 15:57:20,Average product rating out of 5: 4.5. Product score is based on 66 ratings,66,,True
Woolworths Supermarket,Lunch Box,Driscoll's Fresh Raspberry 125g,165262,$5.50,$44.00 / 1KG,https://www.woolworths.com.au/shop/productdetails/165262/driscoll-s-fresh-raspberry,https://cdn0.woolworths.media/content/wowproductimages/medium/165262.jpg,2020-09-10 15:57:20,,0,,True
Woolworths Supermarket,Lunch Box,Select Truss Cocktail Tomato 250g,747009,$4.50,$18.00 / 1KG,https://www.woolworths.com.au/shop/productdetails/747009/select-truss-cocktail-tomato,https://cdn0.woolworths.media/content/wowproductimages/medium/747009.jpg,2020-09-10 15:57:20,,0,,True
Woolworths Supermarket,Lunch Box,Fresh Tomato each,134034,$0.65,$0.65 / 1EA,https://www.woolworths.com.au/shop/productdetails/134034/fresh-tomato,https://cdn0.woolworths.media/content/wowproductimages/medium/134034.jpg,2020-09-10 15:57:20,,0,,True
Woolworths Supermarket,Lunch Box,Wonder White Hi Fibre Sandwich Slice Bread 700G,332466,$3.40,$0.49 / 100G,https://www.woolworths.com.au/shop/productdetails/332466/wonder-white-hi-fibre-sandwich-slice-bread,https://cdn0.woolworths.media/content/wowproductimages/medium/332466.jpg,2020-09-10 15:57:20,,0,,True
Woolworths Supermarket,Lunch Box,The Odd Bunch Pear Prepacked 1KG,800774,$2.50,$2.50 / 1KG,https://www.woolworths.com.au/shop/productdetails/800774/the-odd-bunch-pear-prepacked,https://cdn0.woolworths.media/content/wowproductimages/medium/800774.jpg,2020-09-10 15:57:20,,0,,True
Woolworths Supermarket,Lunch Box,Woolworths Mini Choc Chip Muffin 8 pack,883004,$3.50,$1.09 / 100G,https://www.woolworths.com.au/shop/productdetails/883004/woolworths-mini-choc-chip-muffin,https://cdn0.woolworths.media/content/wowproductimages/medium/883004.jpg,2020-09-10 15:57:20,Average product rating out of 5: 4.1. Product score is based on 939 ratings,939,,True
Woolworths Supermarket,Lunch Box,Western Star Supersoft Spreadable 500g,199420,$6.00,$1.20 / 100G,https://www.woolworths.com.au/shop/productdetails/199420/western-star-supersoft-spreadable,https://cdn0.woolworths.media/content/wowproductimages/medium/199420.jpg,2020-09-10 15:57:20,,0,,True
Woolworths Supermarket,Lunch Box,Mission Wraps Mini Original 8 pack,320195,$5.00,$1.30 / 100G,https://www.woolworths.com.au/shop/productdetails/320195/mission-wraps-mini-original,https://cdn0.woolworths.media/content/wowproductimages/medium/320195.jpg,2020-09-10 15:57:20,,0,,True
Woolworths Supermarket,Lunch Box,Woolworths Extra Tasty Cheese Block 500g,310238,$6.00,$12.00 / 1KG,https://www.woolworths.com.au/shop/productdetails/310238/woolworths-extra-tasty-cheese-block,https://cdn0.woolworths.media/content/wowproductimages/medium/310238.jpg,2020-09-10 15:57:20,Average product rating out of 5: 4.7. Product score is based on 854 ratings,854,,True
Woolworths Supermarket,Lunch Box,Uncle Tobys Le Snak Tasty Cheese Dip & Crackers 12 pack,248197,$7.60,$2.88 / 100G,https://www.woolworths.com.au/shop/productdetails/248197/uncle-tobys-le-snak-tasty-cheese-dip-crackers,https://cdn0.woolworths.media/content/wowproductimages/medium/248197.jpg,2020-09-10 15:57:20,,0,,True
Woolworths Supermarket,Lunch Box,Woolworths Apple & Blackcurrant Juice 6x250ml,729169,$2.30,$1.53 / 1L,https://www.woolworths.com.au/shop/productdetails/729169/woolworths-apple-blackcurrant-juice,https://cdn0.woolworths.media/content/wowproductimages/medium/729169.jpg,2020-09-10 15:57:20,Average product rating out of 5: 4.4. Product score is based on 330 ratings,330,,True
Woolworths Supermarket,Lunch Box,Coon Cheese Slices Tasty 750g,187899,$10.00,$13.33 / 1KG,https://www.woolworths.com.au/shop/productdetails/187899/coon-cheese-slices-tasty,https://cdn0.woolworths.media/content/wowproductimages/medium/187899.jpg,2020-09-10 15:57:20,,0,Was $12.00 07/07/2020,True
Woolworths Supermarket,Lunch Box,Philadelphia Cream Cheese Spread 250g,079223,$4.70,$18.80 / 1KG,https://www.woolworths.com.au/shop/productdetails/79223/philadelphia-cream-cheese-spread,https://cdn0.woolworths.media/content/wowproductimages/medium/079223.jpg,2020-09-10 15:57:20,,0,,True
Woolworths Supermarket,Lunch Box,Woolworths Mini Banana Muffin 8 pack,607875,$3.50,$1.09 / 100G,https://www.woolworths.com.au/shop/productdetails/607875/woolworths-mini-banana-muffin,https://cdn0.woolworths.media/content/wowproductimages/medium/607875.jpg,2020-09-10 15:57:20,Average product rating out of 5: 4.2. Product score is based on 987 ratings,987,,True
Woolworths Supermarket,Lunch Box,Woolworths Bread Four Seed Loaf 800G,244061,$2.00,$0.25 / 100G,https://www.woolworths.com.au/shop/productdetails/244061/woolworths-bread-four-seed-loaf,https://cdn0.woolworths.media/content/wowproductimages/medium/244061.jpg,2020-09-10 15:57:20,,0,,True
Woolworths Supermarket,Lunch Box,Tip Top Sunblest White Sandwich Bread 650g,019899,$3.00,$0.46 / 100G,https://www.woolworths.com.au/shop/productdetails/19899/tip-top-sunblest-white-sandwich-bread,https://cdn0.woolworths.media/content/wowproductimages/medium/019899.jpg,2020-09-10 15:57:20,,0,,True
Woolworths Supermarket,Lunch Box,Helga's Wholemeal Bread With Grains 850G,075035,$3.90,$0.46 / 100G,https://www.woolworths.com.au/shop/productdetails/75035/helga-s-wholemeal-bread-with-grains,https://cdn0.woolworths.media/content/wowproductimages/medium/075035.jpg,2020-09-10 15:57:20,,0,,True
Woolworths Supermarket,Lunch Box,Uncle Tobys Roll-ups Strawberry Fun Prints 6 pack,324231,$2.00,$2.13 / 100G,https://www.woolworths.com.au/shop/productdetails/324231/uncle-tobys-roll-ups-strawberry-fun-prints,https://cdn0.woolworths.media/content/wowproductimages/medium/324231.jpg,2020-09-10 15:57:20,,0,,True
Woolworths Supermarket,Lunch Box,Woolworths Raspberry Jam 500g,334727,$2.40,$0.48 / 100G,https://www.woolworths.com.au/shop/productdetails/334727/woolworths-raspberry-jam,https://cdn0.woolworths.media/content/wowproductimages/medium/334727.jpg,2020-09-10 15:57:20,Average product rating out of 5: 4.2. Product score is based on 470 ratings,470,,True
Woolworths Supermarket,Lunch Box,Kanzi Apple each,381923,$1.14,$1.14 / 1EA,https://www.woolworths.com.au/shop/productdetails/381923/kanzi-apple,https://cdn0.woolworths.media/content/wowproductimages/medium/381923.jpg,2020-09-10 15:57:20,,0,,True
Woolworths Supermarket,Lunch Box,Brita Active Lime Filter Bottle 600ml,442206,$16.00,,https://www.woolworths.com.au/shop/productdetails/442206/brita-active-lime-filter-bottle,https://cdn0.woolworths.media/content/wowproductimages/medium/442206.jpg,2020-09-10 15:57:20,,0,,True
Woolworths Supermarket,Lunch Box,Perfection Kumato Tomato 300g,663649,$4.50,$15.00 / 1KG,https://www.woolworths.com.au/shop/productdetails/663649/perfection-kumato-tomato,https://cdn0.woolworths.media/content/wowproductimages/medium/663649.jpg,2020-09-10 15:57:20,,0,,True
Woolworths Supermarket,Lunch Box,Woolworths Qukes Baby Cucumbers Punnet 250g,169067,$4.00,$16.00 / 1KG,https://www.woolworths.com.au/shop/productdetails/169067/woolworths-qukes-baby-cucumbers-punnet,https://cdn0.woolworths.media/content/wowproductimages/medium/169067.jpg,2020-09-10 15:57:20,,0,,True
Woolworths Supermarket,Lunch Box,Bega Tasty Cheese Slices 500g,769558,$9.00,$18.00 / 1KG,https://www.woolworths.com.au/shop/productdetails/769558/bega-tasty-cheese-slices,https://cdn0.woolworths.media/content/wowproductimages/medium/769558.jpg,2020-09-10 15:57:20,,0,Was $10.00 06/01/2020,True
Woolworths Supermarket,Lunch Box,Woolworths Single Leaf Baby Spinach 280g,524336,$5.00,$17.86 / 1KG,https://www.woolworths.com.au/shop/productdetails/524336/woolworths-single-leaf-baby-spinach,https://cdn0.woolworths.media/content/wowproductimages/medium/524336.jpg,2020-09-10 15:57:20,Average product rating out of 5: 4.8. Product score is based on 532 ratings,532,,True
Woolworths Supermarket,Lunch Box,Woolworths Cherry Tomatoes 250g,149620,$3.50,$14.00 / 1KG,https://www.woolworths.com.au/shop/productdetails/149620/woolworths-cherry-tomatoes,https://cdn0.woolworths.media/content/wowproductimages/medium/149620.jpg,2020-09-10 15:57:20,,0,,True
Woolworths Supermarket,Lunch Box,Fresh Strawberry 250G,144607,$1.50,$6.00 / 1KG,https://www.woolworths.com.au/shop/productdetails/144607/fresh-strawberry,https://cdn0.woolworths.media/content/wowproductimages/medium/144607.jpg,2020-09-10 15:57:20,,0,,True
Woolworths Supermarket,Lunch Box,Select Fresh Pink Lady Apples 1kg,310968,$4.90,$4.90 / 1KG,https://www.woolworths.com.au/shop/productdetails/310968/select-fresh-pink-lady-apples,https://cdn0.woolworths.media/content/wowproductimages/medium/310968.jpg,2020-09-10 15:57:20,,0,,True
Woolworths Supermarket,Lunch Box,Woolworths Spring Water 24x600ml pack,696782,$6.00,$0.42 / 1L,https://www.woolworths.com.au/shop/productdetails/696782/woolworths-spring-water,https://cdn0.woolworths.media/content/wowproductimages/medium/696782.jpg,2020-09-10 15:57:20,,0,,True
Woolworths Supermarket,Lunch Box,Fresh Blueberries 125g,169792,$2.50,$20.00 / 1KG,https://www.woolworths.com.au/shop/productdetails/169792/fresh-blueberries,https://cdn0.woolworths.media/content/wowproductimages/medium/169792.jpg,2020-09-10 15:57:20,,0,,True
Woolworths Supermarket,Lunch Box,Select Continental Cucumbers each,137102,$3.00,,https://www.woolworths.com.au/shop/productdetails/137102/select-continental-cucumbers,https://cdn0.woolworths.media/content/wowproductimages/medium/137102.jpg,2020-09-10 15:57:20,,0,,True
Woolworths Supermarket,Lunch Box,Woolworths Solanato Tomato 200g,727144,$3.50,$17.50 / 1KG,https://www.woolworths.com.au/shop/productdetails/727144/woolworths-solanato-tomato,https://cdn0.woolworths.media/content/wowproductimages/medium/727144.jpg,2020-09-10 15:57:20,Average product rating out of 5: 4.7. Product score is based on 465 ratings,465,,True
Woolworths Supermarket,Lunch Box,Fresh Pink Lady Apples each,105919,$0.97,$0.97 / 1EA,https://www.woolworths.com.au/shop/productdetails/105919/fresh-pink-lady-apples,https://cdn0.woolworths.media/content/wowproductimages/medium/105919.jpg,2020-09-10 15:57:20,,0,,True
Woolworths Supermarket,Lunch Box,Woolworths Red Seedless Watermelon Quarter Each,120384,$6.63,$6.63 / 1KG,https://www.woolworths.com.au/shop/productdetails/120384/woolworths-red-seedless-watermelon-quarter,https://cdn0.woolworths.media/content/wowproductimages/medium/120384.jpg,2020-09-10 15:57:20,,0,,True
Woolworths Supermarket,Lunch Box,Hass Avocado each,120080,$3.00,$3.00 / 1EA,https://www.woolworths.com.au/shop/productdetails/120080/hass-avocado,https://cdn0.woolworths.media/content/wowproductimages/medium/120080.jpg,2020-09-10 15:57:20,,0,,True
Woolworths Supermarket,Lunch Box,Iceberg Lettuce each,154340,$2.90,$2.90 / 1EA,https://www.woolworths.com.au/shop/productdetails/154340/iceberg-lettuce,https://cdn0.woolworths.media/content/wowproductimages/medium/154340.jpg,2020-09-10 15:57:20,,0,,True
Woolworths Supermarket,Lunch Box,Woolworths Baby Leaf Spinach 120g,524322,$3.00,$25.00 / 1KG,https://www.woolworths.com.au/shop/productdetails/524322/woolworths-baby-leaf-spinach,https://cdn0.woolworths.media/content/wowproductimages/medium/524322.jpg,2020-09-10 15:57:20,Average product rating out of 5: 4.7. Product score is based on 2842 ratings,2842,,True
Woolworths Supermarket,Lunch Box,Fresh Tomato each,134034,$0.65,$0.65 / 1EA,https://www.woolworths.com.au/shop/productdetails/134034/fresh-tomato,https://cdn0.woolworths.media/content/wowproductimages/medium/134034.jpg,2020-09-10 15:57:20,,0,,True
Woolworths Supermarket,Lunch Box,Woolworths Fresh Carrots 1KG,135369,$1.50,$1.50 / 1KG,https://www.woolworths.com.au/shop/productdetails/135369/woolworths-fresh-carrots,https://cdn0.woolworths.media/content/wowproductimages/medium/135369.jpg,2020-09-10 15:57:20,,0,,True
Woolworths Supermarket,Lunch Box,Western Star Original Spreadable 500g,069756,$6.00,$1.20 / 100G,https://www.woolworths.com.au/shop/productdetails/69756/western-star-original-spreadable,https://cdn0.woolworths.media/content/wowproductimages/medium/069756.jpg,2020-09-10 15:57:20,,0,,True
Woolworths Supermarket,Lunch Box,Hillview Cheese Block 1KG,500187,$8.00,$8.00 / 1KG,https://www.woolworths.com.au/shop/productdetails/500187/hillview-cheese-block,https://cdn0.woolworths.media/content/wowproductimages/medium/500187.jpg,2020-09-10 15:57:20,Average product rating out of 5: 4.5. Product score is based on 66 ratings,66,,True
Woolworths Supermarket,Lunch Box,Cavendish Bananas EACH,133211,$0.54,$0.54 / 1KG,https://www.woolworths.com.au/shop/productdetails/133211/cavendish-bananas,https://cdn0.woolworths.media/content/wowproductimages/medium/133211.jpg,2020-09-10 15:57:20,,0,,True
