id,supermarket,category,product_name,product_id,price,cup_price,product_url,img_url,viewed_date,ratings,rating_count,product_specials,available_in_stock
267062b2-57c9-4b25-a78a-72f7c1776d73,Woolworths Supermarket,"Meat, Seafood & Deli",Tasmanian Heritage Camembert Cheese 125g,002205,$4.00,$32.00 / 1KG,https://www.woolworths.com.au/shop/productdetails/2205/tasmanian-heritage-camembert-cheese,https://cdn0.woolworths.media/content/wowproductimages/medium/002205.jpg,2020-09-21 19:17:24,,0,,True
25456436-99c5-4fa7-a44a-a27ab01c5017,Woolworths Supermarket,"Meat, Seafood & Deli",Woolworths Rspca Approved Chicken Stirfry 500g,002841,$8.50,$17.00 / 1KG,https://www.woolworths.com.au/shop/productdetails/2841/woolworths-rspca-approved-chicken-stirfry,https://cdn0.woolworths.media/content/wowproductimages/medium/002841.jpg,2020-09-21 19:17:24,,0,,True
8732b67c-84aa-4690-8aa4-027b499445e6,Woolworths Supermarket,"Meat, Seafood & Deli",Dodoni Greek Fetta Cheese per kg,003122,$29.00,$29.00 / 1KG,https://www.woolworths.com.au/shop/productdetails/3122/dodoni-greek-fetta-cheese,https://cdn0.woolworths.media/content/wowproductimages/medium/003122.jpg,2020-09-21 19:17:24,,0,,True
d409b591-f2c9-4245-8af8-088b50730fe7,Woolworths Supermarket,"Meat, Seafood & Deli",Ocean Chef Steamed Fish Fillets Olive Oil Garlic & Herbs 350g,005268,$5.00,$14.29 / 1KG,https://www.woolworths.com.au/shop/productdetails/5268/ocean-chef-steamed-fish-fillets-olive-oil-garlic-herbs,https://cdn0.woolworths.media/content/wowproductimages/medium/005268.jpg,2020-09-21 19:17:24,,0,,True
23026bf5-7c7a-4f37-878b-5364ec126e5f,Woolworths Supermarket,"Meat, Seafood & Deli",Ocean Chef Flathead In Crunchy Batter 500g,005371,$10.00,$20.00 / 1KG,https://www.woolworths.com.au/shop/productdetails/5371/ocean-chef-flathead-in-crunchy-batter,https://cdn0.woolworths.media/content/wowproductimages/medium/005371.jpg,2020-09-21 19:17:24,,0,,True
ee420849-2b90-4521-98a8-d19e00552806,Woolworths Supermarket,"Meat, Seafood & Deli",Ocean Chef Lightly Seasoned Squid Chip 360g,005400,$4.00,$11.11 / 1KG,https://www.woolworths.com.au/shop/productdetails/5400/ocean-chef-lightly-seasoned-squid-chip,https://cdn0.woolworths.media/content/wowproductimages/medium/005400.jpg,2020-09-21 19:17:24,,0,,True
e8fe4178-11ec-40b9-b883-c43444346842,Woolworths Supermarket,"Meat, Seafood & Deli",King Island Phoques Cove Camembert Cheese 200g,006576,$12.60,$63.00 / 1KG,https://www.woolworths.com.au/shop/productdetails/6576/king-island-phoques-cove-camembert-cheese,https://cdn0.woolworths.media/content/wowproductimages/medium/006576.jpg,2020-09-21 19:17:24,,0,,True
6f48e892-a391-44ad-9e4e-e40b2161dce5,Woolworths Supermarket,"Meat, Seafood & Deli",Woolworths Marinated Danish Fetta per kg,008237,$21.00,$21.00 / 1KG,https://www.woolworths.com.au/shop/productdetails/8237/woolworths-marinated-danish-fetta,https://cdn0.woolworths.media/content/wowproductimages/medium/008237.jpg,2020-09-21 19:17:24,,0,,True
d73d8732-cb1b-47e1-b69d-f54d3e20b742,Woolworths Supermarket,"Meat, Seafood & Deli",Bertocchi Sopressa Salami Hot Sliced From The Deli per kg,014627,$33.00,$33.00 / 1KG,https://www.woolworths.com.au/shop/productdetails/14627/bertocchi-sopressa-salami-hot-sliced-from-the-deli,https://cdn0.woolworths.media/content/wowproductimages/medium/014627.jpg,2020-09-21 19:17:24,,0,,True
40a23715-c111-4686-9e33-c14818a84b7e,Woolworths Supermarket,"Meat, Seafood & Deli",Bertocchi Sopressa Salami Mild Sliced From The Deli per kg,014663,$33.00,$33.00 / 1KG,https://www.woolworths.com.au/shop/productdetails/14663/bertocchi-sopressa-salami-mild-sliced-from-the-deli,https://cdn0.woolworths.media/content/wowproductimages/medium/014663.jpg,2020-09-21 19:17:24,,0,,True
f855b089-ee12-4721-966c-7d2b4810589c,Woolworths Supermarket,"Meat, Seafood & Deli",Bertocchi Mortadella Plain Sliced From The Deli per kg,014812,$13.50,$13.50 / 1KG,https://www.woolworths.com.au/shop/productdetails/14812/bertocchi-mortadella-plain-sliced-from-the-deli,https://cdn0.woolworths.media/content/wowproductimages/medium/014812.jpg,2020-09-21 19:17:24,,0,,True
d5d42d00-a3fe-4b16-a7b0-0d915ab7cbb2,Woolworths Supermarket,"Meat, Seafood & Deli",Huon Tasmanian Smoked Salmon Cold Smoked 100g,015397,$8.50,$85.00 / 1KG,https://www.woolworths.com.au/shop/productdetails/15397/huon-tasmanian-smoked-salmon-cold-smoked,https://cdn0.woolworths.media/content/wowproductimages/medium/015397.jpg,2020-09-21 19:17:24,,0,,True
6b40f99e-86b6-426e-8d7c-bfad154a35e4,Woolworths Supermarket,"Meat, Seafood & Deli",Ingham's Chicken Breast Supreme Sliced From The Deli per kg,016349,$19.00,$19.00 / 1KG,https://www.woolworths.com.au/shop/productdetails/16349/ingham-s-chicken-breast-supreme-sliced-from-the-deli,https://cdn0.woolworths.media/content/wowproductimages/medium/016349.jpg,2020-09-21 19:17:24,,0,Was $20.00 07/10/2019,True
73a0a05a-57b2-4533-a5f2-d7203167514c,Woolworths Supermarket,"Meat, Seafood & Deli",Mersey Valley Cheddar Cheese Smoky Bacon Flavour 235g,016490,$5.50,$23.40 / 1KG,https://www.woolworths.com.au/shop/productdetails/16490/mersey-valley-cheddar-cheese-smoky-bacon-flavour,https://cdn0.woolworths.media/content/wowproductimages/medium/016490.jpg,2020-09-21 19:17:24,,0,,True
60f59c8c-22d4-437b-b4df-55d93fe6f462,Woolworths Supermarket,"Meat, Seafood & Deli",Edgell Hash Brown each,017679,$0.50,$0.50 / 1EA,https://www.woolworths.com.au/shop/productdetails/17679/edgell-hash-brown,https://cdn0.woolworths.media/content/wowproductimages/medium/017679.jpg,2020-09-21 19:17:24,,0,,True
2b540a26-13a3-4e86-8062-ce6caf813cc7,Woolworths Supermarket,"Meat, Seafood & Deli",Norfolk Bay Natural Wood Smoked Prawns 120g,018181,$9.00,$75.00 / 1KG,https://www.woolworths.com.au/shop/productdetails/18181/norfolk-bay-natural-wood-smoked-prawns,https://cdn0.woolworths.media/content/wowproductimages/medium/018181.jpg,2020-09-21 19:17:24,,0,,True
e5c3507f-d9ec-463d-b6ab-5f4b5784176f,Woolworths Supermarket,"Meat, Seafood & Deli",South Cape Marinated Fetta 350g,019115,$10.00,$28.57 / 1KG,https://www.woolworths.com.au/shop/productdetails/19115/south-cape-marinated-fetta,https://cdn0.woolworths.media/content/wowproductimages/medium/019115.jpg,2020-09-21 19:17:24,,0,Was $12.50 22/03/2018,True
7b86f9f5-1c32-479d-a23e-f99d999d0263,Woolworths Supermarket,"Meat, Seafood & Deli",Just Caught Pollock Fillets Skin On 1kg,019323,$10.00,$10.00 / 1KG,https://www.woolworths.com.au/shop/productdetails/19323/just-caught-pollock-fillets-skin-on,https://cdn0.woolworths.media/content/wowproductimages/medium/019323.jpg,2020-09-21 19:17:24,,0,,True
ad2f0159-e572-4701-9c81-2cedb9d165c5,Woolworths Supermarket,"Meat, Seafood & Deli",Perfect Italiano Original Smooth Ricotta 500g,019682,$6.25,$12.50 / 1KG,https://www.woolworths.com.au/shop/productdetails/19682/perfect-italiano-original-smooth-ricotta,https://cdn0.woolworths.media/content/wowproductimages/medium/019682.jpg,2020-09-21 19:17:24,,0,,True
07abfca4-02e7-4012-898e-383369f243f3,Woolworths Supermarket,"Meat, Seafood & Deli",Safcol Tapas Chilean Mussels In Spanish Escabeche Style Sauce 105g,020923,$3.00,$28.57 / 1KG,https://www.woolworths.com.au/shop/productdetails/20923/safcol-tapas-chilean-mussels-in-spanish-escabeche-style-sauce,https://cdn0.woolworths.media/content/wowproductimages/medium/020923.jpg,2020-09-21 19:17:24,,0,,True
300756f7-7bd3-40a6-ac31-21c47851763e,Woolworths Supermarket,"Meat, Seafood & Deli",Safcol Tapas Chilean Mussels In Spanish Galician Style Sauce 105g,020933,$3.00,$28.57 / 1KG,https://www.woolworths.com.au/shop/productdetails/20933/safcol-tapas-chilean-mussels-in-spanish-galician-style-sauce,https://cdn0.woolworths.media/content/wowproductimages/medium/020933.jpg,2020-09-21 19:17:24,,0,,True
cde939e5-8c7f-418f-9744-4b936ac0a548,Woolworths Supermarket,"Meat, Seafood & Deli",Maggie Beer Ash Triple Cream Brie 200g,023975,$7.00,$35.00 / 1KG,https://www.woolworths.com.au/shop/productdetails/23975/maggie-beer-ash-triple-cream-brie,https://cdn0.woolworths.media/content/wowproductimages/medium/023975.jpg,2020-09-21 19:17:24,,0,,True
fb3fb1d7-053f-4a38-ab26-08ffba542f44,Woolworths Supermarket,"Meat, Seafood & Deli",Snowdonia Black Bomber Cheddar 150g,024329,$8.50,$56.67 / 1KG,https://www.woolworths.com.au/shop/productdetails/24329/snowdonia-black-bomber-cheddar,https://cdn0.woolworths.media/content/wowproductimages/medium/024329.jpg,2020-09-21 19:17:24,,0,,True
de7e30b1-4863-4eb7-8c51-8854b9518e68,Woolworths Supermarket,"Meat, Seafood & Deli",Snowdonia Red Storm Red Leicester 150g,024358,$8.50,$56.67 / 1KG,https://www.woolworths.com.au/shop/productdetails/24358/snowdonia-red-storm-red-leicester,https://cdn0.woolworths.media/content/wowproductimages/medium/024358.jpg,2020-09-21 19:17:24,,0,,True
9f8035e3-434c-42ac-b513-62f0ceffced6,Woolworths Supermarket,"Meat, Seafood & Deli",Snowdonia Beechwood Smoked Cheddar 150g,024361,$8.50,$56.67 / 1KG,https://www.woolworths.com.au/shop/productdetails/24361/snowdonia-beechwood-smoked-cheddar,https://cdn0.woolworths.media/content/wowproductimages/medium/024361.jpg,2020-09-21 19:17:24,,0,,True
a8b126da-50b1-4935-b930-72768d745c20,Woolworths Supermarket,"Meat, Seafood & Deli",Woolworths Cook Chicken Drumsticks Sweet & Smokey Bbq Glaze 1.4kg,024563,$9.50,$6.79 / 1KG,https://www.woolworths.com.au/shop/productdetails/24563/woolworths-cook-chicken-drumsticks-sweet-smokey-bbq-glaze,https://cdn0.woolworths.media/content/wowproductimages/medium/024563.jpg,2020-09-21 19:17:24,Average product rating out of 5: 4.3. Product score is based on 319 ratings,319,,True
bb1b0d0a-36ad-4410-b77b-11873d6b2365,Woolworths Supermarket,"Meat, Seafood & Deli",Primo Danish Salami Mild Shaved From The Deli per kg,025260,$30.00,$30.00 / 1KG,https://www.woolworths.com.au/shop/productdetails/25260/primo-danish-salami-mild-shaved-from-the-deli,https://cdn0.woolworths.media/content/wowproductimages/medium/025260.jpg,2020-09-21 19:17:24,,0,,True
d645f9d4-f942-41b5-b0c9-f8d2b17bfcad,Woolworths Supermarket,"Meat, Seafood & Deli",Luv-a-duck Confit Duck Legs 500g,025426,$14.00,$28.00 / 1KG,https://www.woolworths.com.au/shop/productdetails/25426/luv-a-duck-confit-duck-legs,https://cdn0.woolworths.media/content/wowproductimages/medium/025426.jpg,2020-09-21 19:17:24,,0,,True
1482dc55-a360-4a82-940d-b9ede72a9df2,Woolworths Supermarket,"Meat, Seafood & Deli",Woolworths Honey Mustard Pasta Salad 400g,025845,$5.00,$1.25 / 100G,https://www.woolworths.com.au/shop/productdetails/25845/woolworths-honey-mustard-pasta-salad,https://cdn0.woolworths.media/content/wowproductimages/medium/025845.jpg,2020-09-21 19:17:24,Average product rating out of 5: 3.6. Product score is based on 430 ratings,430,,True
de968f83-8a72-4169-81b0-ec4ebcbf958f,Woolworths Supermarket,"Meat, Seafood & Deli",Woolworths Vegan Sweet Potato And Potato Salad 400g,025851,$5.00,$1.25 / 100G,https://www.woolworths.com.au/shop/productdetails/25851/woolworths-vegan-sweet-potato-and-potato-salad,https://cdn0.woolworths.media/content/wowproductimages/medium/025851.jpg,2020-09-21 19:17:24,Average product rating out of 5: 3.6. Product score is based on 243 ratings,243,,True
3735eaa9-e266-45a3-b24a-193bd29b0128,Woolworths Supermarket,"Meat, Seafood & Deli",Ingham's Oven Roasted Turkey Breast Shaved From The Deli per kg,027316,$28.00,$28.00 / 1KG,https://www.woolworths.com.au/shop/productdetails/27316/ingham-s-oven-roasted-turkey-breast-shaved-from-the-deli,https://cdn0.woolworths.media/content/wowproductimages/medium/027316.jpg,2020-09-21 19:17:24,,0,,True
af2b9e74-3bf3-4ad9-b7de-5ce2d6f6a153,Woolworths Supermarket,"Meat, Seafood & Deli",Tibaldi Signature Ham Off The Bone 120g,027566,$4.00,$33.33 / 1KG,https://www.woolworths.com.au/shop/productdetails/27566/tibaldi-signature-ham-off-the-bone,https://cdn0.woolworths.media/content/wowproductimages/medium/027566.jpg,2020-09-21 19:17:24,,0,,True
8d9b9499-ab76-4a91-a19d-3b56a19349bd,Woolworths Supermarket,"Meat, Seafood & Deli",South Cape Camembert Cheese 200g,028123,$5.99,$29.95 / 1KG,https://www.woolworths.com.au/shop/productdetails/28123/south-cape-camembert-cheese,https://cdn0.woolworths.media/content/wowproductimages/medium/028123.jpg,2020-09-21 19:17:24,,0,,True
75066a31-667d-4c34-80c8-ceb53e0a41de,Woolworths Supermarket,"Meat, Seafood & Deli",Mil Lel Parmesan Cheese 250g,029050,$7.75,$31.00 / 1KG,https://www.woolworths.com.au/shop/productdetails/29050/mil-lel-parmesan-cheese,https://cdn0.woolworths.media/content/wowproductimages/medium/029050.jpg,2020-09-21 19:17:24,,0,,True
f9490511-0f82-4591-a1da-c590f0c2228b,Woolworths Supermarket,"Meat, Seafood & Deli",Melbourne Cheese Company Fetta Garlic & Herbs 250g,029121,$7.00,$28.00 / 1KG,https://www.woolworths.com.au/shop/productdetails/29121/melbourne-cheese-company-fetta-garlic-herbs,https://cdn0.woolworths.media/content/wowproductimages/medium/029121.jpg,2020-09-21 19:17:24,,0,,True
8a3e1e04-9dd0-4a76-b4b2-4634da98d5c5,Woolworths Supermarket,"Meat, Seafood & Deli",Tassal Premium Tasmanian Smoked Salmon Slices 100g,029637,$6.50,$65.00 / 1KG,https://www.woolworths.com.au/shop/productdetails/29637/tassal-premium-tasmanian-smoked-salmon-slices,https://cdn0.woolworths.media/content/wowproductimages/medium/029637.jpg,2020-09-21 19:17:24,,0,,True
152864e6-5af4-4f8c-9120-c0b104b46242,Woolworths Supermarket,"Meat, Seafood & Deli",Normandie Pate Chicken With Cognac 150g,030035,$4.50,$30.00 / 1KG,https://www.woolworths.com.au/shop/productdetails/30035/normandie-pate-chicken-with-cognac,https://cdn0.woolworths.media/content/wowproductimages/medium/030035.jpg,2020-09-21 19:17:24,,0,,True
aee10844-efea-4616-8a61-2503cc03eac5,Woolworths Supermarket,"Meat, Seafood & Deli",Melbourne Cheese Company Persian Fetta 250g,031165,$7.00,$28.00 / 1KG,https://www.woolworths.com.au/shop/productdetails/31165/melbourne-cheese-company-persian-fetta,https://cdn0.woolworths.media/content/wowproductimages/medium/031165.jpg,2020-09-21 19:17:24,,0,,True
3e52f455-bce0-4625-86c1-b228bc295ddc,Woolworths Supermarket,"Meat, Seafood & Deli",Castello Cream Cheese Chive & Spring Onion 125g,033775,$5.00,$40.00 / 1KG,https://www.woolworths.com.au/shop/productdetails/33775/castello-cream-cheese-chive-spring-onion,https://cdn0.woolworths.media/content/wowproductimages/medium/033775.jpg,2020-09-21 19:17:24,,0,,True
dba48108-66a2-42cf-a2e7-500144776c59,Woolworths Supermarket,"Meat, Seafood & Deli",Castello Tropical Fruit And Almond Cream Cheese 125g,033782,$5.00,$40.00 / 1KG,https://www.woolworths.com.au/shop/productdetails/33782/castello-tropical-fruit-and-almond-cream-cheese,https://cdn0.woolworths.media/content/wowproductimages/medium/033782.jpg,2020-09-21 19:17:24,,0,,True
0737a791-3da9-4e32-af8c-a7c577580381,Woolworths Supermarket,"Meat, Seafood & Deli",Ingham's Roll Chicken 250g,033857,$3.45,$13.80 / 1KG,https://www.woolworths.com.au/shop/productdetails/33857/ingham-s-roll-chicken,https://cdn0.woolworths.media/content/wowproductimages/medium/033857.jpg,2020-09-21 19:17:24,,0,,True
a3dbaa36-dd42-4f99-ba6a-04f66095b5d3,Woolworths Supermarket,"Meat, Seafood & Deli",Don Ham Leg Honey Roasted Shaved 250g,036899,$6.40,$25.60 / 1KG,https://www.woolworths.com.au/shop/productdetails/36899/don-ham-leg-honey-roasted-shaved,https://cdn0.woolworths.media/content/wowproductimages/medium/036899.jpg,2020-09-21 19:17:24,,0,,True
3e38a92a-1829-4410-899b-c2bb012e296d,Woolworths Supermarket,"Meat, Seafood & Deli",Don Ham Leg Double Smoked Shaved 250g,036976,$6.40,$25.60 / 1KG,https://www.woolworths.com.au/shop/productdetails/36976/don-ham-leg-double-smoked-shaved,https://cdn0.woolworths.media/content/wowproductimages/medium/036976.jpg,2020-09-21 19:17:24,,0,,True
20fe3811-da29-47d5-a0c7-3462cf93461d,Woolworths Supermarket,"Meat, Seafood & Deli",Don English Style Thinly Sliced Leg Ham 250g,037058,$6.40,$25.60 / 1KG,https://www.woolworths.com.au/shop/productdetails/37058/don-english-style-thinly-sliced-leg-ham,https://cdn0.woolworths.media/content/wowproductimages/medium/037058.jpg,2020-09-21 19:17:24,,0,,True
8cb3f651-f9d6-47fc-84ca-1ddd71559d25,Woolworths Supermarket,"Meat, Seafood & Deli",Woolworths Herb Green Olives Halves 120g,039756,$3.50,$2.92 / 100G,https://www.woolworths.com.au/shop/productdetails/39756/woolworths-herb-green-olives-halves,https://cdn0.woolworths.media/content/wowproductimages/medium/039756.jpg,2020-09-21 19:17:24,,0,,True
05f0fd5c-6942-434f-bfee-5fe25c77d818,Woolworths Supermarket,"Meat, Seafood & Deli",Woolworths Pitted Kalamata Olives With Italian Vinegar 110g,039758,$3.50,$3.18 / 100G,https://www.woolworths.com.au/shop/productdetails/39758/woolworths-pitted-kalamata-olives-with-italian-vinegar,https://cdn0.woolworths.media/content/wowproductimages/medium/039758.jpg,2020-09-21 19:17:24,,0,,True
a839a40d-7729-45d6-aeb4-08a79f4e6f46,Woolworths Supermarket,"Meat, Seafood & Deli",Woolworths Green Olives With Lemon & Herbs 110g,039759,$3.50,$3.18 / 100G,https://www.woolworths.com.au/shop/productdetails/39759/woolworths-green-olives-with-lemon-herbs,https://cdn0.woolworths.media/content/wowproductimages/medium/039759.jpg,2020-09-21 19:17:24,,0,,True
51021d36-385e-43dd-beca-a358a9223ddf,Woolworths Supermarket,"Meat, Seafood & Deli",Woolworths Semi Dried Tomatoes In Mediterranean Herbs 135g,039760,$3.50,$2.59 / 100G,https://www.woolworths.com.au/shop/productdetails/39760/woolworths-semi-dried-tomatoes-in-mediterranean-herbs,https://cdn0.woolworths.media/content/wowproductimages/medium/039760.jpg,2020-09-21 19:17:24,,0,,True
73bf11fb-e6cd-4725-8f4c-f08999b4124d,Woolworths Supermarket,"Meat, Seafood & Deli",Woolworths Market Value Thin Sausage 1.8kg,824100,$9.00,$5.00 / 1KG,https://www.woolworths.com.au/shop/productdetails/824100/woolworths-market-value-thin-sausage,https://cdn0.woolworths.media/content/wowproductimages/medium/824100.jpg,2020-09-21 19:17:24,Average product rating out of 5: 4.3. Product score is based on 12 ratings,12,Was $11.00 11/02/2020,True
79c8c70c-f9ae-4b6e-ac93-e38430760745,Woolworths Supermarket,"Meat, Seafood & Deli",Ocean Blue Smoked Salmon 300g,365407,$12.50,$41.67 / 1KG,https://www.woolworths.com.au/shop/productdetails/365407/ocean-blue-smoked-salmon,https://cdn0.woolworths.media/content/wowproductimages/medium/365407.jpg,2020-09-21 19:17:24,,0,,True
f4d288c6-dd8d-40db-8b76-0eacba389202,Woolworths Supermarket,"Meat, Seafood & Deli",Woolworths Beef Sausage 600g,820196,$5.50,$9.17 / 1KG,https://www.woolworths.com.au/shop/productdetails/820196/woolworths-beef-sausage,https://cdn0.woolworths.media/content/wowproductimages/medium/820196.jpg,2020-09-21 19:17:24,,0,2 for $10.00 $8.33/1KG,True
29dcc5d9-3d5e-481d-b962-8276a852992d,Woolworths Supermarket,"Meat, Seafood & Deli",Primo Short Cut Bacon 750g,235782,$11.00,$14.67 / 1KG,https://www.woolworths.com.au/shop/productdetails/235782/primo-short-cut-bacon,https://cdn0.woolworths.media/content/wowproductimages/medium/235782.jpg,2020-09-21 19:17:24,,0,,True
53a56c1c-52f7-474a-85c0-6323d3eac8e3,Woolworths Supermarket,"Meat, Seafood & Deli",Woolworths Beef Mince 1kg,577864,$11.00,$11.00 / 1KG,https://www.woolworths.com.au/shop/productdetails/577864/woolworths-beef-mince,https://cdn0.woolworths.media/content/wowproductimages/medium/577864.jpg,2020-09-21 19:17:24,,0,,True
b01f4f8e-6475-47ff-95f2-a4e839c898a2,Woolworths Supermarket,"Meat, Seafood & Deli",D'orsogna Triple Smoked Leg Ham 97% Fat Free Shaved From The Deli per kg,175734,$19.00,$19.00 / 1KG,https://www.woolworths.com.au/shop/productdetails/175734/d-orsogna-triple-smoked-leg-ham-97-fat-free-shaved-from-the-deli,https://cdn0.woolworths.media/content/wowproductimages/medium/175734.jpg,2020-09-21 19:17:24,,0,,True
6cdf97f2-d29d-4ba6-8b0a-47486ed797a6,Woolworths Supermarket,"Meat, Seafood & Deli",Macro Chicken Drumsticks Free Range 650g - 1.2kg,764857,$6.60,$5.50 / 1KG,https://www.woolworths.com.au/shop/productdetails/764857/macro-chicken-drumsticks-free-range,https://cdn0.woolworths.media/content/wowproductimages/medium/764857.jpg,2020-09-21 19:17:24,,0,,True
22667dc2-3964-40e6-bfe8-0f1812756276,Woolworths Supermarket,"Meat, Seafood & Deli",Woolworths Beef Oyster Blade Steak 600g,675479,$12.00,$20.00 / 1KG,https://www.woolworths.com.au/shop/productdetails/675479/woolworths-beef-oyster-blade-steak,https://cdn0.woolworths.media/content/wowproductimages/medium/675479.jpg,2020-09-21 19:17:24,,0,,True
f2c52eba-bc56-424e-939c-894dce747d53,Woolworths Supermarket,"Meat, Seafood & Deli",Woolworths Beef Stir Fry 500g,531015,$10.00,$20.00 / 1KG,https://www.woolworths.com.au/shop/productdetails/531015/woolworths-beef-stir-fry,https://cdn0.woolworths.media/content/wowproductimages/medium/531015.jpg,2020-09-21 19:17:24,,0,,True
7cf87c80-d5b2-449e-b460-69e1a65025a8,Woolworths Supermarket,"Meat, Seafood & Deli",Woolworths Heart Smart Extra Lean Beef Mince 500g,577860,$8.50,$17.00 / 1KG,https://www.woolworths.com.au/shop/productdetails/577860/woolworths-heart-smart-extra-lean-beef-mince,https://cdn0.woolworths.media/content/wowproductimages/medium/577860.jpg,2020-09-21 19:17:24,Average product rating out of 5: 4.6. Product score is based on 462 ratings,462,,True
59113f52-953b-4fab-8a64-6f64f0c5606a,Woolworths Supermarket,"Meat, Seafood & Deli",Macro Chicken Tenderloins Free Range 450g - 750g,700279,$14.63,$19.50 / 1KG,https://www.woolworths.com.au/shop/productdetails/700279/macro-chicken-tenderloins-free-range,https://cdn0.woolworths.media/content/wowproductimages/medium/700279.jpg,2020-09-21 19:17:24,,0,,True
afa34bf0-26bd-463f-b9f1-f2f30c97127f,Woolworths Supermarket,"Meat, Seafood & Deli",Macro Chicken Breast Fillets Free Range 700g - 1.3kg,700228,$18.20,$14.00 / 1KG,https://www.woolworths.com.au/shop/productdetails/700228/macro-chicken-breast-fillets-free-range,https://cdn0.woolworths.media/content/wowproductimages/medium/700228.jpg,2020-09-21 19:17:24,,0,,True
32c57909-5823-43a0-bda9-1cad0c5605f6,Woolworths Supermarket,"Meat, Seafood & Deli",Woolworths Lean Beef Mince 500g,577861,$7.50,$15.00 / 1KG,https://www.woolworths.com.au/shop/productdetails/577861/woolworths-lean-beef-mince,https://cdn0.woolworths.media/content/wowproductimages/medium/577861.jpg,2020-09-21 19:17:24,,0,,True
a31b5c78-c10a-4671-bb31-3b63cdd169df,Woolworths Supermarket,"Meat, Seafood & Deli",Macro Chicken Wing Nibbles Free Range 500g - 900g,700269,$7.65,$8.50 / 1KG,https://www.woolworths.com.au/shop/productdetails/700269/macro-chicken-wing-nibbles-free-range,https://cdn0.woolworths.media/content/wowproductimages/medium/700269.jpg,2020-09-21 19:17:24,,0,,True
df9cbec6-a32e-4b8b-8f68-d773d691a976,Woolworths Supermarket,"Meat, Seafood & Deli",Woolworths Beef Mince 500g,577863,$6.00,$12.00 / 1KG,https://www.woolworths.com.au/shop/productdetails/577863/woolworths-beef-mince,https://cdn0.woolworths.media/content/wowproductimages/medium/577863.jpg,2020-09-21 19:17:24,,0,,True
3606de42-95cf-43e0-80cf-701e5deb9052,Woolworths Supermarket,"Meat, Seafood & Deli",Ingham's Turkey Mince 500g,310742,$6.00,$12.00 / 1KG,https://www.woolworths.com.au/shop/productdetails/310742/ingham-s-turkey-mince,https://cdn0.woolworths.media/content/wowproductimages/medium/310742.jpg,2020-09-21 19:17:24,,0,2 for $11.00,True
dc68aa11-7046-4638-9c35-d9ebaf7495e6,Woolworths Supermarket,"Meat, Seafood & Deli",Macro Whole Chicken Free Range 1.15kg - 2.25kg,184653,$14.63,$6.50 / 1KG,https://www.woolworths.com.au/shop/productdetails/184653/macro-whole-chicken-free-range,https://cdn0.woolworths.media/content/wowproductimages/medium/184653.jpg,2020-09-21 19:17:24,,0,Was $7.20kg 18/09/2019,True
e8e5b6a8-e1ce-4b53-b625-4d4349d20859,Woolworths Supermarket,"Meat, Seafood & Deli",Salmon Tasmanian Atlantic Fillets Skin On per kg,095171,$27.00,$27.00 / 1KG,https://www.woolworths.com.au/shop/productdetails/95171/salmon-tasmanian-atlantic-fillets-skin-on,https://cdn0.woolworths.media/content/wowproductimages/medium/095171.jpg,2020-09-21 19:17:24,,0,,True
7ac12ec1-cbb8-465d-b58b-772581c39416,Woolworths Supermarket,"Meat, Seafood & Deli",Woolworths Lean Beef Mince 1kg,577862,$14.00,$14.00 / 1KG,https://www.woolworths.com.au/shop/productdetails/577862/woolworths-lean-beef-mince,https://cdn0.woolworths.media/content/wowproductimages/medium/577862.jpg,2020-09-21 19:17:24,,0,,True
739bfad5-865d-4cb8-8c13-48d1f65a5a71,Woolworths Supermarket,"Meat, Seafood & Deli",Woolworths Rspca Approved Chicken Stirfry 500g,002841,$8.50,$17.00 / 1KG,https://www.woolworths.com.au/shop/productdetails/2841/woolworths-rspca-approved-chicken-stirfry,https://cdn0.woolworths.media/content/wowproductimages/medium/002841.jpg,2020-09-21 19:17:24,,0,,True
38d22600-ed81-408a-90c1-1bf0c531230e,Woolworths Supermarket,"Meat, Seafood & Deli",Woolworths Green Olives Fetta Filled 120g,039761,$3.50,$2.92 / 100G,https://www.woolworths.com.au/shop/productdetails/39761/woolworths-green-olives-fetta-filled,https://cdn0.woolworths.media/content/wowproductimages/medium/039761.jpg,2020-09-21 19:17:24,,0,,True
c63aa1b5-5b5a-4b26-9881-0b786f06b8ab,Woolworths Supermarket,"Meat, Seafood & Deli",Woolworths Green Olives With Chilli & Garlic 110g,040136,$3.50,$3.18 / 100G,https://www.woolworths.com.au/shop/productdetails/40136/woolworths-green-olives-with-chilli-garlic,https://cdn0.woolworths.media/content/wowproductimages/medium/040136.jpg,2020-09-21 19:17:24,,0,,True
94924737-9e02-47cf-bda3-a2c63f84a219,Woolworths Supermarket,"Meat, Seafood & Deli",Woolworths Roasted Capsicum Strips 130g,040137,$3.50,$2.69 / 100G,https://www.woolworths.com.au/shop/productdetails/40137/woolworths-roasted-capsicum-strips,https://cdn0.woolworths.media/content/wowproductimages/medium/040137.jpg,2020-09-21 19:17:24,,0,,True
00acb412-9dd2-4379-99a0-94c0aa20d7f7,Woolworths Supermarket,"Meat, Seafood & Deli",Woolworths Chargrilled Eggplant 120g,040139,$3.50,$2.92 / 100G,https://www.woolworths.com.au/shop/productdetails/40139/woolworths-chargrilled-eggplant,https://cdn0.woolworths.media/content/wowproductimages/medium/040139.jpg,2020-09-21 19:17:24,,0,,True
50e76965-07cf-47db-b6c0-3112724e3c9b,Woolworths Supermarket,"Meat, Seafood & Deli",Woolworths Baby Pepper Bells Fetta Filled 120g,040143,$3.50,$2.92 / 100G,https://www.woolworths.com.au/shop/productdetails/40143/woolworths-baby-pepper-bells-fetta-filled,https://cdn0.woolworths.media/content/wowproductimages/medium/040143.jpg,2020-09-21 19:17:24,,0,,True
05e093d1-d719-43e2-b3dd-ac41a131d63b,Woolworths Supermarket,"Meat, Seafood & Deli",Woolworths Greek Mix 120g,040167,$3.50,$2.92 / 100G,https://www.woolworths.com.au/shop/productdetails/40167/woolworths-greek-mix,https://cdn0.woolworths.media/content/wowproductimages/medium/040167.jpg,2020-09-21 19:17:24,,0,,True
d73c8c89-14a2-4734-9009-ec02177a58d1,Woolworths Supermarket,"Meat, Seafood & Deli",Woolworths Chargrilled Marinated Artichokes 120g,040174,$3.50,$2.92 / 100G,https://www.woolworths.com.au/shop/productdetails/40174/woolworths-chargrilled-marinated-artichokes,https://cdn0.woolworths.media/content/wowproductimages/medium/040174.jpg,2020-09-21 19:17:24,,0,,True
410b6e0b-6925-4a3b-b5aa-ab0c6a3ad68c,Woolworths Supermarket,"Meat, Seafood & Deli",Woolworths Mixed Gourmet Olives 110g,040181,$3.50,$3.18 / 100G,https://www.woolworths.com.au/shop/productdetails/40181/woolworths-mixed-gourmet-olives,https://cdn0.woolworths.media/content/wowproductimages/medium/040181.jpg,2020-09-21 19:17:24,,0,,True
67a61cf9-9a21-4d49-8224-c9a6165720bb,Woolworths Supermarket,"Meat, Seafood & Deli",Woolworths Green Olives Pomegranate & Harissa 110g,040188,$3.50,$3.18 / 100G,https://www.woolworths.com.au/shop/productdetails/40188/woolworths-green-olives-pomegranate-harissa,https://cdn0.woolworths.media/content/wowproductimages/medium/040188.jpg,2020-09-21 19:17:24,,0,,True
d159c565-d044-45c0-8593-8a9838a50d67,Woolworths Supermarket,"Meat, Seafood & Deli",Woolworths Green Olives Gin Infused 110g,040191,$3.50,$3.18 / 100G,https://www.woolworths.com.au/shop/productdetails/40191/woolworths-green-olives-gin-infused,https://cdn0.woolworths.media/content/wowproductimages/medium/040191.jpg,2020-09-21 19:17:24,,0,,True
8c3b84b5-509f-4e02-9acf-2a86c0533cc1,Woolworths Supermarket,"Meat, Seafood & Deli",King Island Cape Wickham Double Brie Cheese 200g,040353,$12.60,$63.00 / 1KG,https://www.woolworths.com.au/shop/productdetails/40353/king-island-cape-wickham-double-brie-cheese,https://cdn0.woolworths.media/content/wowproductimages/medium/040353.jpg,2020-09-21 19:17:24,,0,,True
c2d14775-3fa7-4732-a1f7-686bea42bcfd,Woolworths Supermarket,"Meat, Seafood & Deli",South Cape Brie 200g,040365,$5.99,$29.95 / 1KG,https://www.woolworths.com.au/shop/productdetails/40365/south-cape-brie,https://cdn0.woolworths.media/content/wowproductimages/medium/040365.jpg,2020-09-21 19:17:24,,0,,True
e4922c94-ca6c-411b-a924-ed8250b48894,Woolworths Supermarket,"Meat, Seafood & Deli",Primo Kransky Double Smoked From The Deli per kg,040556,$17.00,$17.00 / 1KG,https://www.woolworths.com.au/shop/productdetails/40556/primo-kransky-double-smoked-from-the-deli,https://cdn0.woolworths.media/content/wowproductimages/medium/040556.jpg,2020-09-21 19:17:24,,0,,True
027c171b-9a8e-4a2b-8aa5-9a6a32e95e47,Woolworths Supermarket,"Meat, Seafood & Deli",Bulla Cottage Cheese Onion & Chives 200g,041404,$2.00,$10.00 / 1KG,https://www.woolworths.com.au/shop/productdetails/41404/bulla-cottage-cheese-onion-chives,https://cdn0.woolworths.media/content/wowproductimages/medium/041404.jpg,2020-09-21 19:17:24,,0,,True
d703584b-177d-42ea-818d-38834d45714d,Woolworths Supermarket,"Meat, Seafood & Deli",Holland House Rollmops Marinated 500g,041491,$6.00,$12.00 / 1KG,https://www.woolworths.com.au/shop/productdetails/41491/holland-house-rollmops-marinated,https://cdn0.woolworths.media/content/wowproductimages/medium/041491.jpg,2020-09-21 19:17:24,,0,,True
6253ee1a-c8ee-40ae-a940-b3e6c798008e,Woolworths Supermarket,"Meat, Seafood & Deli",Perfect Italiano Shredded Parmesan 125g,042161,$3.25,$26.00 / 1KG,https://www.woolworths.com.au/shop/productdetails/42161/perfect-italiano-shredded-parmesan,https://cdn0.woolworths.media/content/wowproductimages/medium/042161.jpg,2020-09-21 19:17:24,,0,,True
5e96865a-303d-4f21-990c-175f17fad02e,Woolworths Supermarket,"Meat, Seafood & Deli",Primo Chorizo From The Deli per kg,045959,$12.00,$12.00 / 1KG,https://www.woolworths.com.au/shop/productdetails/45959/primo-chorizo-from-the-deli,https://cdn0.woolworths.media/content/wowproductimages/medium/045959.jpg,2020-09-21 19:17:24,,0,,True
cf47d18a-e6ca-4e07-bac5-8793201f7fd7,Woolworths Supermarket,"Meat, Seafood & Deli",Hans Salami Sticks 15g,047666,$1.00,$66.67 / 1KG,https://www.woolworths.com.au/shop/productdetails/47666/hans-salami-sticks,https://cdn0.woolworths.media/content/wowproductimages/medium/047666.jpg,2020-09-21 19:17:24,,0,,True
e00a3ef9-fce6-4324-93c9-272d8004c158,Woolworths Supermarket,"Meat, Seafood & Deli",Essentials Bacon Middle Rashers 1kg,048358,$10.00,$10.00 / 1KG,https://www.woolworths.com.au/shop/productdetails/48358/essentials-bacon-middle-rashers,https://cdn0.woolworths.media/content/wowproductimages/medium/048358.jpg,2020-09-21 19:17:24,Average product rating out of 5: 4.3. Product score is based on 515 ratings,515,,True
a24cdf75-995c-40cf-9a2d-92d2dc7799a2,Woolworths Supermarket,"Meat, Seafood & Deli",Essentials Devon Roll 1kg,048450,$3.15,$3.15 / 1KG,https://www.woolworths.com.au/shop/productdetails/48450/essentials-devon-roll,https://cdn0.woolworths.media/content/wowproductimages/medium/048450.jpg,2020-09-21 19:17:24,,0,,True
c44f4755-9b7b-4e4b-b5e4-69146074a693,Woolworths Supermarket,"Meat, Seafood & Deli",Essentials Roll Ham & Chicken 1kg,048452,$3.40,$3.40 / 1KG,https://www.woolworths.com.au/shop/productdetails/48452/essentials-roll-ham-chicken,https://cdn0.woolworths.media/content/wowproductimages/medium/048452.jpg,2020-09-21 19:17:24,Average product rating out of 5: 2.6. Product score is based on 407 ratings,407,,True
9493b7dd-5b5d-4b2b-919a-1fd8ac389ba5,Woolworths Supermarket,"Meat, Seafood & Deli",Woolworths Jumbo Greek Kalamata Olives per kg,048624,$19.95,$19.95 / 1KG,https://www.woolworths.com.au/shop/productdetails/48624/woolworths-jumbo-greek-kalamata-olives,https://cdn0.woolworths.media/content/wowproductimages/medium/048624.jpg,2020-09-21 19:17:24,Average product rating out of 5: 4.2. Product score is based on 199 ratings,199,,True
ad1747c3-f96a-430a-8282-b17a30640184,Woolworths Supermarket,"Meat, Seafood & Deli",Hans Pepperoni Hot Rocket 15g,048688,$1.00,$66.67 / 1KG,https://www.woolworths.com.au/shop/productdetails/48688/hans-pepperoni-hot-rocket,https://cdn0.woolworths.media/content/wowproductimages/medium/048688.jpg,2020-09-21 19:17:24,,0,,True
d71d10b8-d914-42fa-b805-c5dfe46446a1,Woolworths Supermarket,"Meat, Seafood & Deli",Castello Blue Cheese Creamy 150g,048824,$6.00,$40.00 / 1KG,https://www.woolworths.com.au/shop/productdetails/48824/castello-blue-cheese-creamy,https://cdn0.woolworths.media/content/wowproductimages/medium/048824.jpg,2020-09-21 19:17:24,,0,,True
398f563c-acc2-466e-adb4-cba069833b8f,Woolworths Supermarket,"Meat, Seafood & Deli",Woolworths Market Value Thin Sausage 1.8kg,824100,$9.00,$5.00 / 1KG,https://www.woolworths.com.au/shop/productdetails/824100/woolworths-market-value-thin-sausage,https://cdn0.woolworths.media/content/wowproductimages/medium/824100.jpg,2020-09-21 19:17:24,Average product rating out of 5: 4.3. Product score is based on 12 ratings,12,Was $11.00 11/02/2020,True
464fe5af-f95a-490e-9c92-769a51131b21,Woolworths Supermarket,"Meat, Seafood & Deli",Woolworths Beef Mince 1kg,577864,$11.00,$11.00 / 1KG,https://www.woolworths.com.au/shop/productdetails/577864/woolworths-beef-mince,https://cdn0.woolworths.media/content/wowproductimages/medium/577864.jpg,2020-09-21 19:17:24,,0,,True
56a2c0aa-c2a4-43c8-97be-691bc46c2f2e,Woolworths Supermarket,"Meat, Seafood & Deli",Macro Chicken Breast Fillets Free Range 700g - 1.3kg,700228,$18.20,$14.00 / 1KG,https://www.woolworths.com.au/shop/productdetails/700228/macro-chicken-breast-fillets-free-range,https://cdn0.woolworths.media/content/wowproductimages/medium/700228.jpg,2020-09-21 19:17:24,,0,,True
373e4b4c-6ab0-4e6f-b3fd-16ad3320dd70,Woolworths Supermarket,"Meat, Seafood & Deli",Woolworths Short Cut Bacon 200g,509865,$4.00,$20.00 / 1KG,https://www.woolworths.com.au/shop/productdetails/509865/woolworths-short-cut-bacon,https://cdn0.woolworths.media/content/wowproductimages/medium/509865.jpg,2020-09-21 19:17:24,Average product rating out of 5: 4.6. Product score is based on 355 ratings,355,,True
c9c313c8-15f3-4863-ab3a-a685410d97d6,Woolworths Supermarket,"Meat, Seafood & Deli",Woolworths Beef Stir Fry 500g,531015,$10.00,$20.00 / 1KG,https://www.woolworths.com.au/shop/productdetails/531015/woolworths-beef-stir-fry,https://cdn0.woolworths.media/content/wowproductimages/medium/531015.jpg,2020-09-21 19:17:24,,0,,True
b9010b95-8b2e-43e1-9c6e-ec13852c0b4d,Woolworths Supermarket,"Meat, Seafood & Deli",Woolworths Beef Oyster Blade Steak 600g,675479,$12.00,$20.00 / 1KG,https://www.woolworths.com.au/shop/productdetails/675479/woolworths-beef-oyster-blade-steak,https://cdn0.woolworths.media/content/wowproductimages/medium/675479.jpg,2020-09-21 19:17:24,,0,,True
8d00e262-8c35-4f1d-ab87-0a9d3e66c768,Woolworths Supermarket,"Meat, Seafood & Deli",D'orsogna Ham Leg Shaved 400G,795918,$5.50,$13.75 / 1KG,https://www.woolworths.com.au/shop/productdetails/795918/d-orsogna-ham-leg-shaved,https://cdn0.woolworths.media/content/wowproductimages/medium/795918.jpg,2020-09-21 19:17:24,,0,,True
a738829e-2e07-4a8c-9f16-196a8abcd51e,Woolworths Supermarket,"Meat, Seafood & Deli",Woolworths Lean Beef Mince 1kg,577862,$14.00,$14.00 / 1KG,https://www.woolworths.com.au/shop/productdetails/577862/woolworths-lean-beef-mince,https://cdn0.woolworths.media/content/wowproductimages/medium/577862.jpg,2020-09-21 19:17:24,,0,,True
39fedbf3-0a09-4cec-98e6-20ff7e357ef8,Woolworths Supermarket,"Meat, Seafood & Deli",Perfect Italiano Extra Sharp Grated Parmesan 125g,302306,$3.25,$26.00 / 1KG,https://www.woolworths.com.au/shop/productdetails/302306/perfect-italiano-extra-sharp-grated-parmesan,https://cdn0.woolworths.media/content/wowproductimages/medium/302306.jpg,2020-09-21 19:17:24,,0,,True
346aed59-b630-429e-9869-3e0ec143d8fc,Woolworths Supermarket,"Meat, Seafood & Deli",Macro Chicken Drumsticks Free Range 650g - 1.2kg,764857,$6.60,$5.50 / 1KG,https://www.woolworths.com.au/shop/productdetails/764857/macro-chicken-drumsticks-free-range,https://cdn0.woolworths.media/content/wowproductimages/medium/764857.jpg,2020-09-21 19:17:24,,0,,True
5514d44a-4137-4af3-82cd-31988eafc4d1,Woolworths Supermarket,"Meat, Seafood & Deli",Woolworths Heart Smart Extra Lean Beef Mince 500g,577860,$8.50,$17.00 / 1KG,https://www.woolworths.com.au/shop/productdetails/577860/woolworths-heart-smart-extra-lean-beef-mince,https://cdn0.woolworths.media/content/wowproductimages/medium/577860.jpg,2020-09-21 19:17:24,Average product rating out of 5: 4.6. Product score is based on 462 ratings,462,,True
f57a4365-3319-463c-9543-3328a01811a2,Woolworths Supermarket,"Meat, Seafood & Deli",D'orsogna Triple Smoked Leg Ham 97% Fat Free Shaved From The Deli per kg,175734,$19.00,$19.00 / 1KG,https://www.woolworths.com.au/shop/productdetails/175734/d-orsogna-triple-smoked-leg-ham-97-fat-free-shaved-from-the-deli,https://cdn0.woolworths.media/content/wowproductimages/medium/175734.jpg,2020-09-21 19:17:24,,0,,True
6f72a489-6406-4bf6-934e-893b349621d6,Woolworths Supermarket,"Meat, Seafood & Deli",Macro Chicken Wing Nibbles Free Range 500g - 900g,700269,$7.65,$8.50 / 1KG,https://www.woolworths.com.au/shop/productdetails/700269/macro-chicken-wing-nibbles-free-range,https://cdn0.woolworths.media/content/wowproductimages/medium/700269.jpg,2020-09-21 19:17:24,,0,,True
993e8ab8-baff-4096-823b-d06f1ee016a3,Woolworths Supermarket,"Meat, Seafood & Deli",Perfect Italiano Shaved Parmesan 125g,360904,$3.25,$26.00 / 1KG,https://www.woolworths.com.au/shop/productdetails/360904/perfect-italiano-shaved-parmesan,https://cdn0.woolworths.media/content/wowproductimages/medium/360904.jpg,2020-09-21 19:17:24,,0,,True
eb131844-d296-4c84-9812-2035b19a5670,Woolworths Supermarket,"Meat, Seafood & Deli",Woolworths Lean Beef Mince 500g,577861,$7.50,$15.00 / 1KG,https://www.woolworths.com.au/shop/productdetails/577861/woolworths-lean-beef-mince,https://cdn0.woolworths.media/content/wowproductimages/medium/577861.jpg,2020-09-21 19:17:24,,0,,True
3270133c-8d68-4eff-bfba-0256c99522cd,Woolworths Supermarket,"Meat, Seafood & Deli",Woolworths Beef Mince 500g,577863,$6.00,$12.00 / 1KG,https://www.woolworths.com.au/shop/productdetails/577863/woolworths-beef-mince,https://cdn0.woolworths.media/content/wowproductimages/medium/577863.jpg,2020-09-21 19:17:24,,0,,True
b2ca87d1-39ca-409f-838b-c51db25364a3,Woolworths Supermarket,"Meat, Seafood & Deli",Champagne Leg Ham Shaved From The Deli per kg,552396,$20.00,$20.00 / 1KG,https://www.woolworths.com.au/shop/productdetails/552396/champagne-leg-ham-shaved-from-the-deli,https://cdn0.woolworths.media/content/wowproductimages/medium/552396.jpg,2020-09-21 19:17:24,,0,,True
462ac37a-a814-4056-badb-2acc42c64f4a,Woolworths Supermarket,"Meat, Seafood & Deli",Woolworths Beef Sausage 600g,820196,$5.50,$9.17 / 1KG,https://www.woolworths.com.au/shop/productdetails/820196/woolworths-beef-sausage,https://cdn0.woolworths.media/content/wowproductimages/medium/820196.jpg,2020-09-21 19:17:24,,0,2 for $10.00 $8.33/1KG,True
009f48b6-3724-479a-8820-02fa1220bf8f,Woolworths Supermarket,"Meat, Seafood & Deli",Woolworths Rspca Approved Chicken Stirfry 500g,002841,$8.50,$17.00 / 1KG,https://www.woolworths.com.au/shop/productdetails/2841/woolworths-rspca-approved-chicken-stirfry,https://cdn0.woolworths.media/content/wowproductimages/medium/002841.jpg,2020-09-21 19:17:24,,0,,True
b35e0797-d736-4a80-bcb5-e5dfe9a049ba,Woolworths Supermarket,"Meat, Seafood & Deli",Castello Brie Double Cream 150g,048920,$6.00,$40.00 / 1KG,https://www.woolworths.com.au/shop/productdetails/48920/castello-brie-double-cream,https://cdn0.woolworths.media/content/wowproductimages/medium/048920.jpg,2020-09-21 19:17:24,,0,,True
8e1b7954-c3f9-432b-b1ef-46bb15c607ff,Woolworths Supermarket,"Meat, Seafood & Deli",South Cape Tasmanian Fetta 200g,051344,$5.00,$25.00 / 1KG,https://www.woolworths.com.au/shop/productdetails/51344/south-cape-tasmanian-fetta,https://cdn0.woolworths.media/content/wowproductimages/medium/051344.jpg,2020-09-21 19:17:24,,0,Was $5.99 27/06/2016,True
cc2d036f-2a17-44cc-9eaf-ef4c2d928c2e,Woolworths Supermarket,"Meat, Seafood & Deli",Woolworths Grass Fed Beef Sausage 500g,054115,$8.00,$16.00 / 1KG,https://www.woolworths.com.au/shop/productdetails/54115/woolworths-grass-fed-beef-sausage,https://cdn0.woolworths.media/content/wowproductimages/medium/054115.jpg,2020-09-21 19:17:24,,0,,True
ba7c82b1-b27a-40e7-8b84-1eaee3b5700f,Woolworths Supermarket,"Meat, Seafood & Deli",Woolworths Cook Beef Pepper Steaks 300g,054241,$7.00,$23.33 / 1KG,https://www.woolworths.com.au/shop/productdetails/54241/woolworths-cook-beef-pepper-steaks,https://cdn0.woolworths.media/content/wowproductimages/medium/054241.jpg,2020-09-21 19:17:24,,0,,True
35637db4-1faf-454a-83da-249a82bd975d,Woolworths Supermarket,"Meat, Seafood & Deli",Market Value Beef Porterhouse Steak 600g - 1.1kg,054301,$26.40,$24.00 / 1KG,https://www.woolworths.com.au/shop/productdetails/54301/market-value-beef-porterhouse-steak,https://cdn0.woolworths.media/content/wowproductimages/medium/054301.jpg,2020-09-21 19:17:24,,0,,True
4c3e3bed-1766-437e-b000-39ca46eba76e,Woolworths Supermarket,"Meat, Seafood & Deli",Woolworths Grassfed Premium Beef Mince 500g,055069,$8.00,$16.00 / 1KG,https://www.woolworths.com.au/shop/productdetails/55069/woolworths-grassfed-premium-beef-mince,https://cdn0.woolworths.media/content/wowproductimages/medium/055069.jpg,2020-09-21 19:17:24,,0,,True
0f407213-cb5c-4e26-8563-d20e00b55ef2,Woolworths Supermarket,"Meat, Seafood & Deli",Woolworths Shortcut Australian Bacon 200g,055373,$5.50,$27.50 / 1KG,https://www.woolworths.com.au/shop/productdetails/55373/woolworths-shortcut-australian-bacon,https://cdn0.woolworths.media/content/wowproductimages/medium/055373.jpg,2020-09-21 19:17:24,,0,,True
c9bdeb69-6ba4-4634-b2d9-e785d5b1705d,Woolworths Supermarket,"Meat, Seafood & Deli",Woolworths Shortcut Bacon 500g,055374,$7.00,$14.00 / 1KG,https://www.woolworths.com.au/shop/productdetails/55374/woolworths-shortcut-bacon,https://cdn0.woolworths.media/content/wowproductimages/medium/055374.jpg,2020-09-21 19:17:24,Average product rating out of 5: 4.5. Product score is based on 414 ratings,414,,True
aba9a8cc-6bb3-443f-a85e-1cc27383f357,Woolworths Supermarket,"Meat, Seafood & Deli",Woolworths Shortcut Bacon 1kg,055375,$10.50,$10.50 / 1KG,https://www.woolworths.com.au/shop/productdetails/55375/woolworths-shortcut-bacon,https://cdn0.woolworths.media/content/wowproductimages/medium/055375.jpg,2020-09-21 19:17:24,Average product rating out of 5: 4.4. Product score is based on 743 ratings,743,,True
e0539142-7e5a-44a1-b2f5-f4808119b32c,Woolworths Supermarket,"Meat, Seafood & Deli",Woolworths Olives Kalamata Greek Pitted per kg,056126,$19.95,$19.95 / 1KG,https://www.woolworths.com.au/shop/productdetails/56126/woolworths-olives-kalamata-greek-pitted,https://cdn0.woolworths.media/content/wowproductimages/medium/056126.jpg,2020-09-21 19:17:24,Average product rating out of 5: 4.5. Product score is based on 206 ratings,206,,True
559a0ab1-1c94-4119-b184-f4d582b05c56,Woolworths Supermarket,"Meat, Seafood & Deli",Ob Finest 3 Seed Crisps 110g,056857,$6.00,$54.55 / 1KG,https://www.woolworths.com.au/shop/productdetails/56857/ob-finest-3-seed-crisps,https://cdn0.woolworths.media/content/wowproductimages/medium/056857.jpg,2020-09-21 19:17:24,,0,,True
a33946ac-b863-4054-8944-6830d81684e5,Woolworths Supermarket,"Meat, Seafood & Deli",Ingham's Oven Roasted Turkey Breast Sliced From The Deli per kg,059755,$28.00,$28.00 / 1KG,https://www.woolworths.com.au/shop/productdetails/59755/ingham-s-oven-roasted-turkey-breast-sliced-from-the-deli,https://cdn0.woolworths.media/content/wowproductimages/medium/059755.jpg,2020-09-21 19:17:24,,0,,True
de9a3639-36c9-49a8-9ac5-0a3083045db5,Woolworths Supermarket,"Meat, Seafood & Deli",Woolworths Angus Beef Burgers Sea Salt & Pepper 450g,060058,$7.50,$16.67 / 1KG,https://www.woolworths.com.au/shop/productdetails/60058/woolworths-angus-beef-burgers-sea-salt-pepper,https://cdn0.woolworths.media/content/wowproductimages/medium/060058.jpg,2020-09-21 19:17:24,,0,,True
67c55841-8b50-45dd-83bf-2efb1decb463,Woolworths Supermarket,"Meat, Seafood & Deli",Yorkshire Wensleydale With Apricot 150g,060074,$7.00,$46.67 / 1KG,https://www.woolworths.com.au/shop/productdetails/60074/yorkshire-wensleydale-with-apricot,https://cdn0.woolworths.media/content/wowproductimages/medium/060074.jpg,2020-09-21 19:17:24,,0,,True
d37208dc-4f87-4c05-af94-a0f1376302fd,Woolworths Supermarket,"Meat, Seafood & Deli",Ob Finest Gluten Free Speciality Crackers Fig & Pistachio 130g,060276,$6.00,$4.62 / 100G,https://www.woolworths.com.au/shop/productdetails/60276/ob-finest-gluten-free-speciality-crackers-fig-pistachio,https://cdn0.woolworths.media/content/wowproductimages/medium/060276.jpg,2020-09-21 19:17:24,,0,Was $6.49 21/03/2017,True
2f69f7ba-49b3-47e5-a206-dba40e7311f9,Woolworths Supermarket,"Meat, Seafood & Deli",Ocean Blue Salmon Breakfast Rashers 100g,060294,$8.00,$80.00 / 1KG,https://www.woolworths.com.au/shop/productdetails/60294/ocean-blue-salmon-breakfast-rashers,https://cdn0.woolworths.media/content/wowproductimages/medium/060294.jpg,2020-09-21 19:17:24,,0,,True
08e0f514-dd8c-4d42-ba64-d824c47ca5bd,Woolworths Supermarket,"Meat, Seafood & Deli",Meredith Dairy Goats Cheese 100g,060594,$5.00,$50.00 / 1KG,https://www.woolworths.com.au/shop/productdetails/60594/meredith-dairy-goats-cheese,https://cdn0.woolworths.media/content/wowproductimages/medium/060594.jpg,2020-09-21 19:17:24,,0,,True
e43ad63b-7a43-4305-89c1-1a83e446ea57,Woolworths Supermarket,"Meat, Seafood & Deli",Maggie Beer Lemon & Ginger Paste 100g,060749,$6.00,$6.00 / 100G,https://www.woolworths.com.au/shop/productdetails/60749/maggie-beer-lemon-ginger-paste,https://cdn0.woolworths.media/content/wowproductimages/medium/060749.jpg,2020-09-21 19:17:24,,0,,True
db1e28fe-c965-4cc9-a132-b8a44de5eb54,Woolworths Supermarket,"Meat, Seafood & Deli",Maggie Beer Plum & Shiraz Paste 100g,060775,$6.00,$6.00 / 100G,https://www.woolworths.com.au/shop/productdetails/60775/maggie-beer-plum-shiraz-paste,https://cdn0.woolworths.media/content/wowproductimages/medium/060775.jpg,2020-09-21 19:17:24,,0,,True
3ece38f9-30fc-4574-bebc-f24be7aab8c4,Woolworths Supermarket,"Meat, Seafood & Deli",Maggie Beer Chicken & Smoky Garlic Pate 120g,060987,$7.00,$5.83 / 100G,https://www.woolworths.com.au/shop/productdetails/60987/maggie-beer-chicken-smoky-garlic-pate,https://cdn0.woolworths.media/content/wowproductimages/medium/060987.jpg,2020-09-21 19:17:24,,0,,True
6c544c5c-363f-480d-ba4c-01eb5838a81b,Woolworths Supermarket,"Meat, Seafood & Deli",Yorkshire Wensleydale With Cranberry 150g,061006,$7.00,$46.67 / 1KG,https://www.woolworths.com.au/shop/productdetails/61006/yorkshire-wensleydale-with-cranberry,https://cdn0.woolworths.media/content/wowproductimages/medium/061006.jpg,2020-09-21 19:17:24,,0,,True
7df60c10-cf5d-453f-aae3-1f8e730626e3,Woolworths Supermarket,"Meat, Seafood & Deli",Maggie Beer Tomato Capsicum & Saffron Paste 100g,061229,$6.00,$6.00 / 100G,https://www.woolworths.com.au/shop/productdetails/61229/maggie-beer-tomato-capsicum-saffron-paste,https://cdn0.woolworths.media/content/wowproductimages/medium/061229.jpg,2020-09-21 19:17:24,,0,,True
fb20c591-eafd-4841-8755-591e66f33afe,Woolworths Supermarket,"Meat, Seafood & Deli",Just Caught Raw Prawn Meat 300g,062050,$12.00,$40.00 / 1KG,https://www.woolworths.com.au/shop/productdetails/62050/just-caught-raw-prawn-meat,https://cdn0.woolworths.media/content/wowproductimages/medium/062050.jpg,2020-09-21 19:17:24,,0,,True
a8f34937-3f3e-4ebe-a026-03ddd0187d4c,Woolworths Supermarket,"Meat, Seafood & Deli",Ocean Chef Raw Prawns Peeled 500g,062055,$20.00,$40.00 / 1KG,https://www.woolworths.com.au/shop/productdetails/62055/ocean-chef-raw-prawns-peeled,https://cdn0.woolworths.media/content/wowproductimages/medium/062055.jpg,2020-09-21 19:17:24,,0,,True
6607b3ec-46b6-46b7-8403-1436648786f1,Woolworths Supermarket,"Meat, Seafood & Deli",Woolworths Market Value Thin Sausage 1.8kg,824100,$9.00,$5.00 / 1KG,https://www.woolworths.com.au/shop/productdetails/824100/woolworths-market-value-thin-sausage,https://cdn0.woolworths.media/content/wowproductimages/medium/824100.jpg,2020-09-21 19:17:24,Average product rating out of 5: 4.3. Product score is based on 12 ratings,12,Was $11.00 11/02/2020,True
99b21d80-9ce9-4da7-ab52-3118a4611af8,Woolworths Supermarket,"Meat, Seafood & Deli",Champagne Leg Ham Shaved From The Deli per kg,552396,$20.00,$20.00 / 1KG,https://www.woolworths.com.au/shop/productdetails/552396/champagne-leg-ham-shaved-from-the-deli,https://cdn0.woolworths.media/content/wowproductimages/medium/552396.jpg,2020-09-21 19:17:24,,0,,True
3b584fca-4d4a-4c69-af4b-0a821967acfc,Woolworths Supermarket,"Meat, Seafood & Deli",Macro Chicken Breast Fillets Free Range 700g - 1.3kg,700228,$18.20,$14.00 / 1KG,https://www.woolworths.com.au/shop/productdetails/700228/macro-chicken-breast-fillets-free-range,https://cdn0.woolworths.media/content/wowproductimages/medium/700228.jpg,2020-09-21 19:17:24,,0,,True
a647789d-5ead-4c85-837d-beeb65639c60,Woolworths Supermarket,"Meat, Seafood & Deli",Woolworths Beef Mince 500g,577863,$6.00,$12.00 / 1KG,https://www.woolworths.com.au/shop/productdetails/577863/woolworths-beef-mince,https://cdn0.woolworths.media/content/wowproductimages/medium/577863.jpg,2020-09-21 19:17:24,,0,,True
335f682f-66f8-43e6-9af0-84ade53fe9ed,Woolworths Supermarket,"Meat, Seafood & Deli",Woolworths Beef Oyster Blade Steak 600g,675479,$12.00,$20.00 / 1KG,https://www.woolworths.com.au/shop/productdetails/675479/woolworths-beef-oyster-blade-steak,https://cdn0.woolworths.media/content/wowproductimages/medium/675479.jpg,2020-09-21 19:17:24,,0,,True
9371bf11-7fac-4a28-925c-1bfb4eb28412,Woolworths Supermarket,"Meat, Seafood & Deli",D'orsogna Triple Smoked Leg Ham 97% Fat Free Shaved From The Deli per kg,175734,$19.00,$19.00 / 1KG,https://www.woolworths.com.au/shop/productdetails/175734/d-orsogna-triple-smoked-leg-ham-97-fat-free-shaved-from-the-deli,https://cdn0.woolworths.media/content/wowproductimages/medium/175734.jpg,2020-09-21 19:17:24,,0,,True
9ac74045-96a7-4b92-92da-6f25ba620950,Woolworths Supermarket,"Meat, Seafood & Deli",Woolworths Short Cut Bacon 200g,509865,$4.00,$20.00 / 1KG,https://www.woolworths.com.au/shop/productdetails/509865/woolworths-short-cut-bacon,https://cdn0.woolworths.media/content/wowproductimages/medium/509865.jpg,2020-09-21 19:17:24,Average product rating out of 5: 4.6. Product score is based on 355 ratings,355,,True
2893f3ab-4051-4ba2-8f9e-1f2898567c06,Woolworths Supermarket,"Meat, Seafood & Deli",D'orsogna Ham Leg Shaved 400G,795918,$5.50,$13.75 / 1KG,https://www.woolworths.com.au/shop/productdetails/795918/d-orsogna-ham-leg-shaved,https://cdn0.woolworths.media/content/wowproductimages/medium/795918.jpg,2020-09-21 19:17:24,,0,,True
38eaacd9-700e-4e90-a12e-d372d9bc6b1a,Woolworths Supermarket,"Meat, Seafood & Deli",Macro Chicken Wing Nibbles Free Range 500g - 900g,700269,$7.65,$8.50 / 1KG,https://www.woolworths.com.au/shop/productdetails/700269/macro-chicken-wing-nibbles-free-range,https://cdn0.woolworths.media/content/wowproductimages/medium/700269.jpg,2020-09-21 19:17:24,,0,,True
15b28dec-7846-494b-9bb1-6a8aa73e6ad5,Woolworths Supermarket,"Meat, Seafood & Deli",Woolworths Beef Stir Fry 500g,531015,$10.00,$20.00 / 1KG,https://www.woolworths.com.au/shop/productdetails/531015/woolworths-beef-stir-fry,https://cdn0.woolworths.media/content/wowproductimages/medium/531015.jpg,2020-09-21 19:17:24,,0,,True
c43f34c5-5c35-4d85-9dcf-59876bf288d0,Woolworths Supermarket,"Meat, Seafood & Deli",Perfect Italiano Shaved Parmesan 125g,360904,$3.25,$26.00 / 1KG,https://www.woolworths.com.au/shop/productdetails/360904/perfect-italiano-shaved-parmesan,https://cdn0.woolworths.media/content/wowproductimages/medium/360904.jpg,2020-09-21 19:17:24,,0,,True
5f6b0443-05cc-4767-bd5e-6efbcc9c1806,Woolworths Supermarket,"Meat, Seafood & Deli",Woolworths Heart Smart Extra Lean Beef Mince 500g,577860,$8.50,$17.00 / 1KG,https://www.woolworths.com.au/shop/productdetails/577860/woolworths-heart-smart-extra-lean-beef-mince,https://cdn0.woolworths.media/content/wowproductimages/medium/577860.jpg,2020-09-21 19:17:24,Average product rating out of 5: 4.6. Product score is based on 462 ratings,462,,True
30b4322c-4823-463b-a985-df24a3aae0de,Woolworths Supermarket,"Meat, Seafood & Deli",Woolworths Beef Sausage 600g,820196,$5.50,$9.17 / 1KG,https://www.woolworths.com.au/shop/productdetails/820196/woolworths-beef-sausage,https://cdn0.woolworths.media/content/wowproductimages/medium/820196.jpg,2020-09-21 19:17:24,,0,2 for $10.00 $8.33/1KG,True
47930fb3-5ca3-4e3c-9106-d58f57782f78,Woolworths Supermarket,"Meat, Seafood & Deli",Woolworths Lean Beef Mince 500g,577861,$7.50,$15.00 / 1KG,https://www.woolworths.com.au/shop/productdetails/577861/woolworths-lean-beef-mince,https://cdn0.woolworths.media/content/wowproductimages/medium/577861.jpg,2020-09-21 19:17:24,,0,,True
ee8c1c92-0140-4be5-8ff2-96add6a763c9,Woolworths Supermarket,"Meat, Seafood & Deli",Perfect Italiano Extra Sharp Grated Parmesan 125g,302306,$3.25,$26.00 / 1KG,https://www.woolworths.com.au/shop/productdetails/302306/perfect-italiano-extra-sharp-grated-parmesan,https://cdn0.woolworths.media/content/wowproductimages/medium/302306.jpg,2020-09-21 19:17:24,,0,,True
b3bec3b7-6598-4b7e-8acb-cfbf4a98d950,Woolworths Supermarket,"Meat, Seafood & Deli",Woolworths Lean Beef Mince 1kg,577862,$14.00,$14.00 / 1KG,https://www.woolworths.com.au/shop/productdetails/577862/woolworths-lean-beef-mince,https://cdn0.woolworths.media/content/wowproductimages/medium/577862.jpg,2020-09-21 19:17:24,,0,,True
861382c6-0c51-416a-92f6-64060f68e090,Woolworths Supermarket,"Meat, Seafood & Deli",Macro Chicken Drumsticks Free Range 650g - 1.2kg,764857,$6.60,$5.50 / 1KG,https://www.woolworths.com.au/shop/productdetails/764857/macro-chicken-drumsticks-free-range,https://cdn0.woolworths.media/content/wowproductimages/medium/764857.jpg,2020-09-21 19:17:24,,0,,True
964925e5-1ace-4e31-af7c-4f4bdde1bc3f,Woolworths Supermarket,"Meat, Seafood & Deli",Woolworths Beef Mince 1kg,577864,$11.00,$11.00 / 1KG,https://www.woolworths.com.au/shop/productdetails/577864/woolworths-beef-mince,https://cdn0.woolworths.media/content/wowproductimages/medium/577864.jpg,2020-09-21 19:17:24,,0,,True
592e6fa4-a498-4195-aca4-01fb04f6a838,Woolworths Supermarket,"Meat, Seafood & Deli",Woolworths Rspca Approved Chicken Stirfry 500g,002841,$8.50,$17.00 / 1KG,https://www.woolworths.com.au/shop/productdetails/2841/woolworths-rspca-approved-chicken-stirfry,https://cdn0.woolworths.media/content/wowproductimages/medium/002841.jpg,2020-09-21 19:17:24,,0,,True
29159dd5-ef83-4c77-825b-316701e3c371,Woolworths Supermarket,"Meat, Seafood & Deli",Ocean Chef Extra Large Raw Prawn Tail On 500g,062057,$20.00,$40.00 / 1KG,https://www.woolworths.com.au/shop/productdetails/62057/ocean-chef-extra-large-raw-prawn-tail-on,https://cdn0.woolworths.media/content/wowproductimages/medium/062057.jpg,2020-09-21 19:17:24,,0,,True
75cb82a9-eda2-4d48-958c-42feaff95886,Woolworths Supermarket,"Meat, Seafood & Deli",Just Caught Crunchy Battered Blue Grenadier 880g,062457,$14.00,$15.91 / 1KG,https://www.woolworths.com.au/shop/productdetails/62457/just-caught-crunchy-battered-blue-grenadier,https://cdn0.woolworths.media/content/wowproductimages/medium/062457.jpg,2020-09-21 19:17:24,,0,,True
200c9de4-d65f-4c8a-932a-ab6ff26394d5,Woolworths Supermarket,"Meat, Seafood & Deli",San Marino Artisan Selection Platter 110g,063990,$7.50,$68.18 / 1KG,https://www.woolworths.com.au/shop/productdetails/63990/san-marino-artisan-selection-platter,https://cdn0.woolworths.media/content/wowproductimages/medium/063990.jpg,2020-09-21 19:17:24,,0,,True
7e65a898-4bd0-4c0c-9278-8ffdfaacae7a,Woolworths Supermarket,"Meat, Seafood & Deli",San Marino Platter Continental 180g,064005,$11.50,$63.89 / 1KG,https://www.woolworths.com.au/shop/productdetails/64005/san-marino-platter-continental,https://cdn0.woolworths.media/content/wowproductimages/medium/064005.jpg,2020-09-21 19:17:24,,0,,True
6629bcea-c861-4695-a295-39c905367713,Woolworths Supermarket,"Meat, Seafood & Deli",Don Famous Football Hot Dogs Skinless 375g,064013,$6.20,$16.53 / 1KG,https://www.woolworths.com.au/shop/productdetails/64013/don-famous-football-hot-dogs-skinless,https://cdn0.woolworths.media/content/wowproductimages/medium/064013.jpg,2020-09-21 19:17:24,,0,,True
527c2acc-4c10-403b-8b6e-011aa3d9be32,Woolworths Supermarket,"Meat, Seafood & Deli",Don Salami White Hungarian 200g,064114,$8.30,$41.50 / 1KG,https://www.woolworths.com.au/shop/productdetails/64114/don-salami-white-hungarian,https://cdn0.woolworths.media/content/wowproductimages/medium/064114.jpg,2020-09-21 19:17:24,,0,,True
9f240be5-9589-41e5-9bb7-7580fa5f4518,Woolworths Supermarket,"Meat, Seafood & Deli",Don Salami Hungarian Plain 200g,064116,$8.30,$41.50 / 1KG,https://www.woolworths.com.au/shop/productdetails/64116/don-salami-hungarian-plain,https://cdn0.woolworths.media/content/wowproductimages/medium/064116.jpg,2020-09-21 19:17:24,,0,,True
b2547eff-01f2-4024-87ed-171b792b7261,Woolworths Supermarket,"Meat, Seafood & Deli",Don Salami Pepperoni 200g,064117,$8.30,$41.50 / 1KG,https://www.woolworths.com.au/shop/productdetails/64117/don-salami-pepperoni,https://cdn0.woolworths.media/content/wowproductimages/medium/064117.jpg,2020-09-21 19:17:24,,0,,True
6b1291eb-e81f-4595-baa7-222e597ebc6a,Woolworths Supermarket,"Meat, Seafood & Deli",Don Salami Danish 200g,064119,$8.30,$41.50 / 1KG,https://www.woolworths.com.au/shop/productdetails/64119/don-salami-danish,https://cdn0.woolworths.media/content/wowproductimages/medium/064119.jpg,2020-09-21 19:17:24,,0,,True
58ea0bae-bd82-4f68-9fae-3701bb13ce0f,Woolworths Supermarket,"Meat, Seafood & Deli",Normandie Pate Chicken With Cointreau 150g,064363,$4.50,$30.00 / 1KG,https://www.woolworths.com.au/shop/productdetails/64363/normandie-pate-chicken-with-cointreau,https://cdn0.woolworths.media/content/wowproductimages/medium/064363.jpg,2020-09-21 19:17:24,,0,,True
4299b901-0b3c-4c46-9b38-9232d33a4abb,Woolworths Supermarket,"Meat, Seafood & Deli",Boursin Herb & Garlic Cheese 80g,064393,$7.00,$87.50 / 1KG,https://www.woolworths.com.au/shop/productdetails/64393/boursin-herb-garlic-cheese,https://cdn0.woolworths.media/content/wowproductimages/medium/064393.jpg,2020-09-21 19:17:24,,0,,True
0abb7246-4271-498d-b65b-b875a8536b11,Woolworths Supermarket,"Meat, Seafood & Deli",Primo Bacon Short Cut Rindless 175g,066106,$5.00,$28.57 / 1KG,https://www.woolworths.com.au/shop/productdetails/66106/primo-bacon-short-cut-rindless,https://cdn0.woolworths.media/content/wowproductimages/medium/066106.jpg,2020-09-21 19:17:24,,0,,True
3664d3b3-e106-43c2-91d5-a5bf89c51041,Woolworths Supermarket,"Meat, Seafood & Deli",Ocean Blue Mini Blinis 168g,066249,$5.40,$32.14 / 1KG,https://www.woolworths.com.au/shop/productdetails/66249/ocean-blue-mini-blinis,https://cdn0.woolworths.media/content/wowproductimages/medium/066249.jpg,2020-09-21 19:17:24,,0,,True
95379184-b590-4939-b7a6-54d15469f7fe,Woolworths Supermarket,"Meat, Seafood & Deli",King Island Dairy Victoria Cove Smoked Camembert 200g,067278,$12.60,$63.00 / 1KG,https://www.woolworths.com.au/shop/productdetails/67278/king-island-dairy-victoria-cove-smoked-camembert,https://cdn0.woolworths.media/content/wowproductimages/medium/067278.jpg,2020-09-21 19:17:24,,0,,True
06a78267-cc83-4ba6-b5ae-b33bf0926eef,Woolworths Supermarket,"Meat, Seafood & Deli",Obela Restaurant Style Hommus 350g,067303,$6.00,$1.71 / 100G,https://www.woolworths.com.au/shop/productdetails/67303/obela-restaurant-style-hommus,https://cdn0.woolworths.media/content/wowproductimages/medium/067303.jpg,2020-09-21 19:17:24,,0,,True
ab3b1bee-f587-40ea-ba2f-403659a7ac55,Woolworths Supermarket,"Meat, Seafood & Deli",Ingham's Turkey Breast Steaks 400g,067739,$8.50,$21.25 / 1KG,https://www.woolworths.com.au/shop/productdetails/67739/ingham-s-turkey-breast-steaks,https://cdn0.woolworths.media/content/wowproductimages/medium/067739.jpg,2020-09-21 19:17:24,,0,,True
ee72cb51-32d2-4cda-8a6a-f5e90466b1b1,Woolworths Supermarket,"Meat, Seafood & Deli",Ob Finest Sourdough Crispbread Natural 110g,067767,$5.00,$4.55 / 100G,https://www.woolworths.com.au/shop/productdetails/67767/ob-finest-sourdough-crispbread-natural,https://cdn0.woolworths.media/content/wowproductimages/medium/067767.jpg,2020-09-21 19:17:24,,0,,True
0c8e9c9e-9bbb-4747-a12e-4209a1f5eb3d,Woolworths Supermarket,"Meat, Seafood & Deli",Obela Deli Style Parmesan Basil Pesto & Cashews 200g,067792,$5.00,$2.50 / 100G,https://www.woolworths.com.au/shop/productdetails/67792/obela-deli-style-parmesan-basil-pesto-cashews,https://cdn0.woolworths.media/content/wowproductimages/medium/067792.jpg,2020-09-21 19:17:24,,0,,True
445d897b-9761-4e61-b076-0c031dc02b72,Woolworths Supermarket,"Meat, Seafood & Deli",Obela Deli Style Pecorino Roast Capsicum & Cashews 200g,067853,$5.00,$2.50 / 100G,https://www.woolworths.com.au/shop/productdetails/67853/obela-deli-style-pecorino-roast-capsicum-cashews,https://cdn0.woolworths.media/content/wowproductimages/medium/067853.jpg,2020-09-21 19:17:24,,0,,True
97bfc037-187a-4051-ae36-465ecc0bbec7,Woolworths Supermarket,"Meat, Seafood & Deli",Normandie Pate Chicken Champagne 150g,067858,$4.50,$30.00 / 1KG,https://www.woolworths.com.au/shop/productdetails/67858/normandie-pate-chicken-champagne,https://cdn0.woolworths.media/content/wowproductimages/medium/067858.jpg,2020-09-21 19:17:24,,0,,True
e0339225-211b-46a0-843c-81efaadad8bd,Woolworths Supermarket,"Meat, Seafood & Deli",Ob Finest Sourdough Crispbread Activated Charcoal 110g,067885,$5.00,$4.55 / 100G,https://www.woolworths.com.au/shop/productdetails/67885/ob-finest-sourdough-crispbread-activated-charcoal,https://cdn0.woolworths.media/content/wowproductimages/medium/067885.jpg,2020-09-21 19:17:24,,0,,True
16f8b2d5-f863-4980-8c79-c0ba2cdcf923,Woolworths Supermarket,"Meat, Seafood & Deli",Ob Finest Sourdough Crispbread Cranberry Infusion 110g,067886,$5.00,$4.55 / 100G,https://www.woolworths.com.au/shop/productdetails/67886/ob-finest-sourdough-crispbread-cranberry-infusion,https://cdn0.woolworths.media/content/wowproductimages/medium/067886.jpg,2020-09-21 19:17:24,,0,,True
e291f648-8890-4ce7-a305-5eeb0a5e386d,Woolworths Supermarket,"Meat, Seafood & Deli",Primo Hungarian Salami Hot 80g,068488,$3.25,$40.63 / 1KG,https://www.woolworths.com.au/shop/productdetails/68488/primo-hungarian-salami-hot,https://cdn0.woolworths.media/content/wowproductimages/medium/068488.jpg,2020-09-21 19:17:24,,0,2 for $5.50,True
76119519-6ea3-4d54-a467-f0f529f6a29b,Woolworths Supermarket,"Meat, Seafood & Deli",Primo Mortadella 100g,068490,$3.25,$32.50 / 1KG,https://www.woolworths.com.au/shop/productdetails/68490/primo-mortadella,https://cdn0.woolworths.media/content/wowproductimages/medium/068490.jpg,2020-09-21 19:17:24,,0,2 for $5.50,True
80ebd8a6-8bbd-47ad-8382-63f6fdf5701d,Woolworths Supermarket,"Meat, Seafood & Deli",Woolworths Market Value Thin Sausage 1.8kg,824100,$9.00,$5.00 / 1KG,https://www.woolworths.com.au/shop/productdetails/824100/woolworths-market-value-thin-sausage,https://cdn0.woolworths.media/content/wowproductimages/medium/824100.jpg,2020-09-21 19:17:24,Average product rating out of 5: 4.3. Product score is based on 12 ratings,12,Was $11.00 11/02/2020,True
2696ac98-4371-46fe-8894-5fefe8206ea0,Woolworths Supermarket,"Meat, Seafood & Deli",Woolworths Heart Smart Extra Lean Beef Mince 500g,577860,$8.50,$17.00 / 1KG,https://www.woolworths.com.au/shop/productdetails/577860/woolworths-heart-smart-extra-lean-beef-mince,https://cdn0.woolworths.media/content/wowproductimages/medium/577860.jpg,2020-09-21 19:17:24,Average product rating out of 5: 4.6. Product score is based on 462 ratings,462,,True
415d848d-92d7-4387-ae92-dd49db57f908,Woolworths Supermarket,"Meat, Seafood & Deli",Woolworths Short Cut Bacon 200g,509865,$4.00,$20.00 / 1KG,https://www.woolworths.com.au/shop/productdetails/509865/woolworths-short-cut-bacon,https://cdn0.woolworths.media/content/wowproductimages/medium/509865.jpg,2020-09-21 19:17:24,Average product rating out of 5: 4.6. Product score is based on 355 ratings,355,,True
7c0c1d89-7899-4330-b7cd-8fba64d91582,Woolworths Supermarket,"Meat, Seafood & Deli",Macro Chicken Breast Fillets Free Range 700g - 1.3kg,700228,$18.20,$14.00 / 1KG,https://www.woolworths.com.au/shop/productdetails/700228/macro-chicken-breast-fillets-free-range,https://cdn0.woolworths.media/content/wowproductimages/medium/700228.jpg,2020-09-21 19:17:24,,0,,True
f34c2f39-4a10-4f48-b39f-52ac97a8a90c,Woolworths Supermarket,"Meat, Seafood & Deli",D'orsogna Ham Leg Shaved 400G,795918,$5.50,$13.75 / 1KG,https://www.woolworths.com.au/shop/productdetails/795918/d-orsogna-ham-leg-shaved,https://cdn0.woolworths.media/content/wowproductimages/medium/795918.jpg,2020-09-21 19:17:24,,0,,True
2c3d5182-e56f-42f5-8872-85573c7fbcce,Woolworths Supermarket,"Meat, Seafood & Deli",Woolworths Beef Sausage 600g,820196,$5.50,$9.17 / 1KG,https://www.woolworths.com.au/shop/productdetails/820196/woolworths-beef-sausage,https://cdn0.woolworths.media/content/wowproductimages/medium/820196.jpg,2020-09-21 19:17:24,,0,2 for $10.00 $8.33/1KG,True
c96a6d0d-2eaf-4ad0-b9f8-e93a13c3c197,Woolworths Supermarket,"Meat, Seafood & Deli",Perfect Italiano Shaved Parmesan 125g,360904,$3.25,$26.00 / 1KG,https://www.woolworths.com.au/shop/productdetails/360904/perfect-italiano-shaved-parmesan,https://cdn0.woolworths.media/content/wowproductimages/medium/360904.jpg,2020-09-21 19:17:24,,0,,True
210d545b-f5c9-4648-bd18-16a4b70ed4ef,Woolworths Supermarket,"Meat, Seafood & Deli",Woolworths Lean Beef Mince 500g,577861,$7.50,$15.00 / 1KG,https://www.woolworths.com.au/shop/productdetails/577861/woolworths-lean-beef-mince,https://cdn0.woolworths.media/content/wowproductimages/medium/577861.jpg,2020-09-21 19:17:24,,0,,True
8d78cd30-2906-4f0a-be9a-6b2288f700d4,Woolworths Supermarket,"Meat, Seafood & Deli",Woolworths Beef Stir Fry 500g,531015,$10.00,$20.00 / 1KG,https://www.woolworths.com.au/shop/productdetails/531015/woolworths-beef-stir-fry,https://cdn0.woolworths.media/content/wowproductimages/medium/531015.jpg,2020-09-21 19:17:24,,0,,True
e2b2e24d-4801-48d1-8fea-2f57187d2974,Woolworths Supermarket,"Meat, Seafood & Deli",D'orsogna Triple Smoked Leg Ham 97% Fat Free Shaved From The Deli per kg,175734,$19.00,$19.00 / 1KG,https://www.woolworths.com.au/shop/productdetails/175734/d-orsogna-triple-smoked-leg-ham-97-fat-free-shaved-from-the-deli,https://cdn0.woolworths.media/content/wowproductimages/medium/175734.jpg,2020-09-21 19:17:24,,0,,True
d0368106-2673-463a-970c-0bd4c8774410,Woolworths Supermarket,"Meat, Seafood & Deli",Perfect Italiano Extra Sharp Grated Parmesan 125g,302306,$3.25,$26.00 / 1KG,https://www.woolworths.com.au/shop/productdetails/302306/perfect-italiano-extra-sharp-grated-parmesan,https://cdn0.woolworths.media/content/wowproductimages/medium/302306.jpg,2020-09-21 19:17:24,,0,,True
617cac3b-c577-48c7-80d1-f348fb36ee8d,Woolworths Supermarket,"Meat, Seafood & Deli",Woolworths Lean Beef Mince 1kg,577862,$14.00,$14.00 / 1KG,https://www.woolworths.com.au/shop/productdetails/577862/woolworths-lean-beef-mince,https://cdn0.woolworths.media/content/wowproductimages/medium/577862.jpg,2020-09-21 19:17:24,,0,,True
beded6c5-de8b-473e-b05b-01bd4efd5118,Woolworths Supermarket,"Meat, Seafood & Deli",Macro Chicken Drumsticks Free Range 650g - 1.2kg,764857,$6.60,$5.50 / 1KG,https://www.woolworths.com.au/shop/productdetails/764857/macro-chicken-drumsticks-free-range,https://cdn0.woolworths.media/content/wowproductimages/medium/764857.jpg,2020-09-21 19:17:24,,0,,True
55d6b12b-a6f8-4dea-a7e0-2da9fd85b58a,Woolworths Supermarket,"Meat, Seafood & Deli",Woolworths Beef Mince 1kg,577864,$11.00,$11.00 / 1KG,https://www.woolworths.com.au/shop/productdetails/577864/woolworths-beef-mince,https://cdn0.woolworths.media/content/wowproductimages/medium/577864.jpg,2020-09-21 19:17:24,,0,,True
f2d0c2f7-230b-444b-b3bf-9e11da1870e8,Woolworths Supermarket,"Meat, Seafood & Deli",Macro Chicken Wing Nibbles Free Range 500g - 900g,700269,$7.65,$8.50 / 1KG,https://www.woolworths.com.au/shop/productdetails/700269/macro-chicken-wing-nibbles-free-range,https://cdn0.woolworths.media/content/wowproductimages/medium/700269.jpg,2020-09-21 19:17:24,,0,,True
0a22e17d-5f90-4e28-970e-3a413a71d5a6,Woolworths Supermarket,"Meat, Seafood & Deli",Woolworths Beef Oyster Blade Steak 600g,675479,$12.00,$20.00 / 1KG,https://www.woolworths.com.au/shop/productdetails/675479/woolworths-beef-oyster-blade-steak,https://cdn0.woolworths.media/content/wowproductimages/medium/675479.jpg,2020-09-21 19:17:24,,0,,True
3adb9dab-a4c3-4a8e-8de9-967aa356e3aa,Woolworths Supermarket,"Meat, Seafood & Deli",Champagne Leg Ham Shaved From The Deli per kg,552396,$20.00,$20.00 / 1KG,https://www.woolworths.com.au/shop/productdetails/552396/champagne-leg-ham-shaved-from-the-deli,https://cdn0.woolworths.media/content/wowproductimages/medium/552396.jpg,2020-09-21 19:17:24,,0,,True
d3cba222-e5ab-427d-bf78-4c75e2dda609,Woolworths Supermarket,"Meat, Seafood & Deli",Woolworths Beef Mince 500g,577863,$6.00,$12.00 / 1KG,https://www.woolworths.com.au/shop/productdetails/577863/woolworths-beef-mince,https://cdn0.woolworths.media/content/wowproductimages/medium/577863.jpg,2020-09-21 19:17:24,,0,,True
1579e74a-264a-4ce1-8a99-b1074fc4bf89,Woolworths Supermarket,"Meat, Seafood & Deli",Woolworths Rspca Approved Chicken Stirfry 500g,002841,$8.50,$17.00 / 1KG,https://www.woolworths.com.au/shop/productdetails/2841/woolworths-rspca-approved-chicken-stirfry,https://cdn0.woolworths.media/content/wowproductimages/medium/002841.jpg,2020-09-21 19:17:24,,0,,True
ae58d0bc-c423-439b-a15e-5745e3ac50d2,Woolworths Supermarket,"Meat, Seafood & Deli",D'orsogna Diced Bacon per kg,071860,$13.00,$13.00 / 1KG,https://www.woolworths.com.au/shop/productdetails/71860/d-orsogna-diced-bacon,https://cdn0.woolworths.media/content/wowproductimages/medium/071860.jpg,2020-09-21 19:17:24,,0,,True
399b37d7-9073-4cb1-bb06-b9e77c90512b,Woolworths Supermarket,"Meat, Seafood & Deli",Market Value Beef Scotch Fillet Steak 190g,074438,$6.00,$31.58 / 1KG,https://www.woolworths.com.au/shop/productdetails/74438/market-value-beef-scotch-fillet-steak,https://cdn0.woolworths.media/content/wowproductimages/medium/074438.jpg,2020-09-21 19:17:24,,0,,True
f1e8198e-9ebe-4cf5-96dc-335e83f4b495,Woolworths Supermarket,"Meat, Seafood & Deli",Tasmanian Heritage Double Brie Cheese 250g,077182,$11.80,$47.20 / 1KG,https://www.woolworths.com.au/shop/productdetails/77182/tasmanian-heritage-double-brie-cheese,https://cdn0.woolworths.media/content/wowproductimages/medium/077182.jpg,2020-09-21 19:17:24,,0,,True
c820c8b0-2239-4147-a2d8-fd80c7c3e50a,Woolworths Supermarket,"Meat, Seafood & Deli",Woolworths Creamy Chicken & Mushroom Risotto 350g,078165,$7.50,$2.14 / 100G,https://www.woolworths.com.au/shop/productdetails/78165/woolworths-creamy-chicken-mushroom-risotto,https://cdn0.woolworths.media/content/wowproductimages/medium/078165.jpg,2020-09-21 19:17:24,Average product rating out of 5: 3.5. Product score is based on 140 ratings,140,,True
9c9ef0aa-0725-45b6-a307-28fad983fb56,Woolworths Supermarket,"Meat, Seafood & Deli",Woolworths Cook Pork Belly 400g - 700g,078574,$16.80,$24.00 / 1KG,https://www.woolworths.com.au/shop/productdetails/78574/woolworths-cook-pork-belly,https://cdn0.woolworths.media/content/wowproductimages/medium/078574.jpg,2020-09-21 19:17:24,Average product rating out of 5: 3.5. Product score is based on 203 ratings,203,,True
7a10fc50-95de-4c2a-809e-bb31bd1720b4,Woolworths Supermarket,"Meat, Seafood & Deli",Woolworths Cook Pork Knuckle 800g - 1.2kg,078575,$15.60,$13.00 / 1KG,https://www.woolworths.com.au/shop/productdetails/78575/woolworths-cook-pork-knuckle,https://cdn0.woolworths.media/content/wowproductimages/medium/078575.jpg,2020-09-21 19:17:24,Average product rating out of 5: 4.2. Product score is based on 208 ratings,208,,True
fdef05ac-6cbd-4756-a57d-cd19ee050531,Woolworths Supermarket,"Meat, Seafood & Deli",Woolworths Pumpkin & Feta Risotto With Pepitas 350g,079944,$7.50,$2.14 / 100G,https://www.woolworths.com.au/shop/productdetails/79944/woolworths-pumpkin-feta-risotto-with-pepitas,https://cdn0.woolworths.media/content/wowproductimages/medium/079944.jpg,2020-09-21 19:17:24,Average product rating out of 5: 3.4. Product score is based on 156 ratings,156,,True
80e07a13-af7b-44f6-8f51-4e85a302466a,Woolworths Supermarket,"Meat, Seafood & Deli","Woolworths Bbq Chicken Falafel Kebabs Chickpeas, Lentils & Onion 320g",081614,$8.00,$25.00 / 1KG,https://www.woolworths.com.au/shop/productdetails/81614/woolworths-bbq-chicken-falafel-kebabs-chickpeas-lentils-onion,https://cdn0.woolworths.media/content/wowproductimages/medium/081614.jpg,2020-09-21 19:17:24,,0,,True
6b1a7dba-1a69-4f9e-aed9-5d8cd372275b,Woolworths Supermarket,"Meat, Seafood & Deli",Woolworths Cook Chicken Breast Steaks Lemon & Pepper 500g,081621,,,https://www.woolworths.com.au/shop/productdetails/81621/woolworths-cook-chicken-breast-steaks-lemon-pepper,https://cdn0.woolworths.media/content/wowproductimages/medium/081621.jpg,2020-09-21 19:17:24,Average product rating out of 5: 4.3. Product score is based on 217 ratings,217,,False
5195da83-03d5-4aea-ae44-d144d12794f6,Woolworths Supermarket,"Meat, Seafood & Deli",Woolworths Cook Chicken Breast Steaks Sweet Soy Bbq 500g,081632,$10.00,$20.00 / 1KG,https://www.woolworths.com.au/shop/productdetails/81632/woolworths-cook-chicken-breast-steaks-sweet-soy-bbq,https://cdn0.woolworths.media/content/wowproductimages/medium/081632.jpg,2020-09-21 19:17:24,Average product rating out of 5: 4.4. Product score is based on 289 ratings,289,,True
4fceb9c7-2449-4ae6-a683-0e8a04cdb35e,Woolworths Supermarket,"Meat, Seafood & Deli",Woolworths Cook Chicken Breast Steaks Chilli Garlic & Rosemary 500g,081633,$10.00,$20.00 / 1KG,https://www.woolworths.com.au/shop/productdetails/81633/woolworths-cook-chicken-breast-steaks-chilli-garlic-rosemary,https://cdn0.woolworths.media/content/wowproductimages/medium/081633.jpg,2020-09-21 19:17:24,Average product rating out of 5: 4.4. Product score is based on 307 ratings,307,,True
b48c12b2-fd2a-41a1-bc0f-69b46f48217b,Woolworths Supermarket,"Meat, Seafood & Deli",Woolworths Grass Fed Beef Eye Fillet Steak 320g,082227,$18.00,$56.25 / 1KG,https://www.woolworths.com.au/shop/productdetails/82227/woolworths-grass-fed-beef-eye-fillet-steak,https://cdn0.woolworths.media/content/wowproductimages/medium/082227.jpg,2020-09-21 19:17:24,,0,,True
c8fcff2c-eaa7-43db-a564-f15a3ec4208c,Woolworths Supermarket,"Meat, Seafood & Deli",Woolworths Cook Chicken Roasting Portions Italian Style 1.5kg - 2kg,083172,$13.00,$6.50 / 1KG,https://www.woolworths.com.au/shop/productdetails/83172/woolworths-cook-chicken-roasting-portions-italian-style,https://cdn0.woolworths.media/content/wowproductimages/medium/083172.jpg,2020-09-21 19:17:24,Average product rating out of 5: 4.4. Product score is based on 304 ratings,304,Was $7.50kg 24/06/2020,True
521ea6c4-40e2-4f73-809d-fdd4f52b7f05,Woolworths Supermarket,"Meat, Seafood & Deli",Woolworths Rspca Chicken Livers 500g,083194,$3.00,$6.00 / 1KG,https://www.woolworths.com.au/shop/productdetails/83194/woolworths-rspca-chicken-livers,https://cdn0.woolworths.media/content/wowproductimages/medium/083194.jpg,2020-09-21 19:17:24,,0,,True
d9502319-9d2a-4a40-8d85-28db335639f0,Woolworths Supermarket,"Meat, Seafood & Deli",Woolworths Cook Marinated Lamb Steaks With Thyme Pepper & Garlic 270g,083534,$7.50,$27.78 / 1KG,https://www.woolworths.com.au/shop/productdetails/83534/woolworths-cook-marinated-lamb-steaks-with-thyme-pepper-garlic,https://cdn0.woolworths.media/content/wowproductimages/medium/083534.jpg,2020-09-21 19:17:24,Average product rating out of 5: 4.3. Product score is based on 170 ratings,170,,True
4bfe3ca7-c61a-49a9-891d-53558a63817f,Woolworths Supermarket,"Meat, Seafood & Deli",Woolworths Cook Lamb Koftas With Mixed Veges & Mint Yoghurt Sauce 500g,083535,$10.00,$20.00 / 1KG,https://www.woolworths.com.au/shop/productdetails/83535/woolworths-cook-lamb-koftas-with-mixed-veges-mint-yoghurt-sauce,https://cdn0.woolworths.media/content/wowproductimages/medium/083535.jpg,2020-09-21 19:17:24,Average product rating out of 5: 3.7. Product score is based on 222 ratings,222,,True
b236b1f1-91eb-4117-bf0c-57fac38a913e,Woolworths Supermarket,"Meat, Seafood & Deli",Woolworths Fetta & Spinach Chicken Sausages 500g,083727,$8.00,$16.00 / 1KG,https://www.woolworths.com.au/shop/productdetails/83727/woolworths-fetta-spinach-chicken-sausages,https://cdn0.woolworths.media/content/wowproductimages/medium/083727.jpg,2020-09-21 19:17:24,Average product rating out of 5: 4.2. Product score is based on 145 ratings,145,,True
39bd8d4c-36bc-48cd-90bf-6daad1561d21,Woolworths Supermarket,"Meat, Seafood & Deli",Woolworths Classic Cumberland Pork Sausages 500g,083728,,,https://www.woolworths.com.au/shop/productdetails/83728/woolworths-classic-cumberland-pork-sausages,https://cdn0.woolworths.media/content/wowproductimages/medium/083728.jpg,2020-09-21 19:17:24,Average product rating out of 5: 4.0. Product score is based on 115 ratings,115,,False
a82d4fdb-8c4e-4233-b2ee-17f70a6e6f35,Woolworths Supermarket,"Meat, Seafood & Deli",Woolworths Italian Style Fennel Pork Sausages 500g,083729,$8.00,$16.00 / 1KG,https://www.woolworths.com.au/shop/productdetails/83729/woolworths-italian-style-fennel-pork-sausages,https://cdn0.woolworths.media/content/wowproductimages/medium/083729.jpg,2020-09-21 19:17:24,Average product rating out of 5: 4.1. Product score is based on 67 ratings,67,,True
07381234-2a69-4297-89da-adabbf75f5b4,Woolworths Supermarket,"Meat, Seafood & Deli",Woolworths Fetta & Rosemary Lamb Sausages 500g,083732,$8.00,$16.00 / 1KG,https://www.woolworths.com.au/shop/productdetails/83732/woolworths-fetta-rosemary-lamb-sausages,https://cdn0.woolworths.media/content/wowproductimages/medium/083732.jpg,2020-09-21 19:17:24,Average product rating out of 5: 4.1. Product score is based on 209 ratings,209,,True
567126f2-0a5a-49e6-a1d6-4c6c793ff1ba,Woolworths Supermarket,"Meat, Seafood & Deli",Woolworths Cracked Black Pepper & Wagyu Beef Sausages 500g,083733,,,https://www.woolworths.com.au/shop/productdetails/83733/woolworths-cracked-black-pepper-wagyu-beef-sausages,https://cdn0.woolworths.media/content/wowproductimages/medium/083733.jpg,2020-09-21 19:17:24,Average product rating out of 5: 4.0. Product score is based on 56 ratings,56,,False
24488c02-68db-4a04-93b2-c465cd07f36f,Woolworths Supermarket,"Meat, Seafood & Deli",Dodoni Fetta Cheese 200g,084639,$6.00,$30.00 / 1KG,https://www.woolworths.com.au/shop/productdetails/84639/dodoni-fetta-cheese,https://cdn0.woolworths.media/content/wowproductimages/medium/084639.jpg,2020-09-21 19:17:24,,0,Was $7.00 18/09/2017,True
11c0043c-7030-4b28-809d-af3ce5367837,Woolworths Supermarket,"Meat, Seafood & Deli",Woolworths &veg Beef Sausages With Carrot & Sauteed Onion 450g,084992,$7.00,$15.56 / 1KG,https://www.woolworths.com.au/shop/productdetails/84992/woolworths-veg-beef-sausages-with-carrot-sauteed-onion,https://cdn0.woolworths.media/content/wowproductimages/medium/084992.jpg,2020-09-21 19:17:24,Average product rating out of 5: 4.0. Product score is based on 2 ratings,2,,True
81f355af-7285-402a-8f71-3a553334934c,Woolworths Supermarket,"Meat, Seafood & Deli",Woolworths &veg Beef Meatballs With Carrot Celery Tomato & Onion 400g,084993,$7.00,$17.50 / 1KG,https://www.woolworths.com.au/shop/productdetails/84993/woolworths-veg-beef-meatballs-with-carrot-celery-tomato-onion,https://cdn0.woolworths.media/content/wowproductimages/medium/084993.jpg,2020-09-21 19:17:24,Average product rating out of 5: 4.1. Product score is based on 283 ratings,283,,True
1797fe65-86a7-4df6-b24a-90ca2a2bc27b,Woolworths Supermarket,"Meat, Seafood & Deli",Woolworths Market Value Thin Sausage 1.8kg,824100,$9.00,$5.00 / 1KG,https://www.woolworths.com.au/shop/productdetails/824100/woolworths-market-value-thin-sausage,https://cdn0.woolworths.media/content/wowproductimages/medium/824100.jpg,2020-09-21 19:17:24,Average product rating out of 5: 4.3. Product score is based on 12 ratings,12,Was $11.00 11/02/2020,True
768f1d6c-03c4-4777-9ca0-42fb7ac09cbe,Woolworths Supermarket,"Meat, Seafood & Deli",Macro Chicken Breast Fillets Free Range 700g - 1.3kg,700228,$18.20,$14.00 / 1KG,https://www.woolworths.com.au/shop/productdetails/700228/macro-chicken-breast-fillets-free-range,https://cdn0.woolworths.media/content/wowproductimages/medium/700228.jpg,2020-09-21 19:17:24,,0,,True
e6885997-d893-425d-b525-0c7f1f3bc300,Woolworths Supermarket,"Meat, Seafood & Deli",Woolworths Short Cut Bacon 200g,509865,$4.00,$20.00 / 1KG,https://www.woolworths.com.au/shop/productdetails/509865/woolworths-short-cut-bacon,https://cdn0.woolworths.media/content/wowproductimages/medium/509865.jpg,2020-09-21 19:17:24,Average product rating out of 5: 4.6. Product score is based on 355 ratings,355,,True
f4d51a20-6e3a-4ce3-9e75-19d58e6be499,Woolworths Supermarket,"Meat, Seafood & Deli",D'orsogna Ham Leg Shaved 400G,795918,$5.50,$13.75 / 1KG,https://www.woolworths.com.au/shop/productdetails/795918/d-orsogna-ham-leg-shaved,https://cdn0.woolworths.media/content/wowproductimages/medium/795918.jpg,2020-09-21 19:17:24,,0,,True
ecaa39cc-3a86-4fa7-9fd1-e82cff585e24,Woolworths Supermarket,"Meat, Seafood & Deli",Woolworths Beef Oyster Blade Steak 600g,675479,$12.00,$20.00 / 1KG,https://www.woolworths.com.au/shop/productdetails/675479/woolworths-beef-oyster-blade-steak,https://cdn0.woolworths.media/content/wowproductimages/medium/675479.jpg,2020-09-21 19:17:24,,0,,True
ba602455-6817-4879-9c90-ca2142943919,Woolworths Supermarket,"Meat, Seafood & Deli",Macro Chicken Drumsticks Free Range 650g - 1.2kg,764857,$6.60,$5.50 / 1KG,https://www.woolworths.com.au/shop/productdetails/764857/macro-chicken-drumsticks-free-range,https://cdn0.woolworths.media/content/wowproductimages/medium/764857.jpg,2020-09-21 19:17:24,,0,,True
ac09dc62-52b3-4009-b288-76e89c8640c1,Woolworths Supermarket,"Meat, Seafood & Deli",Perfect Italiano Shaved Parmesan 125g,360904,$3.25,$26.00 / 1KG,https://www.woolworths.com.au/shop/productdetails/360904/perfect-italiano-shaved-parmesan,https://cdn0.woolworths.media/content/wowproductimages/medium/360904.jpg,2020-09-21 19:17:24,,0,,True
3ba81fcc-2aa6-4898-8bd3-1de222b3daf3,Woolworths Supermarket,"Meat, Seafood & Deli",Woolworths Lean Beef Mince 1kg,577862,$14.00,$14.00 / 1KG,https://www.woolworths.com.au/shop/productdetails/577862/woolworths-lean-beef-mince,https://cdn0.woolworths.media/content/wowproductimages/medium/577862.jpg,2020-09-21 19:17:24,,0,,True
1f0bbffb-5ab6-4690-9bd9-8acd62284c64,Woolworths Supermarket,"Meat, Seafood & Deli",Woolworths Beef Stir Fry 500g,531015,$10.00,$20.00 / 1KG,https://www.woolworths.com.au/shop/productdetails/531015/woolworths-beef-stir-fry,https://cdn0.woolworths.media/content/wowproductimages/medium/531015.jpg,2020-09-21 19:17:24,,0,,True
ae596507-45ef-431d-93c6-fec9996bf98d,Woolworths Supermarket,"Meat, Seafood & Deli",Woolworths Beef Sausage 600g,820196,$5.50,$9.17 / 1KG,https://www.woolworths.com.au/shop/productdetails/820196/woolworths-beef-sausage,https://cdn0.woolworths.media/content/wowproductimages/medium/820196.jpg,2020-09-21 19:17:24,,0,2 for $10.00 $8.33/1KG,True
dc2e95c4-d111-4c86-b13f-26eefd2b3fc5,Woolworths Supermarket,"Meat, Seafood & Deli",D'orsogna Triple Smoked Leg Ham 97% Fat Free Shaved From The Deli per kg,175734,$19.00,$19.00 / 1KG,https://www.woolworths.com.au/shop/productdetails/175734/d-orsogna-triple-smoked-leg-ham-97-fat-free-shaved-from-the-deli,https://cdn0.woolworths.media/content/wowproductimages/medium/175734.jpg,2020-09-21 19:17:24,,0,,True
fb5cc523-4f37-4c11-9489-d71cae39c4f3,Woolworths Supermarket,"Meat, Seafood & Deli",Perfect Italiano Extra Sharp Grated Parmesan 125g,302306,$3.25,$26.00 / 1KG,https://www.woolworths.com.au/shop/productdetails/302306/perfect-italiano-extra-sharp-grated-parmesan,https://cdn0.woolworths.media/content/wowproductimages/medium/302306.jpg,2020-09-21 19:17:24,,0,,True
8778ce38-e3c2-4023-93fd-c40a3df0d495,Woolworths Supermarket,"Meat, Seafood & Deli",Woolworths Lean Beef Mince 500g,577861,$7.50,$15.00 / 1KG,https://www.woolworths.com.au/shop/productdetails/577861/woolworths-lean-beef-mince,https://cdn0.woolworths.media/content/wowproductimages/medium/577861.jpg,2020-09-21 19:17:24,,0,,True
01df2a2b-b37e-4d97-8422-b9519bc91fae,Woolworths Supermarket,"Meat, Seafood & Deli",Woolworths Beef Mince 1kg,577864,$11.00,$11.00 / 1KG,https://www.woolworths.com.au/shop/productdetails/577864/woolworths-beef-mince,https://cdn0.woolworths.media/content/wowproductimages/medium/577864.jpg,2020-09-21 19:17:24,,0,,True
a1ee4c22-50ea-4adf-99fb-c4cb66010da9,Woolworths Supermarket,"Meat, Seafood & Deli",Woolworths Rspca Approved Chicken Stirfry 500g,002841,$8.50,$17.00 / 1KG,https://www.woolworths.com.au/shop/productdetails/2841/woolworths-rspca-approved-chicken-stirfry,https://cdn0.woolworths.media/content/wowproductimages/medium/002841.jpg,2020-09-21 19:17:24,,0,,True
e3ccd645-02ec-4a94-84c1-e6d41b6824f6,Woolworths Supermarket,"Meat, Seafood & Deli",Champagne Leg Ham Shaved From The Deli per kg,552396,$20.00,$20.00 / 1KG,https://www.woolworths.com.au/shop/productdetails/552396/champagne-leg-ham-shaved-from-the-deli,https://cdn0.woolworths.media/content/wowproductimages/medium/552396.jpg,2020-09-21 19:17:24,,0,,True
e916a8fe-c8ae-449a-8b33-7c5ce4eaa92d,Woolworths Supermarket,"Meat, Seafood & Deli",Macro Chicken Wing Nibbles Free Range 500g - 900g,700269,$7.65,$8.50 / 1KG,https://www.woolworths.com.au/shop/productdetails/700269/macro-chicken-wing-nibbles-free-range,https://cdn0.woolworths.media/content/wowproductimages/medium/700269.jpg,2020-09-21 19:17:24,,0,,True
b64a50be-78e5-4402-bf44-ba6df4ca10cc,Woolworths Supermarket,"Meat, Seafood & Deli",Woolworths Beef Mince 500g,577863,$6.00,$12.00 / 1KG,https://www.woolworths.com.au/shop/productdetails/577863/woolworths-beef-mince,https://cdn0.woolworths.media/content/wowproductimages/medium/577863.jpg,2020-09-21 19:17:24,,0,,True
3b1168d8-9c88-4edd-8847-241091598a2b,Woolworths Supermarket,"Meat, Seafood & Deli",Woolworths Heart Smart Extra Lean Beef Mince 500g,577860,$8.50,$17.00 / 1KG,https://www.woolworths.com.au/shop/productdetails/577860/woolworths-heart-smart-extra-lean-beef-mince,https://cdn0.woolworths.media/content/wowproductimages/medium/577860.jpg,2020-09-21 19:17:24,Average product rating out of 5: 4.6. Product score is based on 462 ratings,462,,True
8923937a-a4a5-4822-b31a-6b61077aacfd,Woolworths Supermarket,"Meat, Seafood & Deli",Woolworths &veg Beef Mince With Carrots Onion Celery & Tomato 500g,084995,$7.00,$14.00 / 1KG,https://www.woolworths.com.au/shop/productdetails/84995/woolworths-veg-beef-mince-with-carrots-onion-celery-tomato,https://cdn0.woolworths.media/content/wowproductimages/medium/084995.jpg,2020-09-21 19:17:24,Average product rating out of 5: 4.2. Product score is based on 187 ratings,187,,True
ae390e31-ff3c-4a12-89c8-7fed9da956cd,Woolworths Supermarket,"Meat, Seafood & Deli",Jarlsberg Cheese Pre-wrapped min. 230g,085726,$25.00,$25.00 / 1KG,https://www.woolworths.com.au/shop/productdetails/85726/jarlsberg-cheese-pre-wrapped,https://cdn0.woolworths.media/content/wowproductimages/medium/085726.jpg,2020-09-21 19:17:24,,0,,True
01546de7-b42a-4fe3-8754-ab747c00b261,Woolworths Supermarket,"Meat, Seafood & Deli",Jarlsberg Shaved Cheese per kg,085924,$25.00,$25.00 / 1KG,https://www.woolworths.com.au/shop/productdetails/85924/jarlsberg-shaved-cheese,https://cdn0.woolworths.media/content/wowproductimages/medium/085924.jpg,2020-09-21 19:17:24,,0,,True
b4b67e75-10ca-414c-b35c-2969ade81804,Woolworths Supermarket,"Meat, Seafood & Deli",The Free Ranger Free Range Chicken Breast Fillets 500g - 650g,088493,$11.70,$18.00 / 1KG,https://www.woolworths.com.au/shop/productdetails/88493/the-free-ranger-free-range-chicken-breast-fillets,https://cdn0.woolworths.media/content/wowproductimages/medium/088493.jpg,2020-09-21 19:17:24,,0,,True
22cadb85-77cf-4e32-b45e-6871b7136b71,Woolworths Supermarket,"Meat, Seafood & Deli",The Free Ranger Free Range Chicken Drumsticks 900g - 1.1kg,088622,$6.60,$6.00 / 1KG,https://www.woolworths.com.au/shop/productdetails/88622/the-free-ranger-free-range-chicken-drumsticks,https://cdn0.woolworths.media/content/wowproductimages/medium/088622.jpg,2020-09-21 19:17:24,,0,,True
cbe66ca4-8323-4ca0-a784-1543e7a761c3,Woolworths Supermarket,"Meat, Seafood & Deli",The Free Ranger Free Range Whole Chicken 1.3kg - 1.9kg,088895,$13.30,$7.00 / 1KG,https://www.woolworths.com.au/shop/productdetails/88895/the-free-ranger-free-range-whole-chicken,https://cdn0.woolworths.media/content/wowproductimages/medium/088895.jpg,2020-09-21 19:17:24,,0,,True
75607dca-2f5e-44c6-87da-8df480020c90,Woolworths Supermarket,"Meat, Seafood & Deli",Don Liverwurst Latvian 100g,089063,$2.20,$22.00 / 1KG,https://www.woolworths.com.au/shop/productdetails/89063/don-liverwurst-latvian,https://cdn0.woolworths.media/content/wowproductimages/medium/089063.jpg,2020-09-21 19:17:24,,0,,True
425b8361-5beb-4787-b895-2c242fd39712,Woolworths Supermarket,"Meat, Seafood & Deli",Primo Silverside Beef 80g,090848,$3.25,$40.63 / 1KG,https://www.woolworths.com.au/shop/productdetails/90848/primo-silverside-beef,https://cdn0.woolworths.media/content/wowproductimages/medium/090848.jpg,2020-09-21 19:17:24,,0,2 for $5.50,True
d2d92b3a-0a27-42bc-918d-eee0424dc24b,Woolworths Supermarket,"Meat, Seafood & Deli",Goolwa Pipico Whole Clam Chowder 575g,091090,$9.00,$15.65 / 1KG,https://www.woolworths.com.au/shop/productdetails/91090/goolwa-pipico-whole-clam-chowder,https://cdn0.woolworths.media/content/wowproductimages/medium/091090.jpg,2020-09-21 19:17:24,,0,,True
38ab6a1b-8249-4a4d-b204-3bcf10f2b42e,Woolworths Supermarket,"Meat, Seafood & Deli",Marsh's Extra Tasty Cheese min. 300g,091380,$13.90,$13.90 / 1KG,https://www.woolworths.com.au/shop/productdetails/91380/marsh-s-extra-tasty-cheese,https://cdn0.woolworths.media/content/wowproductimages/medium/091380.jpg,2020-09-21 19:17:24,,0,,True
5b57f383-78eb-4b46-b6e6-c03458b2bd22,Woolworths Supermarket,"Meat, Seafood & Deli",Thawed Marinated Garlic Prawn per kg,091597,$28.00,$28.00 / 1KG,https://www.woolworths.com.au/shop/productdetails/91597/thawed-marinated-garlic-prawn,https://cdn0.woolworths.media/content/wowproductimages/medium/091597.jpg,2020-09-21 19:17:24,,0,,True
f4b98b87-e5cf-450b-9e5e-95d42a25c931,Woolworths Supermarket,"Meat, Seafood & Deli",Jarlsberg Sliced Cheese per kg,093235,$25.00,$25.00 / 1KG,https://www.woolworths.com.au/shop/productdetails/93235/jarlsberg-sliced-cheese,https://cdn0.woolworths.media/content/wowproductimages/medium/093235.jpg,2020-09-21 19:17:24,,0,,True
f868c6cd-2fae-47f2-9ef0-d984b6f9c019,Woolworths Supermarket,"Meat, Seafood & Deli",Just Caught Multiseed Crumbed Fish Fillets 880g,093456,$12.00,$13.64 / 1KG,https://www.woolworths.com.au/shop/productdetails/93456/just-caught-multiseed-crumbed-fish-fillets,https://cdn0.woolworths.media/content/wowproductimages/medium/093456.jpg,2020-09-21 19:17:24,,0,,True
bf7d1afd-785c-47f7-a2f8-a5d6552bd4eb,Woolworths Supermarket,"Meat, Seafood & Deli",Just Caught Cooked Prawns Tail On 300g,093465,$10.00,$33.33 / 1KG,https://www.woolworths.com.au/shop/productdetails/93465/just-caught-cooked-prawns-tail-on,https://cdn0.woolworths.media/content/wowproductimages/medium/093465.jpg,2020-09-21 19:17:24,,0,,True
51bf30d1-3582-49e6-888a-e21ab660d88c,Woolworths Supermarket,"Meat, Seafood & Deli",The Smokeman Brothers Flame Grilled Chimichurri Beef Steak 400g,094127,$12.00,$3.00 / 100G,https://www.woolworths.com.au/shop/productdetails/94127/the-smokeman-brothers-flame-grilled-chimichurri-beef-steak,https://cdn0.woolworths.media/content/wowproductimages/medium/094127.jpg,2020-09-21 19:17:24,,0,,True
4afef597-41f1-4af4-b808-fdb17fc2d2f7,Woolworths Supermarket,"Meat, Seafood & Deli",Petuna Atlantic Salmon Fillets 800g,095875,$22.00,$27.50 / 1KG,https://www.woolworths.com.au/shop/productdetails/95875/petuna-atlantic-salmon-fillets,https://cdn0.woolworths.media/content/wowproductimages/medium/095875.jpg,2020-09-21 19:17:24,,0,,True
f626afe5-63ce-4263-b98c-6a17af374b82,Woolworths Supermarket,"Meat, Seafood & Deli",Huon Premium Ocean Trout Portions Skin On 280g,095918,$11.00,$39.29 / 1KG,https://www.woolworths.com.au/shop/productdetails/95918/huon-premium-ocean-trout-portions-skin-on,https://cdn0.woolworths.media/content/wowproductimages/medium/095918.jpg,2020-09-21 19:17:24,,0,,True
f563791c-f682-4bda-a0d3-ee61310c631f,Woolworths Supermarket,"Meat, Seafood & Deli",Castello Marinated Fetta Cubes 265g,095977,$6.00,$22.64 / 1KG,https://www.woolworths.com.au/shop/productdetails/95977/castello-marinated-fetta-cubes,https://cdn0.woolworths.media/content/wowproductimages/medium/095977.jpg,2020-09-21 19:17:24,,0,,True
9e818337-19f2-445e-8326-34861d0381ad,Woolworths Supermarket,"Meat, Seafood & Deli",Mifroma Emmental 140g,096488,$9.90,$70.71 / 1KG,https://www.woolworths.com.au/shop/productdetails/96488/mifroma-emmental,https://cdn0.woolworths.media/content/wowproductimages/medium/096488.jpg,2020-09-21 19:17:24,,0,,True
de549154-dbb1-47a0-8b10-0a8ef6b6ea1d,Woolworths Supermarket,"Meat, Seafood & Deli",Unicorn Classic Chilli Brie 125g,096489,$4.00,$32.00 / 1KG,https://www.woolworths.com.au/shop/productdetails/96489/unicorn-classic-chilli-brie,https://cdn0.woolworths.media/content/wowproductimages/medium/096489.jpg,2020-09-21 19:17:24,,0,,True
0974cf9e-0edc-49b2-ace8-e7d4ad766c3b,Woolworths Supermarket,"Meat, Seafood & Deli",Zanetti Grana Padano Grated 100g,096490,$4.50,$45.00 / 1KG,https://www.woolworths.com.au/shop/productdetails/96490/zanetti-grana-padano-grated,https://cdn0.woolworths.media/content/wowproductimages/medium/096490.jpg,2020-09-21 19:17:24,,0,,True
bb57c133-7c51-4f5a-acde-17302b4a4551,Woolworths Supermarket,"Meat, Seafood & Deli",Maggie Beer Quince Paste 100g,096722,$6.00,$60.00 / 1KG,https://www.woolworths.com.au/shop/productdetails/96722/maggie-beer-quince-paste,https://cdn0.woolworths.media/content/wowproductimages/medium/096722.jpg,2020-09-21 19:17:24,,0,,True
50837c24-037f-433b-b15b-55bde31d3593,Woolworths Supermarket,"Meat, Seafood & Deli",Mil Lel Shredded Parmesan 170g,097106,$5.00,$29.41 / 1KG,https://www.woolworths.com.au/shop/productdetails/97106/mil-lel-shredded-parmesan,https://cdn0.woolworths.media/content/wowproductimages/medium/097106.jpg,2020-09-21 19:17:24,,0,,True
5b2b408e-ab07-4d5f-a282-ac28eede15cb,Woolworths Supermarket,"Meat, Seafood & Deli",Castello Feta Cubes In Brine With Citrus & Herbs 430g,097255,$5.00,$11.63 / 1KG,https://www.woolworths.com.au/shop/productdetails/97255/castello-feta-cubes-in-brine-with-citrus-herbs,https://cdn0.woolworths.media/content/wowproductimages/medium/097255.jpg,2020-09-21 19:17:24,,0,,True
e05ee6ba-3ece-4c56-8478-74e1c66f03b7,Woolworths Supermarket,"Meat, Seafood & Deli",Woolworths Market Value Thin Sausage 1.8kg,824100,$9.00,$5.00 / 1KG,https://www.woolworths.com.au/shop/productdetails/824100/woolworths-market-value-thin-sausage,https://cdn0.woolworths.media/content/wowproductimages/medium/824100.jpg,2020-09-21 19:17:24,Average product rating out of 5: 4.3. Product score is based on 12 ratings,12,Was $11.00 11/02/2020,True
45cd0155-97c1-4f64-b05b-9ef242b2f1db,Woolworths Supermarket,"Meat, Seafood & Deli",Woolworths Lean Beef Mince 500g,577861,$7.50,$15.00 / 1KG,https://www.woolworths.com.au/shop/productdetails/577861/woolworths-lean-beef-mince,https://cdn0.woolworths.media/content/wowproductimages/medium/577861.jpg,2020-09-21 19:17:24,,0,,True
106777be-cccd-4eb9-a394-f5af1238a82a,Woolworths Supermarket,"Meat, Seafood & Deli",Perfect Italiano Shaved Parmesan 125g,360904,$3.25,$26.00 / 1KG,https://www.woolworths.com.au/shop/productdetails/360904/perfect-italiano-shaved-parmesan,https://cdn0.woolworths.media/content/wowproductimages/medium/360904.jpg,2020-09-21 19:17:24,,0,,True
288bdadd-bee1-4ba4-a208-5dfadfc7deaa,Woolworths Supermarket,"Meat, Seafood & Deli",Woolworths Beef Mince 500g,577863,$6.00,$12.00 / 1KG,https://www.woolworths.com.au/shop/productdetails/577863/woolworths-beef-mince,https://cdn0.woolworths.media/content/wowproductimages/medium/577863.jpg,2020-09-21 19:17:24,,0,,True
bd8cad2e-af4a-49e6-9b4c-d245d8f7cdc0,Woolworths Supermarket,"Meat, Seafood & Deli",Woolworths Beef Mince 1kg,577864,$11.00,$11.00 / 1KG,https://www.woolworths.com.au/shop/productdetails/577864/woolworths-beef-mince,https://cdn0.woolworths.media/content/wowproductimages/medium/577864.jpg,2020-09-21 19:17:24,,0,,True
be6d9d22-976b-4d74-a6df-d2d1c67f027b,Woolworths Supermarket,"Meat, Seafood & Deli",Woolworths Beef Sausage 600g,820196,$5.50,$9.17 / 1KG,https://www.woolworths.com.au/shop/productdetails/820196/woolworths-beef-sausage,https://cdn0.woolworths.media/content/wowproductimages/medium/820196.jpg,2020-09-21 19:17:24,,0,2 for $10.00 $8.33/1KG,True
86cf2946-9d95-418f-9f17-8fc275852650,Woolworths Supermarket,"Meat, Seafood & Deli",Perfect Italiano Extra Sharp Grated Parmesan 125g,302306,$3.25,$26.00 / 1KG,https://www.woolworths.com.au/shop/productdetails/302306/perfect-italiano-extra-sharp-grated-parmesan,https://cdn0.woolworths.media/content/wowproductimages/medium/302306.jpg,2020-09-21 19:17:24,,0,,True
351baadd-ef45-496e-976e-3d6f009b918f,Woolworths Supermarket,"Meat, Seafood & Deli",D'orsogna Ham Leg Shaved 400G,795918,$5.50,$13.75 / 1KG,https://www.woolworths.com.au/shop/productdetails/795918/d-orsogna-ham-leg-shaved,https://cdn0.woolworths.media/content/wowproductimages/medium/795918.jpg,2020-09-21 19:17:24,,0,,True
d38913b6-3e78-4342-9ab0-7e6a7b2ca3c1,Woolworths Supermarket,"Meat, Seafood & Deli",Woolworths Lean Beef Mince 1kg,577862,$14.00,$14.00 / 1KG,https://www.woolworths.com.au/shop/productdetails/577862/woolworths-lean-beef-mince,https://cdn0.woolworths.media/content/wowproductimages/medium/577862.jpg,2020-09-21 19:17:24,,0,,True
f777d54c-1819-4b05-ae8c-01e1662e7b41,Woolworths Supermarket,"Meat, Seafood & Deli",Woolworths Beef Stir Fry 500g,531015,$10.00,$20.00 / 1KG,https://www.woolworths.com.au/shop/productdetails/531015/woolworths-beef-stir-fry,https://cdn0.woolworths.media/content/wowproductimages/medium/531015.jpg,2020-09-21 19:17:24,,0,,True
e193d882-a236-42bf-ba3b-f909033f6a97,Woolworths Supermarket,"Meat, Seafood & Deli",Woolworths Heart Smart Extra Lean Beef Mince 500g,577860,$8.50,$17.00 / 1KG,https://www.woolworths.com.au/shop/productdetails/577860/woolworths-heart-smart-extra-lean-beef-mince,https://cdn0.woolworths.media/content/wowproductimages/medium/577860.jpg,2020-09-21 19:17:24,Average product rating out of 5: 4.6. Product score is based on 462 ratings,462,,True
d3984e1f-b0a0-438f-801c-5adfd702e6aa,Woolworths Supermarket,"Meat, Seafood & Deli",Macro Chicken Wing Nibbles Free Range 500g - 900g,700269,$7.65,$8.50 / 1KG,https://www.woolworths.com.au/shop/productdetails/700269/macro-chicken-wing-nibbles-free-range,https://cdn0.woolworths.media/content/wowproductimages/medium/700269.jpg,2020-09-21 19:17:24,,0,,True
28e09f03-cb58-4cf7-b954-413547cc6c1f,Woolworths Supermarket,"Meat, Seafood & Deli",Macro Chicken Drumsticks Free Range 650g - 1.2kg,764857,$6.60,$5.50 / 1KG,https://www.woolworths.com.au/shop/productdetails/764857/macro-chicken-drumsticks-free-range,https://cdn0.woolworths.media/content/wowproductimages/medium/764857.jpg,2020-09-21 19:17:24,,0,,True
131c99d5-7702-40a8-98d8-543002c0789b,Woolworths Supermarket,"Meat, Seafood & Deli",Woolworths Short Cut Bacon 200g,509865,$4.00,$20.00 / 1KG,https://www.woolworths.com.au/shop/productdetails/509865/woolworths-short-cut-bacon,https://cdn0.woolworths.media/content/wowproductimages/medium/509865.jpg,2020-09-21 19:17:24,Average product rating out of 5: 4.6. Product score is based on 355 ratings,355,,True
89f549ec-0319-454d-acd1-57c68bc93062,Woolworths Supermarket,"Meat, Seafood & Deli",D'orsogna Triple Smoked Leg Ham 97% Fat Free Shaved From The Deli per kg,175734,$19.00,$19.00 / 1KG,https://www.woolworths.com.au/shop/productdetails/175734/d-orsogna-triple-smoked-leg-ham-97-fat-free-shaved-from-the-deli,https://cdn0.woolworths.media/content/wowproductimages/medium/175734.jpg,2020-09-21 19:17:24,,0,,True
fe2fec7f-e77f-489a-8563-33d93e57926c,Woolworths Supermarket,"Meat, Seafood & Deli",Woolworths Beef Oyster Blade Steak 600g,675479,$12.00,$20.00 / 1KG,https://www.woolworths.com.au/shop/productdetails/675479/woolworths-beef-oyster-blade-steak,https://cdn0.woolworths.media/content/wowproductimages/medium/675479.jpg,2020-09-21 19:17:24,,0,,True
4b066c37-ee73-4ee0-aef0-a7472f30740d,Woolworths Supermarket,"Meat, Seafood & Deli",Champagne Leg Ham Shaved From The Deli per kg,552396,$20.00,$20.00 / 1KG,https://www.woolworths.com.au/shop/productdetails/552396/champagne-leg-ham-shaved-from-the-deli,https://cdn0.woolworths.media/content/wowproductimages/medium/552396.jpg,2020-09-21 19:17:24,,0,,True
955bd492-09a0-426f-95cb-45cb905097cb,Woolworths Supermarket,"Meat, Seafood & Deli",Woolworths Rspca Approved Chicken Stirfry 500g,002841,$8.50,$17.00 / 1KG,https://www.woolworths.com.au/shop/productdetails/2841/woolworths-rspca-approved-chicken-stirfry,https://cdn0.woolworths.media/content/wowproductimages/medium/002841.jpg,2020-09-21 19:17:24,,0,,True
00eb502a-76a4-425c-b234-5ad51cfc86cf,Woolworths Supermarket,"Meat, Seafood & Deli",Macro Chicken Breast Fillets Free Range 700g - 1.3kg,700228,$18.20,$14.00 / 1KG,https://www.woolworths.com.au/shop/productdetails/700228/macro-chicken-breast-fillets-free-range,https://cdn0.woolworths.media/content/wowproductimages/medium/700228.jpg,2020-09-21 19:17:24,,0,,True
c299f094-15bc-47d2-aaa8-d9131b01338f,Woolworths Supermarket,"Meat, Seafood & Deli",Woolworths Bbq Beef Mince Kebabs Mexican Style 300g,097257,$6.00,$20.00 / 1KG,https://www.woolworths.com.au/shop/productdetails/97257/woolworths-bbq-beef-mince-kebabs-mexican-style,https://cdn0.woolworths.media/content/wowproductimages/medium/097257.jpg,2020-09-21 19:17:24,,0,,True
e0cfa9c0-46a4-4b12-b71e-d39400bc3d86,Woolworths Supermarket,"Meat, Seafood & Deli",Mil Lel Grated Parmesan 170g,097276,$5.00,$29.41 / 1KG,https://www.woolworths.com.au/shop/productdetails/97276/mil-lel-grated-parmesan,https://cdn0.woolworths.media/content/wowproductimages/medium/097276.jpg,2020-09-21 19:17:24,,0,,True
00bf41fb-8ef1-453f-9033-dc1311f5b091,Woolworths Supermarket,"Meat, Seafood & Deli",Perfect Italiano Original Ricotta 250g,097321,$4.30,$17.20 / 1KG,https://www.woolworths.com.au/shop/productdetails/97321/perfect-italiano-original-ricotta,https://cdn0.woolworths.media/content/wowproductimages/medium/097321.jpg,2020-09-21 19:17:24,,0,,True
d13f2e60-ff20-4da3-9967-d1bf3cbf2a2f,Woolworths Supermarket,"Meat, Seafood & Deli",Woolworths Bbq Beef & Pork Burgers With Cheese 500g,097464,$8.00,$16.00 / 1KG,https://www.woolworths.com.au/shop/productdetails/97464/woolworths-bbq-beef-pork-burgers-with-cheese,https://cdn0.woolworths.media/content/wowproductimages/medium/097464.jpg,2020-09-21 19:17:24,,0,,True
5c3eb27d-f240-4d70-a7a3-7708cb32493d,Woolworths Supermarket,"Meat, Seafood & Deli",Woolworths Bbq Wagyu & Beef Chuck Burgers With Onion & Pepper 500g,097465,$9.00,,https://www.woolworths.com.au/shop/productdetails/97465/woolworths-bbq-wagyu-beef-chuck-burgers-with-onion-pepper,https://cdn0.woolworths.media/content/wowproductimages/medium/097465.jpg,2020-09-21 19:17:24,,0,,True
744742bc-1db0-4439-ae00-a3fd8dca5e45,Woolworths Supermarket,"Meat, Seafood & Deli",Woolworths Bbq Mexican Style Pork Burgers Corn & Black Beans 500g,097468,$8.00,$16.00 / 1KG,https://www.woolworths.com.au/shop/productdetails/97468/woolworths-bbq-mexican-style-pork-burgers-corn-black-beans,https://cdn0.woolworths.media/content/wowproductimages/medium/097468.jpg,2020-09-21 19:17:24,,0,,True
416dd01d-1613-4f67-b269-767247610750,Woolworths Supermarket,"Meat, Seafood & Deli",Don Strasburg Roll 500g,097588,$6.90,$13.80 / 1KG,https://www.woolworths.com.au/shop/productdetails/97588/don-strasburg-roll,https://cdn0.woolworths.media/content/wowproductimages/medium/097588.jpg,2020-09-21 19:17:24,,0,,True
6a7703b0-7701-44a4-bcfe-54a10c1e5082,Woolworths Supermarket,"Meat, Seafood & Deli",Mifroma Le Gruyere 150g,097912,$9.90,$66.00 / 1KG,https://www.woolworths.com.au/shop/productdetails/97912/mifroma-le-gruyere,https://cdn0.woolworths.media/content/wowproductimages/medium/097912.jpg,2020-09-21 19:17:24,,0,,True
545d7c54-8045-49d9-ae55-913cbad203e3,Woolworths Supermarket,"Meat, Seafood & Deli",Maggie Beer Caramelised Onion Cheddar 170g,097988,$5.90,$34.71 / 1KG,https://www.woolworths.com.au/shop/productdetails/97988/maggie-beer-caramelised-onion-cheddar,https://cdn0.woolworths.media/content/wowproductimages/medium/097988.jpg,2020-09-21 19:17:24,,0,,True
5763cbeb-a391-4dea-b420-c7a4f122150c,Woolworths Supermarket,"Meat, Seafood & Deli",Mil Lel Extra Sharp Parmesan & Pecorino 170g,097995,$5.00,$29.41 / 1KG,https://www.woolworths.com.au/shop/productdetails/97995/mil-lel-extra-sharp-parmesan-pecorino,https://cdn0.woolworths.media/content/wowproductimages/medium/097995.jpg,2020-09-21 19:17:24,,0,,True
83eed4b3-e860-4463-8acf-a9e6b9a14c55,Woolworths Supermarket,"Meat, Seafood & Deli",Yarra Valley Double Brie 200g,098018,$7.50,$37.50 / 1KG,https://www.woolworths.com.au/shop/productdetails/98018/yarra-valley-double-brie,https://cdn0.woolworths.media/content/wowproductimages/medium/098018.jpg,2020-09-21 19:17:24,,0,Was $9.00 07/09/2020,True
4ed15cb9-b02b-4e74-9ef6-58e4566c81ce,Woolworths Supermarket,"Meat, Seafood & Deli",Maggie Beer Ploughman's Chutney 170g,098060,$5.90,$34.71 / 1KG,https://www.woolworths.com.au/shop/productdetails/98060/maggie-beer-ploughman-s-chutney,https://cdn0.woolworths.media/content/wowproductimages/medium/098060.jpg,2020-09-21 19:17:24,,0,,True
70efc4c8-1a35-46ed-b5c8-89013369b211,Woolworths Supermarket,"Meat, Seafood & Deli",Mil Lel Shaved Parmesan 170g,098063,$5.00,$29.41 / 1KG,https://www.woolworths.com.au/shop/productdetails/98063/mil-lel-shaved-parmesan,https://cdn0.woolworths.media/content/wowproductimages/medium/098063.jpg,2020-09-21 19:17:24,,0,,True
161710f6-b4af-4bb1-8100-757f6e2db264,Woolworths Supermarket,"Meat, Seafood & Deli",Mersey Valley Jalapeno Cheese 80g,098090,$3.50,$43.75 / 1KG,https://www.woolworths.com.au/shop/productdetails/98090/mersey-valley-jalapeno-cheese,https://cdn0.woolworths.media/content/wowproductimages/medium/098090.jpg,2020-09-21 19:17:24,,0,3 for $9.00 $37.50/1KG,True
4a23b67b-30db-4e92-b754-7574995a616d,Woolworths Supermarket,"Meat, Seafood & Deli",Ingham's Chicken Breast Supreme Shaved From The Deli per kg,098431,$19.00,$19.00 / 1KG,https://www.woolworths.com.au/shop/productdetails/98431/ingham-s-chicken-breast-supreme-shaved-from-the-deli,https://cdn0.woolworths.media/content/wowproductimages/medium/098431.jpg,2020-09-21 19:17:24,,0,Was $20.00 07/10/2019,True
87dec6ca-6d0e-4e4a-b045-a47100ebb974,Woolworths Supermarket,"Meat, Seafood & Deli",Yarra Valley Camembert 200g,098976,$7.50,$37.50 / 1KG,https://www.woolworths.com.au/shop/productdetails/98976/yarra-valley-camembert,https://cdn0.woolworths.media/content/wowproductimages/medium/098976.jpg,2020-09-21 19:17:24,,0,Was $9.00 07/09/2020,True
c1db1868-3119-49df-a811-accac8465361,Woolworths Supermarket,"Meat, Seafood & Deli",Mersey Valley Jalapeno Cheese 235g,099054,$5.50,$23.40 / 1KG,https://www.woolworths.com.au/shop/productdetails/99054/mersey-valley-jalapeno-cheese,https://cdn0.woolworths.media/content/wowproductimages/medium/099054.jpg,2020-09-21 19:17:24,,0,,True
5549fd98-b23d-447e-b9f1-ad3dca3f2c19,Woolworths Supermarket,"Meat, Seafood & Deli",Primo Kids Sliced Pineapple Ham 100g,099288,$3.25,$32.50 / 1KG,https://www.woolworths.com.au/shop/productdetails/99288/primo-kids-sliced-pineapple-ham,https://cdn0.woolworths.media/content/wowproductimages/medium/099288.jpg,2020-09-21 19:17:24,,0,2 for $5.50,True
e9b5003d-e690-4fd0-bba9-02b24e5400c4,Woolworths Supermarket,"Meat, Seafood & Deli",Primo Kids Sliced Honey Ham 100g,099364,$3.25,$32.50 / 1KG,https://www.woolworths.com.au/shop/productdetails/99364/primo-kids-sliced-honey-ham,https://cdn0.woolworths.media/content/wowproductimages/medium/099364.jpg,2020-09-21 19:17:24,,0,2 for $5.50,True
44536e65-bf16-469c-be3d-2b54c1689318,Woolworths Supermarket,"Meat, Seafood & Deli",Primo Kids Sliced Classic Ham 100g,099393,$3.25,$32.50 / 1KG,https://www.woolworths.com.au/shop/productdetails/99393/primo-kids-sliced-classic-ham,https://cdn0.woolworths.media/content/wowproductimages/medium/099393.jpg,2020-09-21 19:17:24,,0,2 for $5.50,True
b0215dab-539a-4248-862f-4162b13063f9,Woolworths Supermarket,"Meat, Seafood & Deli",D'orsogna Hungarian Salami 4 pack,099441,$6.50,$27.08 / 1KG,https://www.woolworths.com.au/shop/productdetails/99441/d-orsogna-hungarian-salami,https://cdn0.woolworths.media/content/wowproductimages/medium/099441.jpg,2020-09-21 19:17:24,,0,,True
365b86c1-3a93-4239-a04d-2a64dccdeaa0,Woolworths Supermarket,"Meat, Seafood & Deli",Hans Danish Salami Knobs 200g,099548,$7.30,$36.50 / 1KG,https://www.woolworths.com.au/shop/productdetails/99548/hans-danish-salami-knobs,https://cdn0.woolworths.media/content/wowproductimages/medium/099548.jpg,2020-09-21 19:17:24,,0,,True
579db32c-adba-423d-b403-14a688b06716,Woolworths Supermarket,"Meat, Seafood & Deli",Primo Microwave Bacon 30g,099789,$2.50,$83.33 / 1KG,https://www.woolworths.com.au/shop/productdetails/99789/primo-microwave-bacon,https://cdn0.woolworths.media/content/wowproductimages/medium/099789.jpg,2020-09-21 19:17:24,,0,,True
8a43e996-9b67-42e2-8a7f-92316433c1a4,Woolworths Supermarket,"Meat, Seafood & Deli",Crystal Bay Australian Tiger Prawns 1kg,102083,$28.00,$28.00 / 1KG,https://www.woolworths.com.au/shop/productdetails/102083/crystal-bay-australian-tiger-prawns,https://cdn0.woolworths.media/content/wowproductimages/medium/102083.jpg,2020-09-21 19:17:24,,0,,True
2f03c04f-1818-4e58-8de0-20ae81f2830e,Woolworths Supermarket,"Meat, Seafood & Deli",Don Hot Hungarian Salami 180g,102729,$6.40,$35.56 / 1KG,https://www.woolworths.com.au/shop/productdetails/102729/don-hot-hungarian-salami,https://cdn0.woolworths.media/content/wowproductimages/medium/102729.jpg,2020-09-21 19:17:24,,0,,True
9768867f-717a-4ad6-b37e-76fcdc88aa0b,Woolworths Supermarket,"Meat, Seafood & Deli",Moira Mac's Roast Chicken Breast Chunks 100g,102827,$4.00,$40.00 / 1KG,https://www.woolworths.com.au/shop/productdetails/102827/moira-mac-s-roast-chicken-breast-chunks,https://cdn0.woolworths.media/content/wowproductimages/medium/102827.jpg,2020-09-21 19:17:24,,0,,True
a7662014-ede7-4057-abdc-e6409d335d2f,Woolworths Supermarket,"Meat, Seafood & Deli",Woolworths Bbq Chicken Burgers Zucchini & Parmesan 450g,104334,$8.00,$17.78 / 1KG,https://www.woolworths.com.au/shop/productdetails/104334/woolworths-bbq-chicken-burgers-zucchini-parmesan,https://cdn0.woolworths.media/content/wowproductimages/medium/104334.jpg,2020-09-21 19:17:24,,0,,True
f8023e7a-8661-4b94-93d3-96007125a654,Woolworths Supermarket,"Meat, Seafood & Deli",Hans Mild Hungarian Salami Knobs 200g,104672,$7.30,$36.50 / 1KG,https://www.woolworths.com.au/shop/productdetails/104672/hans-mild-hungarian-salami-knobs,https://cdn0.woolworths.media/content/wowproductimages/medium/104672.jpg,2020-09-21 19:17:24,,0,,True
2332a9db-1fef-4ba8-a14d-9bae3b339189,Woolworths Supermarket,"Meat, Seafood & Deli",Castello Soft Mild Blue Cheese 300g,110572,$9.00,$30.00 / 1KG,https://www.woolworths.com.au/shop/productdetails/110572/castello-soft-mild-blue-cheese,https://cdn0.woolworths.media/content/wowproductimages/medium/110572.jpg,2020-09-21 19:17:24,,0,,True
eaf7c754-e92d-460a-aa77-a9c0ee25aa15,Woolworths Supermarket,"Meat, Seafood & Deli",Castello Double Cream Brie 300g,110573,$9.00,$30.00 / 1KG,https://www.woolworths.com.au/shop/productdetails/110573/castello-double-cream-brie,https://cdn0.woolworths.media/content/wowproductimages/medium/110573.jpg,2020-09-21 19:17:24,,0,,True
a320579f-4b94-4302-8536-76b011acb9d9,Woolworths Supermarket,"Meat, Seafood & Deli",K-roo Kangaroo Steak 500g - 750g,132996,$15.00,$20.00 / 1KG,https://www.woolworths.com.au/shop/productdetails/132996/k-roo-kangaroo-steak,https://cdn0.woolworths.media/content/wowproductimages/medium/132996.jpg,2020-09-21 19:17:24,,0,,True
6f3988e3-b2b5-426d-8fda-6eeabaaaed75,Woolworths Supermarket,"Meat, Seafood & Deli",Tasmanian Pate Smoked Salmon & Cracked Pepper Pate 130g,133471,$4.66,$35.85 / 1KG,https://www.woolworths.com.au/shop/productdetails/133471/tasmanian-pate-smoked-salmon-cracked-pepper-pate,https://cdn0.woolworths.media/content/wowproductimages/medium/133471.jpg,2020-09-21 19:17:24,,0,,True
42827bed-1984-418b-a52a-813fd4939eb4,Woolworths Supermarket,"Meat, Seafood & Deli",Meredith Dairy Goat Cheese In Olive Oil 320g,135884,$12.99,$40.59 / 1KG,https://www.woolworths.com.au/shop/productdetails/135884/meredith-dairy-goat-cheese-in-olive-oil,https://cdn0.woolworths.media/content/wowproductimages/medium/135884.jpg,2020-09-21 19:17:24,,0,,True
6291b895-d6e9-42d8-b8dd-f04a1025cba4,Woolworths Supermarket,"Meat, Seafood & Deli",Asp Scottish Kippers 335g,140267,$6.80,$20.30 / 1KG,https://www.woolworths.com.au/shop/productdetails/140267/asp-scottish-kippers,https://cdn0.woolworths.media/content/wowproductimages/medium/140267.jpg,2020-09-21 19:17:24,,0,,True
979a0fef-0dbc-4ffd-9cfe-8ed5b0e9ab50,Woolworths Supermarket,"Meat, Seafood & Deli",Casa Leonardi Gorgonazola Dolce Blue Cheese 195g,146232,$7.30,$37.44 / 1KG,https://www.woolworths.com.au/shop/productdetails/146232/casa-leonardi-gorgonazola-dolce-blue-cheese,https://cdn0.woolworths.media/content/wowproductimages/medium/146232.jpg,2020-09-21 19:17:24,,0,,True
c472ec0a-f45f-4878-9bdf-8da7f561687f,Woolworths Supermarket,"Meat, Seafood & Deli",Ingham's Quick Cook Crumbed Sweet Chilli Chicken Tenders 440g,147488,$9.00,$20.45 / 1KG,https://www.woolworths.com.au/shop/productdetails/147488/ingham-s-quick-cook-crumbed-sweet-chilli-chicken-tenders,https://cdn0.woolworths.media/content/wowproductimages/medium/147488.jpg,2020-09-21 19:17:24,,0,,True
92736152-8998-486e-8e1e-ae60f27aaf2a,Woolworths Supermarket,"Meat, Seafood & Deli",K-roo Kangaroo Mince 1kg,148292,$11.50,$11.50 / 1KG,https://www.woolworths.com.au/shop/productdetails/148292/k-roo-kangaroo-mince,https://cdn0.woolworths.media/content/wowproductimages/medium/148292.jpg,2020-09-21 19:17:24,,0,,True
9b3d677b-6796-4e0b-9581-27eb6ca28171,Woolworths Supermarket,"Meat, Seafood & Deli",Tasmanian Heritage Camembert Cheese 250g,155990,$11.80,$47.20 / 1KG,https://www.woolworths.com.au/shop/productdetails/155990/tasmanian-heritage-camembert-cheese,https://cdn0.woolworths.media/content/wowproductimages/medium/155990.jpg,2020-09-21 19:17:24,,0,,True
e8f4cf2c-4bf0-4f1e-b174-b909fc7b61bd,Woolworths Supermarket,"Meat, Seafood & Deli",Lemnos Traditional Fetta 180g,162581,$4.50,$25.00 / 1KG,https://www.woolworths.com.au/shop/productdetails/162581/lemnos-traditional-fetta,https://cdn0.woolworths.media/content/wowproductimages/medium/162581.jpg,2020-09-21 19:17:24,,0,Was $4.75 24/03/2019,True
634d9e8f-0a27-4e0d-b281-bc94d730aecf,Woolworths Supermarket,"Meat, Seafood & Deli",Lemnos Halloumi Cheese 180g,162588,$5.00,$27.78 / 1KG,https://www.woolworths.com.au/shop/productdetails/162588/lemnos-halloumi-cheese,https://cdn0.woolworths.media/content/wowproductimages/medium/162588.jpg,2020-09-21 19:17:24,,0,,True
5619980c-b5f6-4937-9130-52378f0e482a,Woolworths Supermarket,"Meat, Seafood & Deli",D'orsogna Triple Smoked Leg Ham 97% Fat Free Sliced From The Deli per kg,162725,$19.00,$19.00 / 1KG,https://www.woolworths.com.au/shop/productdetails/162725/d-orsogna-triple-smoked-leg-ham-97-fat-free-sliced-from-the-deli,https://cdn0.woolworths.media/content/wowproductimages/medium/162725.jpg,2020-09-21 19:17:24,,0,,True
e83b5457-fb60-47e0-8ec6-c079a2481d45,Woolworths Supermarket,"Meat, Seafood & Deli",D'orsogna Triple Smoked Leg Ham 97% Fat Free Shaved From The Deli per kg,175734,$19.00,$19.00 / 1KG,https://www.woolworths.com.au/shop/productdetails/175734/d-orsogna-triple-smoked-leg-ham-97-fat-free-shaved-from-the-deli,https://cdn0.woolworths.media/content/wowproductimages/medium/175734.jpg,2020-09-21 19:17:24,,0,,True
f8065c1a-3205-43a9-bef0-8c282ecdb595,Woolworths Supermarket,"Meat, Seafood & Deli",Tasmanian Pate Smoked Salmon & Orange Brandy Pate 190g,177225,$5.40,$28.42 / 1KG,https://www.woolworths.com.au/shop/productdetails/177225/tasmanian-pate-smoked-salmon-orange-brandy-pate,https://cdn0.woolworths.media/content/wowproductimages/medium/177225.jpg,2020-09-21 19:17:24,,0,,True
48adf3a4-51bb-4689-9372-9670445b8dd0,Woolworths Supermarket,"Meat, Seafood & Deli",Peppercorn Beef Burger Extra Lean 500g,178137,,,https://www.woolworths.com.au/shop/productdetails/178137/peppercorn-beef-burger-extra-lean,https://cdn0.woolworths.media/content/wowproductimages/medium/178137.jpg,2020-09-21 19:17:24,,0,,False
78747626-628f-4b40-acfc-fe67f029172f,Woolworths Supermarket,"Meat, Seafood & Deli",Woolworths Olives Green Stuffed Chilli Garlic per kg,179084,$19.95,$19.95 / 1KG,https://www.woolworths.com.au/shop/productdetails/179084/woolworths-olives-green-stuffed-chilli-garlic,https://cdn0.woolworths.media/content/wowproductimages/medium/179084.jpg,2020-09-21 19:17:24,Average product rating out of 5: 4.6. Product score is based on 169 ratings,169,,True
b829e284-5bec-4f51-8853-d28a680dd4be,Woolworths Supermarket,"Meat, Seafood & Deli",Jarlsberg Cheese Loaf per kg,182723,$25.00,$25.00 / 1KG,https://www.woolworths.com.au/shop/productdetails/182723/jarlsberg-cheese-loaf,https://cdn0.woolworths.media/content/wowproductimages/medium/182723.jpg,2020-09-21 19:17:24,,0,,True
a3ecec4d-4abc-4f68-8ddf-498a5d1d192c,Woolworths Supermarket,"Meat, Seafood & Deli",Macro Chicken Breast Fillets Free Range 500g - 1kg,184628,$16.00,$16.00 / 1KG,https://www.woolworths.com.au/shop/productdetails/184628/macro-chicken-breast-fillets-free-range,https://cdn0.woolworths.media/content/wowproductimages/medium/184628.jpg,2020-09-21 19:17:24,,0,,True
84cb807c-4c89-43bb-aad2-b45235b69109,Woolworths Supermarket,"Meat, Seafood & Deli",Macro Chicken Thigh Fillets Free Range 450g - 800g,184649,$13.60,$17.00 / 1KG,https://www.woolworths.com.au/shop/productdetails/184649/macro-chicken-thigh-fillets-free-range,https://cdn0.woolworths.media/content/wowproductimages/medium/184649.jpg,2020-09-21 19:17:24,,0,,True
a7387a08-9544-4201-b615-12d9bc9e919b,Woolworths Supermarket,"Meat, Seafood & Deli",Macro Whole Chicken Free Range 1.15kg - 2.25kg,184653,$14.63,$6.50 / 1KG,https://www.woolworths.com.au/shop/productdetails/184653/macro-whole-chicken-free-range,https://cdn0.woolworths.media/content/wowproductimages/medium/184653.jpg,2020-09-21 19:17:24,,0,Was $7.20kg 18/09/2019,True
69a2dfaf-55bd-4dad-93ac-46f113829da3,Woolworths Supermarket,"Meat, Seafood & Deli",Primo Cocktail Frankfurts Cocktail 1kg,185410,$6.50,$6.50 / 1KG,https://www.woolworths.com.au/shop/productdetails/185410/primo-cocktail-frankfurts-cocktail,https://cdn0.woolworths.media/content/wowproductimages/medium/185410.jpg,2020-09-21 19:17:24,,0,,True
f2178b0d-0710-4220-b069-1efcde4f38f5,Woolworths Supermarket,"Meat, Seafood & Deli",Woolworths Beef Chevaps 500g,187175,$9.00,$18.00 / 1KG,https://www.woolworths.com.au/shop/productdetails/187175/woolworths-beef-chevaps,https://cdn0.woolworths.media/content/wowproductimages/medium/187175.jpg,2020-09-21 19:17:24,Average product rating out of 5: 4.0. Product score is based on 1 ratings,1,,True
f8906d85-a1fd-47de-8a8f-b7dc0e66448a,Woolworths Supermarket,"Meat, Seafood & Deli",Primo Ham Honey Shaved 100g,194494,$3.25,$32.50 / 1KG,https://www.woolworths.com.au/shop/productdetails/194494/primo-ham-honey-shaved,https://cdn0.woolworths.media/content/wowproductimages/medium/194494.jpg,2020-09-21 19:17:24,,0,2 for $5.50,True
bec46bec-fa52-43ff-9a80-f9c2770acade,Woolworths Supermarket,"Meat, Seafood & Deli",Woolworths Beef Lasagne 2kg,194648,$12.50,$6.25 / 1KG,https://www.woolworths.com.au/shop/productdetails/194648/woolworths-beef-lasagne,https://cdn0.woolworths.media/content/wowproductimages/medium/194648.jpg,2020-09-21 19:17:24,Average product rating out of 5: 3.5. Product score is based on 598 ratings,598,Was $15.5 24/09/2018,True
c59c1018-b725-4fb9-bf2f-1122c03ba6ae,Woolworths Supermarket,"Meat, Seafood & Deli",Ingham's Quick Cook Crumbed Chicken & Cheese Schnitzel 1.5kg,200392,$15.50,$10.33 / 1KG,https://www.woolworths.com.au/shop/productdetails/200392/ingham-s-quick-cook-crumbed-chicken-cheese-schnitzel,https://cdn0.woolworths.media/content/wowproductimages/medium/200392.jpg,2020-09-21 19:17:24,,0,,True
88402bf7-eb49-4ed7-9f7f-61ed57672198,Woolworths Supermarket,"Meat, Seafood & Deli",Primo Bacon Lean Shortcut 350g,202497,$7.75,$22.14 / 1KG,https://www.woolworths.com.au/shop/productdetails/202497/primo-bacon-lean-shortcut,https://cdn0.woolworths.media/content/wowproductimages/medium/202497.jpg,2020-09-21 19:17:24,,0,,True
08040963-372a-4c50-877b-ad8b6b4a1f17,Woolworths Supermarket,"Meat, Seafood & Deli",Mersey Valley Original Spreadable Cheddar Cheese 150g,206493,$4.20,$28.00 / 1KG,https://www.woolworths.com.au/shop/productdetails/206493/mersey-valley-original-spreadable-cheddar-cheese,https://cdn0.woolworths.media/content/wowproductimages/medium/206493.jpg,2020-09-21 19:17:24,,0,,True
ba06a387-8d37-4f3e-943f-5de9f6b08775,Woolworths Supermarket,"Meat, Seafood & Deli",Lemnos Smooth Fetta Cheese 200g,211134,$4.50,$22.50 / 1KG,https://www.woolworths.com.au/shop/productdetails/211134/lemnos-smooth-fetta-cheese,https://cdn0.woolworths.media/content/wowproductimages/medium/211134.jpg,2020-09-21 19:17:24,,0,Was $4.75 24/03/2019,True
ea67be13-de70-4588-84e1-26232fe28f2a,Woolworths Supermarket,"Meat, Seafood & Deli",Primo Kransky Cheese From The Deli per kg,217404,$17.00,$17.00 / 1KG,https://www.woolworths.com.au/shop/productdetails/217404/primo-kransky-cheese-from-the-deli,https://cdn0.woolworths.media/content/wowproductimages/medium/217404.jpg,2020-09-21 19:17:24,,0,,True
dcba8ce3-98fd-4ce4-be5d-87e6207c6172,Woolworths Supermarket,"Meat, Seafood & Deli",Woolworths Hickory Half Leg Ham 700g - 1.2kg,218133,$24.60,$20.50 / 1KG,https://www.woolworths.com.au/shop/productdetails/218133/woolworths-hickory-half-leg-ham,https://cdn0.woolworths.media/content/wowproductimages/medium/218133.jpg,2020-09-21 19:17:24,Average product rating out of 5: 4.7. Product score is based on 149 ratings,149,,True
3d1d981b-897f-42e6-b4a7-538915f9e4b0,Woolworths Supermarket,"Meat, Seafood & Deli",Woolworths Cocktail Prawns Cooked Tail On per kg,218146,$26.00,$26.00 / 1KG,https://www.woolworths.com.au/shop/productdetails/218146/woolworths-cocktail-prawns-cooked-tail-on,https://cdn0.woolworths.media/content/wowproductimages/medium/218146.jpg,2020-09-21 19:17:24,,0,,True
b4dfb1e4-2bed-4732-9841-1b3cb0ab0c6c,Woolworths Supermarket,"Meat, Seafood & Deli",South Cape Crumbled Fetta 200g,221562,$7.00,$35.00 / 1KG,https://www.woolworths.com.au/shop/productdetails/221562/south-cape-crumbled-fetta,https://cdn0.woolworths.media/content/wowproductimages/medium/221562.jpg,2020-09-21 19:17:24,,0,Was $8.00 22/03/2018,True
80c81a4c-9796-445e-a673-3d62d726f03a,Woolworths Supermarket,"Meat, Seafood & Deli",Perfect Italiano Extra Sharp Parmesan Cheese 200g,226469,$5.00,$25.00 / 1KG,https://www.woolworths.com.au/shop/productdetails/226469/perfect-italiano-extra-sharp-parmesan-cheese,https://cdn0.woolworths.media/content/wowproductimages/medium/226469.jpg,2020-09-21 19:17:24,,0,,True
c99ca6d3-0065-47b9-bb84-279f2b1f66c7,Woolworths Supermarket,"Meat, Seafood & Deli",Bertocchi Mortadella Plain Shaved From The Deli per kg,227743,$13.50,$13.50 / 1KG,https://www.woolworths.com.au/shop/productdetails/227743/bertocchi-mortadella-plain-shaved-from-the-deli,https://cdn0.woolworths.media/content/wowproductimages/medium/227743.jpg,2020-09-21 19:17:24,,0,,True
3dfc6db6-e59d-4d98-823b-9073329d3cf7,Woolworths Supermarket,"Meat, Seafood & Deli",Normandie Pate Chicken & Black Peppercorns 150g,234582,$4.50,$30.00 / 1KG,https://www.woolworths.com.au/shop/productdetails/234582/normandie-pate-chicken-black-peppercorns,https://cdn0.woolworths.media/content/wowproductimages/medium/234582.jpg,2020-09-21 19:17:24,,0,,True
2c7afd77-18f9-4eb0-a0b6-27d1ab29e68a,Woolworths Supermarket,"Meat, Seafood & Deli",Primo Short Cut Bacon 750g,235782,$11.00,$14.67 / 1KG,https://www.woolworths.com.au/shop/productdetails/235782/primo-short-cut-bacon,https://cdn0.woolworths.media/content/wowproductimages/medium/235782.jpg,2020-09-21 19:17:24,,0,,True
5509f8e0-d1e6-4466-8715-ff9bde91e777,Woolworths Supermarket,"Meat, Seafood & Deli",La Casa Del Formaggio Bambini Bocconcini 220g,240822,$5.50,$25.00 / 1KG,https://www.woolworths.com.au/shop/productdetails/240822/la-casa-del-formaggio-bambini-bocconcini,https://cdn0.woolworths.media/content/wowproductimages/medium/240822.jpg,2020-09-21 19:17:24,,0,,True
e96e0503-64fe-4166-b30f-84219ceec1a9,Woolworths Supermarket,"Meat, Seafood & Deli",Mersey Valley Peppercorn Medley Cheddar Cheese 235g,244154,$5.50,$23.40 / 1KG,https://www.woolworths.com.au/shop/productdetails/244154/mersey-valley-peppercorn-medley-cheddar-cheese,https://cdn0.woolworths.media/content/wowproductimages/medium/244154.jpg,2020-09-21 19:17:24,,0,,True
7d08731f-71bf-49fa-a133-1a8801255a9a,Woolworths Supermarket,"Meat, Seafood & Deli",Mersey Valley Classic Cheddar Cheese 235g,244191,$5.50,$23.40 / 1KG,https://www.woolworths.com.au/shop/productdetails/244191/mersey-valley-classic-cheddar-cheese,https://cdn0.woolworths.media/content/wowproductimages/medium/244191.jpg,2020-09-21 19:17:24,,0,,True
59884bea-064f-4b67-9234-6ad0a1c9ac67,Woolworths Supermarket,"Meat, Seafood & Deli",Mersey Valley Ploughmans Cheddar Cheese 235g,244194,$5.50,$23.40 / 1KG,https://www.woolworths.com.au/shop/productdetails/244194/mersey-valley-ploughmans-cheddar-cheese,https://cdn0.woolworths.media/content/wowproductimages/medium/244194.jpg,2020-09-21 19:17:24,,0,,True
6da4b847-bd10-4924-8abd-5f7847f46ffb,Woolworths Supermarket,"Meat, Seafood & Deli",South Cape Reduced Fat Tasmanian Fetta 200g,245717,$5.00,$25.00 / 1KG,https://www.woolworths.com.au/shop/productdetails/245717/south-cape-reduced-fat-tasmanian-fetta,https://cdn0.woolworths.media/content/wowproductimages/medium/245717.jpg,2020-09-21 19:17:24,,0,Was $5.99 27/06/2016,True
f660d890-1d9f-45b9-b570-1799f43d4df8,Woolworths Supermarket,"Meat, Seafood & Deli",King Island Seal Bay Triple Cream Brie Cheese 175g,249784,$12.60,$72.00 / 1KG,https://www.woolworths.com.au/shop/productdetails/249784/king-island-seal-bay-triple-cream-brie-cheese,https://cdn0.woolworths.media/content/wowproductimages/medium/249784.jpg,2020-09-21 19:17:24,,0,,True
24073ac1-3282-48fa-9b34-65c01d6ad8c5,Woolworths Supermarket,"Meat, Seafood & Deli",Primo Bacon Pieces Twin Pack 300g,250708,$5.00,$16.67 / 1KG,https://www.woolworths.com.au/shop/productdetails/250708/primo-bacon-pieces-twin-pack,https://cdn0.woolworths.media/content/wowproductimages/medium/250708.jpg,2020-09-21 19:17:24,,0,,True
c42777b3-8aa2-4c94-bac2-708aec9a71d0,Woolworths Supermarket,"Meat, Seafood & Deli",Mersey Valley Pickled Onion Cheddar Cheese 235g,250852,$5.50,$23.40 / 1KG,https://www.woolworths.com.au/shop/productdetails/250852/mersey-valley-pickled-onion-cheddar-cheese,https://cdn0.woolworths.media/content/wowproductimages/medium/250852.jpg,2020-09-21 19:17:24,,0,,True
7dbfcf88-6196-4ab0-b3a7-d9fdc3e2377a,Woolworths Supermarket,"Meat, Seafood & Deli",Mersey Valley Original Cheddar Cheese 235g,250854,$5.50,$23.40 / 1KG,https://www.woolworths.com.au/shop/productdetails/250854/mersey-valley-original-cheddar-cheese,https://cdn0.woolworths.media/content/wowproductimages/medium/250854.jpg,2020-09-21 19:17:24,,0,,True
d637c911-0357-45da-928f-5a2deb55695b,Woolworths Supermarket,"Meat, Seafood & Deli",Primo Cabanossi 375g,255980,$7.50,$20.00 / 1KG,https://www.woolworths.com.au/shop/productdetails/255980/primo-cabanossi,https://cdn0.woolworths.media/content/wowproductimages/medium/255980.jpg,2020-09-21 19:17:24,,0,,True
d635c108-4062-4ba7-8efa-f3c46e7be157,Woolworths Supermarket,"Meat, Seafood & Deli",La Casa Del Formaggio Traditional Bocconcini 220g,261472,$5.50,$25.00 / 1KG,https://www.woolworths.com.au/shop/productdetails/261472/la-casa-del-formaggio-traditional-bocconcini,https://cdn0.woolworths.media/content/wowproductimages/medium/261472.jpg,2020-09-21 19:17:24,,0,,True
1ee77ff3-002c-4df9-be8f-398d87983560,Woolworths Supermarket,"Meat, Seafood & Deli",Essentials Bacon Middle Cut Rashers 250g,266794,$4.00,$16.00 / 1KG,https://www.woolworths.com.au/shop/productdetails/266794/essentials-bacon-middle-cut-rashers,https://cdn0.woolworths.media/content/wowproductimages/medium/266794.jpg,2020-09-21 19:17:24,,0,,True
c730a7f8-b6cc-46b9-b0ab-cb8a3ddae32b,Woolworths Supermarket,"Meat, Seafood & Deli",Talley's Chilled Mussels Marinated Plain 375g,289769,$7.75,$20.67 / 1KG,https://www.woolworths.com.au/shop/productdetails/289769/talley-s-chilled-mussels-marinated-plain,https://cdn0.woolworths.media/content/wowproductimages/medium/289769.jpg,2020-09-21 19:17:24,,0,,True
5b82f93e-9fa9-445a-bbb5-85fe3d99b962,Woolworths Supermarket,"Meat, Seafood & Deli",Talley's Chilled Mussels Chilli 375g,289772,$7.75,$20.67 / 1KG,https://www.woolworths.com.au/shop/productdetails/289772/talley-s-chilled-mussels-chilli,https://cdn0.woolworths.media/content/wowproductimages/medium/289772.jpg,2020-09-21 19:17:24,,0,,True
66f2cd8a-ce22-4495-9b65-1b57aa76423f,Woolworths Supermarket,"Meat, Seafood & Deli",Talley's Chilled Mussels Marinated Garlic 375g,289775,$7.75,$20.67 / 1KG,https://www.woolworths.com.au/shop/productdetails/289775/talley-s-chilled-mussels-marinated-garlic,https://cdn0.woolworths.media/content/wowproductimages/medium/289775.jpg,2020-09-21 19:17:24,,0,,True
1add7c57-ff01-4147-bf29-916b74c6beb5,Woolworths Supermarket,"Meat, Seafood & Deli",Pilpel Dip Hummous 350g,299265,$6.50,$1.86 / 100G,https://www.woolworths.com.au/shop/productdetails/299265/pilpel-dip-hummous,https://cdn0.woolworths.media/content/wowproductimages/medium/299265.jpg,2020-09-21 19:17:24,,0,,True
b6698bb4-e916-4f79-9fcc-1e250297dfa5,Woolworths Supermarket,"Meat, Seafood & Deli",Maggie Beer Fig & Fennel Paste Fig & Fennel 100g,300798,$6.00,$60.00 / 1KG,https://www.woolworths.com.au/shop/productdetails/300798/maggie-beer-fig-fennel-paste-fig-fennel,https://cdn0.woolworths.media/content/wowproductimages/medium/300798.jpg,2020-09-21 19:17:24,,0,,True
5da7d2af-2f0a-4372-8099-5233a86cd79e,Woolworths Supermarket,"Meat, Seafood & Deli",Mersey Valley Extra Tasty Cheese 180g,302096,$6.30,$35.00 / 1KG,https://www.woolworths.com.au/shop/productdetails/302096/mersey-valley-extra-tasty-cheese,https://cdn0.woolworths.media/content/wowproductimages/medium/302096.jpg,2020-09-21 19:17:24,,0,,True
ca4677eb-00dd-49ae-a850-54a28ea7d089,Woolworths Supermarket,"Meat, Seafood & Deli",Mersey Valley Original Vintage Cheese 180g,302105,$6.30,$35.00 / 1KG,https://www.woolworths.com.au/shop/productdetails/302105/mersey-valley-original-vintage-cheese,https://cdn0.woolworths.media/content/wowproductimages/medium/302105.jpg,2020-09-21 19:17:24,,0,,True
3739de74-a676-4c9f-a130-40d6ba65e5e5,Woolworths Supermarket,"Meat, Seafood & Deli",Perfect Italiano Extra Sharp Grated Parmesan 125g,302306,$3.25,$26.00 / 1KG,https://www.woolworths.com.au/shop/productdetails/302306/perfect-italiano-extra-sharp-grated-parmesan,https://cdn0.woolworths.media/content/wowproductimages/medium/302306.jpg,2020-09-21 19:17:24,,0,,True
999a2b99-834e-47ae-bedd-766f5b96b987,Woolworths Supermarket,"Meat, Seafood & Deli",South Cape Trilogy Onion Chives & Smoked Cheddar Cheese 140g,305741,$5.00,$35.71 / 1KG,https://www.woolworths.com.au/shop/productdetails/305741/south-cape-trilogy-onion-chives-smoked-cheddar-cheese,https://cdn0.woolworths.media/content/wowproductimages/medium/305741.jpg,2020-09-21 19:17:24,,0,Was $6.00 14/05/2018,True
b9a6c9c8-fcca-4f46-a1f3-be98be594fe4,Woolworths Supermarket,"Meat, Seafood & Deli",South Cape Greek Style Fetta 200g,306605,$5.00,$25.00 / 1KG,https://www.woolworths.com.au/shop/productdetails/306605/south-cape-greek-style-fetta,https://cdn0.woolworths.media/content/wowproductimages/medium/306605.jpg,2020-09-21 19:17:24,,0,Was $5.99 27/06/2016,True
cf7f2849-3411-434f-8d93-dc58a2ca1b48,Woolworths Supermarket,"Meat, Seafood & Deli",Woolworths Greenshell Mussels 1kg,307034,$7.50,$7.50 / 1KG,https://www.woolworths.com.au/shop/productdetails/307034/woolworths-greenshell-mussels,https://cdn0.woolworths.media/content/wowproductimages/medium/307034.jpg,2020-09-21 19:17:24,,0,,True
7191547f-660f-4c67-be9a-931db7f30534,Woolworths Supermarket,"Meat, Seafood & Deli",Bertocchi Bacon Hock Smoked Meaty 900g - 1.55kg,307736,$20.15,$13.00 / 1KG,https://www.woolworths.com.au/shop/productdetails/307736/bertocchi-bacon-hock-smoked-meaty,https://cdn0.woolworths.media/content/wowproductimages/medium/307736.jpg,2020-09-21 19:17:24,,0,,True
1d77d312-f190-4836-86fa-cddebb488847,Woolworths Supermarket,"Meat, Seafood & Deli",Castello Extra Creamy Mild Blue Cheese 100g,308976,$5.50,$55.00 / 1KG,https://www.woolworths.com.au/shop/productdetails/308976/castello-extra-creamy-mild-blue-cheese,https://cdn0.woolworths.media/content/wowproductimages/medium/308976.jpg,2020-09-21 19:17:24,,0,,True
a365c1f0-885b-409d-8927-eca102a14417,Woolworths Supermarket,"Meat, Seafood & Deli",South Cape Trilogy Herb Sundried Vintage Cheddar Cheese 140g,309214,$5.00,$35.71 / 1KG,https://www.woolworths.com.au/shop/productdetails/309214/south-cape-trilogy-herb-sundried-vintage-cheddar-cheese,https://cdn0.woolworths.media/content/wowproductimages/medium/309214.jpg,2020-09-21 19:17:24,,0,Was $6.00 14/05/2018,True
d723299b-2149-4459-8f84-cf33702f80d4,Woolworths Supermarket,"Meat, Seafood & Deli",Ingham's Turkey Mince 500g,310742,$6.00,$12.00 / 1KG,https://www.woolworths.com.au/shop/productdetails/310742/ingham-s-turkey-mince,https://cdn0.woolworths.media/content/wowproductimages/medium/310742.jpg,2020-09-21 19:17:24,,0,2 for $11.00,True
c2a9ac3a-361b-42dc-b8cf-006ea70353e0,Woolworths Supermarket,"Meat, Seafood & Deli",Woolworths Classic Coleslaw 800g,311534,$6.50,$0.81 / 100G,https://www.woolworths.com.au/shop/productdetails/311534/woolworths-classic-coleslaw,https://cdn0.woolworths.media/content/wowproductimages/medium/311534.jpg,2020-09-21 19:17:24,,0,Was $7.00 26/10/2017,True
f57e6ffb-438a-4bcd-b753-2d5d74637139,Woolworths Supermarket,"Meat, Seafood & Deli",Fitzco Aussie Country Style Burger 500g,311660,$6.00,$12.00 / 1KG,https://www.woolworths.com.au/shop/productdetails/311660/fitzco-aussie-country-style-burger,https://cdn0.woolworths.media/content/wowproductimages/medium/311660.jpg,2020-09-21 19:17:24,,0,,True
02e131ae-8c8d-4b84-a001-fa5d238446a3,Woolworths Supermarket,"Meat, Seafood & Deli",Primo Danish Salami Mild Sliced From The Deli per kg,312270,$30.00,$30.00 / 1KG,https://www.woolworths.com.au/shop/productdetails/312270/primo-danish-salami-mild-sliced-from-the-deli,https://cdn0.woolworths.media/content/wowproductimages/medium/312270.jpg,2020-09-21 19:17:24,,0,,True
c9fb7e93-a59f-44a3-b8af-acdc6ecd05a4,Woolworths Supermarket,"Meat, Seafood & Deli",South Cape Camembert Mini Cheese Wheel 125g,312703,$4.00,$32.00 / 1KG,https://www.woolworths.com.au/shop/productdetails/312703/south-cape-camembert-mini-cheese-wheel,https://cdn0.woolworths.media/content/wowproductimages/medium/312703.jpg,2020-09-21 19:17:24,,0,Was $5.30 13/07/2020,True
fb17ad46-d6b5-47a7-ac43-36683517355b,Woolworths Supermarket,"Meat, Seafood & Deli",South Cape Mini Brie Cheese Wheel 125g,312704,$4.00,$32.00 / 1KG,https://www.woolworths.com.au/shop/productdetails/312704/south-cape-mini-brie-cheese-wheel,https://cdn0.woolworths.media/content/wowproductimages/medium/312704.jpg,2020-09-21 19:17:24,,0,Was $5.30 13/07/2020,True
a518ace1-5dab-45eb-96ee-926abb7cfc8c,Woolworths Supermarket,"Meat, Seafood & Deli",South Cape Apricot & Almond Cream Cheese 200g,312793,$4.60,$23.00 / 1KG,https://www.woolworths.com.au/shop/productdetails/312793/south-cape-apricot-almond-cream-cheese,https://cdn0.woolworths.media/content/wowproductimages/medium/312793.jpg,2020-09-21 19:17:24,,0,,True
a91160b7-a199-43c7-a486-d32aa5369260,Woolworths Supermarket,"Meat, Seafood & Deli",South Cape Herb & Garlic Cream Cheese 200g,312798,$4.60,$23.00 / 1KG,https://www.woolworths.com.au/shop/productdetails/312798/south-cape-herb-garlic-cream-cheese,https://cdn0.woolworths.media/content/wowproductimages/medium/312798.jpg,2020-09-21 19:17:24,,0,,True
24d82fbe-1ad3-4e55-8c11-51f5b2a6efe0,Woolworths Supermarket,"Meat, Seafood & Deli",South Cape Onion & Chives Cream Cheese 200g,312799,$4.60,$23.00 / 1KG,https://www.woolworths.com.au/shop/productdetails/312799/south-cape-onion-chives-cream-cheese,https://cdn0.woolworths.media/content/wowproductimages/medium/312799.jpg,2020-09-21 19:17:24,,0,,True
44768714-a794-4d0a-9946-6293a4c90802,Woolworths Supermarket,"Meat, Seafood & Deli",South Cape Cracked Pepper Cream Cheese 200g,312801,$4.60,$23.00 / 1KG,https://www.woolworths.com.au/shop/productdetails/312801/south-cape-cracked-pepper-cream-cheese,https://cdn0.woolworths.media/content/wowproductimages/medium/312801.jpg,2020-09-21 19:17:24,,0,,True
fbd05e05-64ae-4d06-9133-e06f3530fe82,Woolworths Supermarket,"Meat, Seafood & Deli",Maggie Beer Plum Paste Plum 100g,314278,$6.00,$60.00 / 1KG,https://www.woolworths.com.au/shop/productdetails/314278/maggie-beer-plum-paste-plum,https://cdn0.woolworths.media/content/wowproductimages/medium/314278.jpg,2020-09-21 19:17:24,,0,,True
02ac5391-e4fa-4278-bc4c-a320a439cae1,Woolworths Supermarket,"Meat, Seafood & Deli",Meredith Dairy Plain Goats Cheese 150g,316043,$9.00,$60.00 / 1KG,https://www.woolworths.com.au/shop/productdetails/316043/meredith-dairy-plain-goats-cheese,https://cdn0.woolworths.media/content/wowproductimages/medium/316043.jpg,2020-09-21 19:17:24,,0,,True
3a8212c5-0b3b-4cdd-ab13-61a380c70ef5,Woolworths Supermarket,"Meat, Seafood & Deli",Frico Mild Edam Cheese Wedge 230g,323951,$7.50,$32.61 / 1KG,https://www.woolworths.com.au/shop/productdetails/323951/frico-mild-edam-cheese-wedge,https://cdn0.woolworths.media/content/wowproductimages/medium/323951.jpg,2020-09-21 19:17:24,,0,,True
6c239b80-825e-4687-b14b-25bf234aa233,Woolworths Supermarket,"Meat, Seafood & Deli",Frico Dutch Smoked Cheese 150g,323959,$6.20,$41.33 / 1KG,https://www.woolworths.com.au/shop/productdetails/323959/frico-dutch-smoked-cheese,https://cdn0.woolworths.media/content/wowproductimages/medium/323959.jpg,2020-09-21 19:17:24,,0,,True
bae640ba-649f-43be-a960-be7473877a29,Woolworths Supermarket,"Meat, Seafood & Deli",Frico Mild Goats Cheese Wedge 230g,323963,$11.00,$47.83 / 1KG,https://www.woolworths.com.au/shop/productdetails/323963/frico-mild-goats-cheese-wedge,https://cdn0.woolworths.media/content/wowproductimages/medium/323963.jpg,2020-09-21 19:17:24,,0,,True
99a7bcfc-5963-4951-94e8-3d8c53365b4d,Woolworths Supermarket,"Meat, Seafood & Deli",Zanetti Firm Parmigiano Reggiano 200g,324006,$11.00,$55.00 / 1KG,https://www.woolworths.com.au/shop/productdetails/324006/zanetti-firm-parmigiano-reggiano,https://cdn0.woolworths.media/content/wowproductimages/medium/324006.jpg,2020-09-21 19:17:24,,0,,True
bf87433e-5ee3-4feb-97e1-0f57833dd226,Woolworths Supermarket,"Meat, Seafood & Deli",Zanetti Firm Parmesan Cheese Grana Padano 200g,324007,$9.00,$45.00 / 1KG,https://www.woolworths.com.au/shop/productdetails/324007/zanetti-firm-parmesan-cheese-grana-padano,https://cdn0.woolworths.media/content/wowproductimages/medium/324007.jpg,2020-09-21 19:17:24,,0,,True
9d5de008-049f-4167-a0c3-e776385b5d36,Woolworths Supermarket,"Meat, Seafood & Deli",Primo Ham Shredded Twin Pack 300g,324316,$5.00,$16.67 / 1KG,https://www.woolworths.com.au/shop/productdetails/324316/primo-ham-shredded-twin-pack,https://cdn0.woolworths.media/content/wowproductimages/medium/324316.jpg,2020-09-21 19:17:24,,0,,True
135b63b3-9b92-469e-84bd-d85ba865c79f,Woolworths Supermarket,"Meat, Seafood & Deli",Primo Chorizo 2 Pack 250g,328005,$6.00,$24.00 / 1KG,https://www.woolworths.com.au/shop/productdetails/328005/primo-chorizo-2-pack,https://cdn0.woolworths.media/content/wowproductimages/medium/328005.jpg,2020-09-21 19:17:24,,0,,True
94c60b8f-b9c2-450f-b94e-5e52fbf4df03,Woolworths Supermarket,"Meat, Seafood & Deli",Primo Speck Portion min. 380g,328044,$10.64,$28.00 / 1KG,https://www.woolworths.com.au/shop/productdetails/328044/primo-speck-portion,https://cdn0.woolworths.media/content/wowproductimages/medium/328044.jpg,2020-09-21 19:17:24,,0,,True
51e7ea89-c140-4a84-963b-284e530802b3,Woolworths Supermarket,"Meat, Seafood & Deli",Huon Tasmanian Smoked Salmon Wood Roasted 150g,328310,$10.00,$66.67 / 1KG,https://www.woolworths.com.au/shop/productdetails/328310/huon-tasmanian-smoked-salmon-wood-roasted,https://cdn0.woolworths.media/content/wowproductimages/medium/328310.jpg,2020-09-21 19:17:24,,0,,True
ffad0872-fbcb-4ef3-ab8b-3923d8e741d3,Woolworths Supermarket,"Meat, Seafood & Deli",Meredith Dairy Goats Cheese Ash Cheese 150g,330226,$9.00,$60.00 / 1KG,https://www.woolworths.com.au/shop/productdetails/330226/meredith-dairy-goats-cheese-ash-cheese,https://cdn0.woolworths.media/content/wowproductimages/medium/330226.jpg,2020-09-21 19:17:24,,0,,True
9b90030f-6226-4045-ab3d-40ba0a11d84e,Woolworths Supermarket,"Meat, Seafood & Deli",Meredith Dairy Dill Cheese 150g,330227,$9.00,$60.00 / 1KG,https://www.woolworths.com.au/shop/productdetails/330227/meredith-dairy-dill-cheese,https://cdn0.woolworths.media/content/wowproductimages/medium/330227.jpg,2020-09-21 19:17:24,,0,,True
e4fd5ca9-777f-4617-891b-9fdb75b9af71,Woolworths Supermarket,"Meat, Seafood & Deli",Margaret River Dairy Company Original Club Cheddar Cheese 150g,331683,$6.15,$41.00 / 1KG,https://www.woolworths.com.au/shop/productdetails/331683/margaret-river-dairy-company-original-club-cheddar-cheese,https://cdn0.woolworths.media/content/wowproductimages/medium/331683.jpg,2020-09-21 19:17:24,,0,,True
ccc0f0bc-3fbc-4a1f-b8ec-65a3ba8412ed,Woolworths Supermarket,"Meat, Seafood & Deli",Chrystal Fresh Cheese Board Selection 275g,331692,$9.00,$32.73 / 1KG,https://www.woolworths.com.au/shop/productdetails/331692/chrystal-fresh-cheese-board-selection,https://cdn0.woolworths.media/content/wowproductimages/medium/331692.jpg,2020-09-21 19:17:24,,0,,True
ba5cfda9-99d1-4a80-8d71-52aff4bd64fe,Woolworths Supermarket,"Meat, Seafood & Deli",King Island Cheddar Cheese 170g,331719,$9.35,$55.00 / 1KG,https://www.woolworths.com.au/shop/productdetails/331719/king-island-cheddar-cheese,https://cdn0.woolworths.media/content/wowproductimages/medium/331719.jpg,2020-09-21 19:17:24,,0,,True
07e6a540-dab1-41d9-936b-6b9b4ac42947,Woolworths Supermarket,"Meat, Seafood & Deli",King Island Smoked Cheddar Cheese 170g,331721,$9.35,$55.00 / 1KG,https://www.woolworths.com.au/shop/productdetails/331721/king-island-smoked-cheddar-cheese,https://cdn0.woolworths.media/content/wowproductimages/medium/331721.jpg,2020-09-21 19:17:24,,0,,True
19714c4a-89f2-416d-970d-c06efc5be497,Woolworths Supermarket,"Meat, Seafood & Deli",South Cape Club Cheddar Vintage Cheese 140g,331770,$5.00,$35.71 / 1KG,https://www.woolworths.com.au/shop/productdetails/331770/south-cape-club-cheddar-vintage-cheese,https://cdn0.woolworths.media/content/wowproductimages/medium/331770.jpg,2020-09-21 19:17:24,,0,Was $6.00 14/05/2018,True
b55d06be-6440-45d8-bd53-aeb0b60bf521,Woolworths Supermarket,"Meat, Seafood & Deli",South Cape Smoked Applebox Club Cheddar Vintage Cheese 140g,331773,$5.00,$35.71 / 1KG,https://www.woolworths.com.au/shop/productdetails/331773/south-cape-smoked-applebox-club-cheddar-vintage-cheese,https://cdn0.woolworths.media/content/wowproductimages/medium/331773.jpg,2020-09-21 19:17:24,,0,Was $6.00 14/05/2018,True
6e3ec838-54db-4651-aa63-b765dbd4f0e5,Woolworths Supermarket,"Meat, Seafood & Deli",South Cape Entertaining Platter 4 Cheese Selections 435g,331791,$16.80,$38.62 / 1KG,https://www.woolworths.com.au/shop/productdetails/331791/south-cape-entertaining-platter-4-cheese-selections,https://cdn0.woolworths.media/content/wowproductimages/medium/331791.jpg,2020-09-21 19:17:24,,0,,True
d614d7fc-f111-4708-8ad6-24fe824c5a6a,Woolworths Supermarket,"Meat, Seafood & Deli",Primo Choice Prosciutto 100g,334804,$8.00,$80.00 / 1KG,https://www.woolworths.com.au/shop/productdetails/334804/primo-choice-prosciutto,https://cdn0.woolworths.media/content/wowproductimages/medium/334804.jpg,2020-09-21 19:17:24,,0,,True
427d68f0-36ef-40b2-a46b-942a2d4456b4,Woolworths Supermarket,"Meat, Seafood & Deli",Tasmanian Heritage Triple Cream Oval Cheese 125g,334936,$4.00,$32.00 / 1KG,https://www.woolworths.com.au/shop/productdetails/334936/tasmanian-heritage-triple-cream-oval-cheese,https://cdn0.woolworths.media/content/wowproductimages/medium/334936.jpg,2020-09-21 19:17:24,,0,,True
3e283dfb-1b04-44f4-8c9d-ca5e23ef7d1e,Woolworths Supermarket,"Meat, Seafood & Deli",Hans Pork Ham Steaks 300g,334982,$4.00,$13.33 / 1KG,https://www.woolworths.com.au/shop/productdetails/334982/hans-pork-ham-steaks,https://cdn0.woolworths.media/content/wowproductimages/medium/334982.jpg,2020-09-21 19:17:24,,0,,True
545728f5-b539-4f4c-b36e-53bfb3c50190,Woolworths Supermarket,"Meat, Seafood & Deli",Woolworths Cook Butterflied Lamb Shoulder With Rosemary & Mint 850g - 1.65kg,337138,$31.35,$19.00 / 1KG,https://www.woolworths.com.au/shop/productdetails/337138/woolworths-cook-butterflied-lamb-shoulder-with-rosemary-mint,https://cdn0.woolworths.media/content/wowproductimages/medium/337138.jpg,2020-09-21 19:17:24,Average product rating out of 5: 4.3. Product score is based on 255 ratings,255,Was $21.00kg 03/03/2020,True
5f61d668-bae8-4d65-bc49-b09f70f2c1a2,Woolworths Supermarket,"Meat, Seafood & Deli",Game Farm Spatchcock Whole 400g - 690g,345277,$12.42,$18.00 / 1KG,https://www.woolworths.com.au/shop/productdetails/345277/game-farm-spatchcock-whole,https://cdn0.woolworths.media/content/wowproductimages/medium/345277.jpg,2020-09-21 19:17:24,,0,,True
3b4b22e7-57a5-4c1f-8374-e2da05f6cd3c,Woolworths Supermarket,"Meat, Seafood & Deli",Ocean Blue Smoked Salmon Sliced 50g,345345,$4.80,$96.00 / 1KG,https://www.woolworths.com.au/shop/productdetails/345345/ocean-blue-smoked-salmon-sliced,https://cdn0.woolworths.media/content/wowproductimages/medium/345345.jpg,2020-09-21 19:17:24,,0,,True
c4259c43-b550-4d60-9073-98ac8cf79ad9,Woolworths Supermarket,"Meat, Seafood & Deli",Ocean Blue Smoked Salmon 180g,345348,$10.00,$55.56 / 1KG,https://www.woolworths.com.au/shop/productdetails/345348/ocean-blue-smoked-salmon,https://cdn0.woolworths.media/content/wowproductimages/medium/345348.jpg,2020-09-21 19:17:24,,0,,True
5dcdb0a7-1567-43c2-9513-e7b8277125b1,Woolworths Supermarket,"Meat, Seafood & Deli",Ocean Blue Smoked Salmon 100g,345350,$6.20,$62.00 / 1KG,https://www.woolworths.com.au/shop/productdetails/345350/ocean-blue-smoked-salmon,https://cdn0.woolworths.media/content/wowproductimages/medium/345350.jpg,2020-09-21 19:17:24,,0,,True
869899a4-c7f3-427f-b8e8-ac83966ec57f,Woolworths Supermarket,"Meat, Seafood & Deli",Ocean Blue Ocean Trout Smoked 100g,345351,$6.20,$62.00 / 1KG,https://www.woolworths.com.au/shop/productdetails/345351/ocean-blue-ocean-trout-smoked,https://cdn0.woolworths.media/content/wowproductimages/medium/345351.jpg,2020-09-21 19:17:24,,0,,True
8148942c-25e8-4ab9-b6e9-516d271883dc,Woolworths Supermarket,"Meat, Seafood & Deli",Ocean Blue Smoked Ocean Trout Sliced 50g,345352,$4.50,$90.00 / 1KG,https://www.woolworths.com.au/shop/productdetails/345352/ocean-blue-smoked-ocean-trout-sliced,https://cdn0.woolworths.media/content/wowproductimages/medium/345352.jpg,2020-09-21 19:17:24,,0,,True
20dd9493-f28e-4312-864e-7f71283ad215,Woolworths Supermarket,"Meat, Seafood & Deli",Don Kransky Plain 300g,345700,$9.00,$30.00 / 1KG,https://www.woolworths.com.au/shop/productdetails/345700/don-kransky-plain,https://cdn0.woolworths.media/content/wowproductimages/medium/345700.jpg,2020-09-21 19:17:24,,0,,True
8530e9b1-039d-4c23-8fae-1149a305ef6b,Woolworths Supermarket,"Meat, Seafood & Deli",Bertocchi Double Smoked Ham Off The Bone Freshly Sliced From The Deli per kg,346463,$31.00,$31.00 / 1KG,https://www.woolworths.com.au/shop/productdetails/346463/bertocchi-double-smoked-ham-off-the-bone-freshly-sliced-from-the-deli,https://cdn0.woolworths.media/content/wowproductimages/medium/346463.jpg,2020-09-21 19:17:24,,0,,True
527cd702-b1dd-46ad-885d-930db6c57496,Woolworths Supermarket,"Meat, Seafood & Deli",Just Caught Whiting Fillets Crumbed 1kg,346569,$11.00,$11.00 / 1KG,https://www.woolworths.com.au/shop/productdetails/346569/just-caught-whiting-fillets-crumbed,https://cdn0.woolworths.media/content/wowproductimages/medium/346569.jpg,2020-09-21 19:17:24,,0,,True
763935d3-844c-498e-8aab-64fb20504714,Woolworths Supermarket,"Meat, Seafood & Deli",Just Caught Whiting Fillets Skin On 1kg,346571,$12.00,$12.00 / 1KG,https://www.woolworths.com.au/shop/productdetails/346571/just-caught-whiting-fillets-skin-on,https://cdn0.woolworths.media/content/wowproductimages/medium/346571.jpg,2020-09-21 19:17:24,,0,,True
2d845f1b-116f-4bbd-8cd6-6923c2c3d0c4,Woolworths Supermarket,"Meat, Seafood & Deli",Tasmanian Heritage Mild Blue Cheese 120g,347138,$6.86,$57.17 / 1KG,https://www.woolworths.com.au/shop/productdetails/347138/tasmanian-heritage-mild-blue-cheese,https://cdn0.woolworths.media/content/wowproductimages/medium/347138.jpg,2020-09-21 19:17:24,,0,,True
f7ef6639-a490-4e1c-a5c7-62fb49156dc7,Woolworths Supermarket,"Meat, Seafood & Deli",South Cape Edam Cheese 200g,347140,$6.40,$32.00 / 1KG,https://www.woolworths.com.au/shop/productdetails/347140/south-cape-edam-cheese,https://cdn0.woolworths.media/content/wowproductimages/medium/347140.jpg,2020-09-21 19:17:24,,0,,True
7e6abe6a-125f-4444-a20c-5214beff3f1a,Woolworths Supermarket,"Meat, Seafood & Deli",South Cape Cheese Gouda 200g,347141,$6.40,$32.00 / 1KG,https://www.woolworths.com.au/shop/productdetails/347141/south-cape-cheese-gouda,https://cdn0.woolworths.media/content/wowproductimages/medium/347141.jpg,2020-09-21 19:17:24,,0,,True
6bb3da5a-ef24-4a20-9d04-7ee884f79a85,Woolworths Supermarket,"Meat, Seafood & Deli",South Cape Havarti Cheese 200g,347142,$6.40,$32.00 / 1KG,https://www.woolworths.com.au/shop/productdetails/347142/south-cape-havarti-cheese,https://cdn0.woolworths.media/content/wowproductimages/medium/347142.jpg,2020-09-21 19:17:24,,0,,True
d899c3ca-d8b9-4305-8560-318403e7dfd8,Woolworths Supermarket,"Meat, Seafood & Deli",De Costi Salt & Pepper Squid 270g,347508,$8.00,$29.63 / 1KG,https://www.woolworths.com.au/shop/productdetails/347508/de-costi-salt-pepper-squid,https://cdn0.woolworths.media/content/wowproductimages/medium/347508.jpg,2020-09-21 19:17:24,,0,,True
16cd7b17-5f46-4da5-9633-747afbbb8fd4,Woolworths Supermarket,"Meat, Seafood & Deli",Chicken Schnitzel Crumbed each,351196,$1.50,$1.50 / 1EA,https://www.woolworths.com.au/shop/productdetails/351196/chicken-schnitzel-crumbed,https://cdn0.woolworths.media/content/wowproductimages/medium/351196.jpg,2020-09-21 19:17:24,Average product rating out of 5: 3.8. Product score is based on 5806 ratings,5806,,True
e2559953-484d-42b3-b54f-91f8a0e92f33,Woolworths Supermarket,"Meat, Seafood & Deli",Pitango Risotto Chicken Garlic 500g,352637,$6.00,$1.20 / 100G,https://www.woolworths.com.au/shop/productdetails/352637/pitango-risotto-chicken-garlic,https://cdn0.woolworths.media/content/wowproductimages/medium/352637.jpg,2020-09-21 19:17:24,,0,,True
660b6915-1a10-4650-84dd-3a4ce4afadfd,Woolworths Supermarket,"Meat, Seafood & Deli",Pitango Risotto Pumpkin Leek 500g,352638,$6.00,$1.20 / 100G,https://www.woolworths.com.au/shop/productdetails/352638/pitango-risotto-pumpkin-leek,https://cdn0.woolworths.media/content/wowproductimages/medium/352638.jpg,2020-09-21 19:17:24,,0,,True
02ebcea1-8245-480c-91ad-8805866eef79,Woolworths Supermarket,"Meat, Seafood & Deli",Bertocchi Premium Boneless Leg Ham Sliced From The Deli per kg,352931,$27.00,$27.00 / 1KG,https://www.woolworths.com.au/shop/productdetails/352931/bertocchi-premium-boneless-leg-ham-sliced-from-the-deli,https://cdn0.woolworths.media/content/wowproductimages/medium/352931.jpg,2020-09-21 19:17:24,,0,,True
514b3e71-4ab0-4236-b63a-38dc5ce3ea57,Woolworths Supermarket,"Meat, Seafood & Deli",Bertocchi Premium Boneless Leg Ham Shaved From The Deli per kg,353946,$27.00,$27.00 / 1KG,https://www.woolworths.com.au/shop/productdetails/353946/bertocchi-premium-boneless-leg-ham-shaved-from-the-deli,https://cdn0.woolworths.media/content/wowproductimages/medium/353946.jpg,2020-09-21 19:17:24,,0,,True
2f9d2529-88b2-4e37-bea1-89d07c45253c,Woolworths Supermarket,"Meat, Seafood & Deli",South Cape Aged Parmesan Cheese 185g,353954,$9.75,$52.70 / 1KG,https://www.woolworths.com.au/shop/productdetails/353954/south-cape-aged-parmesan-cheese,https://cdn0.woolworths.media/content/wowproductimages/medium/353954.jpg,2020-09-21 19:17:24,,0,,True
64cdc2cb-a996-430f-8001-e04da5b62c19,Woolworths Supermarket,"Meat, Seafood & Deli",Huon Salmon To Go Classis Trim Smoked Classic Selection 90g,355477,$7.00,$77.78 / 1KG,https://www.woolworths.com.au/shop/productdetails/355477/huon-salmon-to-go-classis-trim-smoked-classic-selection,https://cdn0.woolworths.media/content/wowproductimages/medium/355477.jpg,2020-09-21 19:17:24,,0,,True
9ed7f595-9c81-4e2b-9733-6e8c18e9d54e,Woolworths Supermarket,"Meat, Seafood & Deli",Bertocchi Ham Leg Boneless 1.8kg,359913,$22.00,$12.22 / 1KG,https://www.woolworths.com.au/shop/productdetails/359913/bertocchi-ham-leg-boneless,https://cdn0.woolworths.media/content/wowproductimages/medium/359913.jpg,2020-09-21 19:17:24,,0,,True
c628d068-608f-4e69-85a8-f8b3da8e6f20,Woolworths Supermarket,"Meat, Seafood & Deli",De Costi Whiting Fillets Crumbed 275g,360768,$10.00,$36.36 / 1KG,https://www.woolworths.com.au/shop/productdetails/360768/de-costi-whiting-fillets-crumbed,https://cdn0.woolworths.media/content/wowproductimages/medium/360768.jpg,2020-09-21 19:17:24,,0,,True
ffabf90e-0182-4c9f-b784-e5c7c3638009,Woolworths Supermarket,"Meat, Seafood & Deli",Perfect Italiano Shaved Parmesan 125g,360904,$3.25,$26.00 / 1KG,https://www.woolworths.com.au/shop/productdetails/360904/perfect-italiano-shaved-parmesan,https://cdn0.woolworths.media/content/wowproductimages/medium/360904.jpg,2020-09-21 19:17:24,,0,,True
5548eb9f-6623-4650-9b1f-774ec3afca0e,Woolworths Supermarket,"Meat, Seafood & Deli",Woolworths Corned Beef Sliced From The Deli per kg,361522,$18.00,$18.00 / 1KG,https://www.woolworths.com.au/shop/productdetails/361522/woolworths-corned-beef-sliced-from-the-deli,https://cdn0.woolworths.media/content/wowproductimages/medium/361522.jpg,2020-09-21 19:17:24,,0,,True
00cdb124-ecf1-41cd-b33f-7b4dd1a1105e,Woolworths Supermarket,"Meat, Seafood & Deli",Woolworths Cook Chicken Kebabs Hoisin 375g,362469,$7.00,$18.67 / 1KG,https://www.woolworths.com.au/shop/productdetails/362469/woolworths-cook-chicken-kebabs-hoisin,https://cdn0.woolworths.media/content/wowproductimages/medium/362469.jpg,2020-09-21 19:17:24,,0,,True
10d46f87-4276-4455-9ad8-ad629e09e05b,Woolworths Supermarket,"Meat, Seafood & Deli",Ocean Blue Smoked Salmon 300g,365407,$12.50,$41.67 / 1KG,https://www.woolworths.com.au/shop/productdetails/365407/ocean-blue-smoked-salmon,https://cdn0.woolworths.media/content/wowproductimages/medium/365407.jpg,2020-09-21 19:17:24,,0,,True
a6003be5-37d6-4d05-b8d3-deff6261c7fa,Woolworths Supermarket,"Meat, Seafood & Deli",Gotzinger Cheese Kransky Chipolata 400g,366111,,,https://www.woolworths.com.au/shop/productdetails/366111/gotzinger-cheese-kransky-chipolata,https://cdn0.woolworths.media/content/wowproductimages/medium/366111.jpg,2020-09-21 19:17:24,,0,,False
2bca3958-2a3e-44c1-94cd-2ef802553c05,Woolworths Supermarket,"Meat, Seafood & Deli",Gotzinger German Bratwurst 400g,366112,$7.98,$19.95 / 1KG,https://www.woolworths.com.au/shop/productdetails/366112/gotzinger-german-bratwurst,https://cdn0.woolworths.media/content/wowproductimages/medium/366112.jpg,2020-09-21 19:17:24,,0,,True
d1c8dd8e-a50c-48b0-8040-97c75c20a08f,Woolworths Supermarket,"Meat, Seafood & Deli",Gotzinger Continental Franks 300g,366113,$7.48,$24.93 / 1KG,https://www.woolworths.com.au/shop/productdetails/366113/gotzinger-continental-franks,https://cdn0.woolworths.media/content/wowproductimages/medium/366113.jpg,2020-09-21 19:17:24,,0,,True
e7782fa1-7801-4547-9af4-282955934f81,Woolworths Supermarket,"Meat, Seafood & Deli",Frico Maasdam Shaved Cheese per kg,369960,$16.00,$16.00 / 1KG,https://www.woolworths.com.au/shop/productdetails/369960/frico-maasdam-shaved-cheese,https://cdn0.woolworths.media/content/wowproductimages/medium/369960.jpg,2020-09-21 19:17:24,,0,,True
53579818-bdff-4b63-a16e-226ecc81da2e,Woolworths Supermarket,"Meat, Seafood & Deli",Unicorn Double Brie Cheese 125g,370487,$4.00,$32.00 / 1KG,https://www.woolworths.com.au/shop/productdetails/370487/unicorn-double-brie-cheese,https://cdn0.woolworths.media/content/wowproductimages/medium/370487.jpg,2020-09-21 19:17:24,,0,,True
2bddd934-db90-497e-8d88-e1492a2dd295,Woolworths Supermarket,"Meat, Seafood & Deli",Mayers Marinated Bismarck Herrings 500g,376934,$7.30,$14.60 / 1KG,https://www.woolworths.com.au/shop/productdetails/376934/mayers-marinated-bismarck-herrings,https://cdn0.woolworths.media/content/wowproductimages/medium/376934.jpg,2020-09-21 19:17:24,,0,,True
dfb77580-fcce-4dd4-9280-1a2ac878069e,Woolworths Supermarket,"Meat, Seafood & Deli",De Costi Seafood Salad 375g,379677,,,https://www.woolworths.com.au/shop/productdetails/379677/de-costi-seafood-salad,https://cdn0.woolworths.media/content/wowproductimages/medium/379677.jpg,2020-09-21 19:17:24,,0,,False
85400a1c-0eef-4e0e-b832-2c4d66709a52,Woolworths Supermarket,"Meat, Seafood & Deli",Primo Middle Bacon Rashers Middle Rashers 250g,380578,$5.00,$20.00 / 1KG,https://www.woolworths.com.au/shop/productdetails/380578/primo-middle-bacon-rashers-middle-rashers,https://cdn0.woolworths.media/content/wowproductimages/medium/380578.jpg,2020-09-21 19:17:24,,0,,True
6ce22e35-06be-45ee-a748-94bed104be9e,Woolworths Supermarket,"Meat, Seafood & Deli",D'orsogna Tasty Sticks Mild From The Deli per kg,381344,$22.00,$22.00 / 1KG,https://www.woolworths.com.au/shop/productdetails/381344/d-orsogna-tasty-sticks-mild-from-the-deli,https://cdn0.woolworths.media/content/wowproductimages/medium/381344.jpg,2020-09-21 19:17:24,,0,,True
9f084fa8-1944-431b-a52b-ae6cbcebf53f,Woolworths Supermarket,"Meat, Seafood & Deli",Woolworths Classic Coleslaw 400g,382779,$4.50,$1.13 / 100G,https://www.woolworths.com.au/shop/productdetails/382779/woolworths-classic-coleslaw,https://cdn0.woolworths.media/content/wowproductimages/medium/382779.jpg,2020-09-21 19:17:24,,0,Was $4.99 26/10/2017,True
fa5b313d-f88f-43de-847a-55ac6c5094ae,Woolworths Supermarket,"Meat, Seafood & Deli",Woolworths Cook Butterflied Lamb Shoulder With Lemon & Garlic 1kg - 1.55kg,383347,$29.45,$19.00 / 1KG,https://www.woolworths.com.au/shop/productdetails/383347/woolworths-cook-butterflied-lamb-shoulder-with-lemon-garlic,https://cdn0.woolworths.media/content/wowproductimages/medium/383347.jpg,2020-09-21 19:17:24,Average product rating out of 5: 4.3. Product score is based on 360 ratings,360,Was $21.00kg 03/03/2020,True
1f35df21-1a3b-4965-bae9-6846de742dab,Woolworths Supermarket,"Meat, Seafood & Deli",Tasmanian Pate Free Range Pate With Craked Pepper 150g,404161,$5.50,$36.67 / 1KG,https://www.woolworths.com.au/shop/productdetails/404161/tasmanian-pate-free-range-pate-with-craked-pepper,https://cdn0.woolworths.media/content/wowproductimages/medium/404161.jpg,2020-09-21 19:17:24,,0,,True
d5c79b9e-5339-4448-842b-4c03d88e4534,Woolworths Supermarket,"Meat, Seafood & Deli",De Costi Cooked Prawns Peeled With Cocktail Sauce 260g,407058,$12.00,$46.15 / 1KG,https://www.woolworths.com.au/shop/productdetails/407058/de-costi-cooked-prawns-peeled-with-cocktail-sauce,https://cdn0.woolworths.media/content/wowproductimages/medium/407058.jpg,2020-09-21 19:17:24,,0,,True
4dc299df-8701-465a-ab4a-f2e48526cec3,Woolworths Supermarket,"Meat, Seafood & Deli",Clearly Premium Smoked Salmon 500g,426535,$23.00,$46.00 / 1KG,https://www.woolworths.com.au/shop/productdetails/426535/clearly-premium-smoked-salmon,https://cdn0.woolworths.media/content/wowproductimages/medium/426535.jpg,2020-09-21 19:17:24,,0,,True
40eca4e3-d8c8-4dd0-897d-ec7e8472504a,Woolworths Supermarket,"Meat, Seafood & Deli",Woolworths Cook Roast Beef With Onion & Garlic Gravy 500g,428204,$12.00,$24.00 / 1KG,https://www.woolworths.com.au/shop/productdetails/428204/woolworths-cook-roast-beef-with-onion-garlic-gravy,https://cdn0.woolworths.media/content/wowproductimages/medium/428204.jpg,2020-09-21 19:17:24,Average product rating out of 5: 4.4. Product score is based on 278 ratings,278,,True
37532fbd-f8ce-4466-b805-baebc52d98a0,Woolworths Supermarket,"Meat, Seafood & Deli",Chris' Heritage Goat Cheese & Black Truffle Dip 170g,432784,$6.00,$3.53 / 100G,https://www.woolworths.com.au/shop/productdetails/432784/chris-heritage-goat-cheese-black-truffle-dip,https://cdn0.woolworths.media/content/wowproductimages/medium/432784.jpg,2020-09-21 19:17:24,,0,,True
915f6e7a-0aad-4408-8806-dfec574139a9,Woolworths Supermarket,"Meat, Seafood & Deli",Chicken Schnitzel Parmi Crumbed each,433191,$1.50,$1.50 / 1EA,https://www.woolworths.com.au/shop/productdetails/433191/chicken-schnitzel-parmi-crumbed,https://cdn0.woolworths.media/content/wowproductimages/medium/433191.jpg,2020-09-21 19:17:24,,0,,True
da912f06-d648-4c7c-9da7-ebf211caadc1,Woolworths Supermarket,"Meat, Seafood & Deli",Woolworths Olives Pitted Mediterranean per kg,439703,$19.95,$19.95 / 1KG,https://www.woolworths.com.au/shop/productdetails/439703/woolworths-olives-pitted-mediterranean,https://cdn0.woolworths.media/content/wowproductimages/medium/439703.jpg,2020-09-21 19:17:24,Average product rating out of 5: 4.5. Product score is based on 298 ratings,298,,True
8f28ddcf-b103-4911-82be-2ae4314d38be,Woolworths Supermarket,"Meat, Seafood & Deli",Woolworths Mixed Tuscan Antipasto per kg,439704,$26.99,$26.99 / 1KG,https://www.woolworths.com.au/shop/productdetails/439704/woolworths-mixed-tuscan-antipasto,https://cdn0.woolworths.media/content/wowproductimages/medium/439704.jpg,2020-09-21 19:17:24,Average product rating out of 5: 4.3. Product score is based on 140 ratings,140,,True
c54d68fb-3705-4748-a109-24f55e60db1d,Woolworths Supermarket,"Meat, Seafood & Deli",Woolworths Crumbed Prawn Cutlets 500g,445351,$8.50,$17.00 / 1KG,https://www.woolworths.com.au/shop/productdetails/445351/woolworths-crumbed-prawn-cutlets,https://cdn0.woolworths.media/content/wowproductimages/medium/445351.jpg,2020-09-21 19:17:24,Average product rating out of 5: 3.8. Product score is based on 363 ratings,363,,True
449b7dab-d6da-465e-a77b-0f627c9fe40e,Woolworths Supermarket,"Meat, Seafood & Deli",Woolworths Frozen Basa Fillets 1kg,445352,$8.00,$8.00 / 1KG,https://www.woolworths.com.au/shop/productdetails/445352/woolworths-frozen-basa-fillets,https://cdn0.woolworths.media/content/wowproductimages/medium/445352.jpg,2020-09-21 19:17:24,,0,,True
43d9fd92-bfd3-4e80-8848-70cdcef7d4e6,Woolworths Supermarket,"Meat, Seafood & Deli",Woolworths Brie 125g,452080,$3.00,$24.00 / 1KG,https://www.woolworths.com.au/shop/productdetails/452080/woolworths-brie,https://cdn0.woolworths.media/content/wowproductimages/medium/452080.jpg,2020-09-21 19:17:24,Average product rating out of 5: 4.1. Product score is based on 845 ratings,845,,True
31c7da1d-66fd-4137-94b3-0e94dcb8a06a,Woolworths Supermarket,"Meat, Seafood & Deli",Woolworths Camembert Cheese 125g,452082,$3.00,$24.00 / 1KG,https://www.woolworths.com.au/shop/productdetails/452082/woolworths-camembert-cheese,https://cdn0.woolworths.media/content/wowproductimages/medium/452082.jpg,2020-09-21 19:17:24,Average product rating out of 5: 4.5. Product score is based on 23 ratings,23,,True
d7f706b9-7a58-4eb1-9399-4f5f87387a7f,Woolworths Supermarket,"Meat, Seafood & Deli",Woolworths Greek Style Fetta 200g,452083,$3.00,$15.00 / 1KG,https://www.woolworths.com.au/shop/productdetails/452083/woolworths-greek-style-fetta,https://cdn0.woolworths.media/content/wowproductimages/medium/452083.jpg,2020-09-21 19:17:24,Average product rating out of 5: 4.4. Product score is based on 58 ratings,58,,True
4750c2c6-c1ac-4321-b3ac-c63c3ac40b03,Woolworths Supermarket,"Meat, Seafood & Deli",Woolworths Danish Style Fetta 200g,452086,$3.00,$15.00 / 1KG,https://www.woolworths.com.au/shop/productdetails/452086/woolworths-danish-style-fetta,https://cdn0.woolworths.media/content/wowproductimages/medium/452086.jpg,2020-09-21 19:17:24,Average product rating out of 5: 4.4. Product score is based on 859 ratings,859,,True
0a788413-0124-47dc-a090-5042ab0093de,Woolworths Supermarket,"Meat, Seafood & Deli",Woolworths Olives Mixed Marinated per kg,454527,$19.95,$19.95 / 1KG,https://www.woolworths.com.au/shop/productdetails/454527/woolworths-olives-mixed-marinated,https://cdn0.woolworths.media/content/wowproductimages/medium/454527.jpg,2020-09-21 19:17:24,Average product rating out of 5: 4.1. Product score is based on 124 ratings,124,,True
c266a0a5-f2f5-4756-a3b2-8866a94443ea,Woolworths Supermarket,"Meat, Seafood & Deli",Woolworths Ricotta Cheese 375g,474591,$3.00,$8.00 / 1KG,https://www.woolworths.com.au/shop/productdetails/474591/woolworths-ricotta-cheese,https://cdn0.woolworths.media/content/wowproductimages/medium/474591.jpg,2020-09-21 19:17:24,Average product rating out of 5: 4.5. Product score is based on 107 ratings,107,,True
4aac872b-be4c-4a64-9d6b-520a0b9f942e,Woolworths Supermarket,"Meat, Seafood & Deli",Woolworths Ricotta Light Cheese 375g,476205,$3.00,$8.00 / 1KG,https://www.woolworths.com.au/shop/productdetails/476205/woolworths-ricotta-light-cheese,https://cdn0.woolworths.media/content/wowproductimages/medium/476205.jpg,2020-09-21 19:17:24,Average product rating out of 5: 4.3. Product score is based on 1187 ratings,1187,,True
47eae57a-1639-42a5-9cf2-57f49843fada,Woolworths Supermarket,"Meat, Seafood & Deli",Bertocchi Gold Long Rindless Bacon 400g,476944,$9.00,$22.50 / 1KG,https://www.woolworths.com.au/shop/productdetails/476944/bertocchi-gold-long-rindless-bacon,https://cdn0.woolworths.media/content/wowproductimages/medium/476944.jpg,2020-09-21 19:17:24,,0,,True
774b31f7-6b0c-4d23-871c-94d2441c08ec,Woolworths Supermarket,"Meat, Seafood & Deli",Bertocchi Gold Short Rindless Bacon 400g,476948,$9.00,$22.50 / 1KG,https://www.woolworths.com.au/shop/productdetails/476948/bertocchi-gold-short-rindless-bacon,https://cdn0.woolworths.media/content/wowproductimages/medium/476948.jpg,2020-09-21 19:17:24,,0,,True
0d230355-d285-4a33-b203-f9a00b50d00d,Woolworths Supermarket,"Meat, Seafood & Deli",Lemnos Cheese Fetta 2 pack,485598,$6.50,$32.50 / 1KG,https://www.woolworths.com.au/shop/productdetails/485598/lemnos-cheese-fetta,https://cdn0.woolworths.media/content/wowproductimages/medium/485598.jpg,2020-09-21 19:17:24,,0,,True
ef926008-a0ff-4808-9bc9-0c00e5da93fc,Woolworths Supermarket,"Meat, Seafood & Deli",Essentials Cooking Bacon 1kg,507910,$9.00,$9.00 / 1KG,https://www.woolworths.com.au/shop/productdetails/507910/essentials-cooking-bacon,https://cdn0.woolworths.media/content/wowproductimages/medium/507910.jpg,2020-09-21 19:17:24,Average product rating out of 5: 3.9. Product score is based on 354 ratings,354,,True
10a9f9eb-bb65-4a7d-a1d2-b5c37aa59420,Woolworths Supermarket,"Meat, Seafood & Deli",Woolworths Short Cut Bacon 200g,509865,$4.00,$20.00 / 1KG,https://www.woolworths.com.au/shop/productdetails/509865/woolworths-short-cut-bacon,https://cdn0.woolworths.media/content/wowproductimages/medium/509865.jpg,2020-09-21 19:17:24,Average product rating out of 5: 4.6. Product score is based on 355 ratings,355,,True
25225b07-b744-44b4-acdb-d46104dc51a0,Woolworths Supermarket,"Meat, Seafood & Deli",D'orsogna Tasty Sticks Peri Peri From The Deli per kg,513370,$22.00,$22.00 / 1KG,https://www.woolworths.com.au/shop/productdetails/513370/d-orsogna-tasty-sticks-peri-peri-from-the-deli,https://cdn0.woolworths.media/content/wowproductimages/medium/513370.jpg,2020-09-21 19:17:24,,0,,True
3cdf7447-ef13-4438-b402-388e10c6e505,Woolworths Supermarket,"Meat, Seafood & Deli",Ob Finest Cracker Cranberry Pumpkin 150g,516107,$6.00,$4.00 / 100G,https://www.woolworths.com.au/shop/productdetails/516107/ob-finest-cracker-cranberry-pumpkin,https://cdn0.woolworths.media/content/wowproductimages/medium/516107.jpg,2020-09-21 19:17:24,,0,Was $6.49 21/03/2017,True
e8536dee-27aa-4bfc-b963-0c859b285958,Woolworths Supermarket,"Meat, Seafood & Deli",Ob Finest Cracker Cashew Rosemary 150g,516108,$6.00,$4.00 / 100G,https://www.woolworths.com.au/shop/productdetails/516108/ob-finest-cracker-cashew-rosemary,https://cdn0.woolworths.media/content/wowproductimages/medium/516108.jpg,2020-09-21 19:17:24,,0,Was $6.49 21/03/2017,True
3ad035d6-f6bc-45d7-8c37-f036f45df9f8,Woolworths Supermarket,"Meat, Seafood & Deli",Luv-a-duck Peking Duck Breasts 360g,517468,$12.00,$33.33 / 1KG,https://www.woolworths.com.au/shop/productdetails/517468/luv-a-duck-peking-duck-breasts,https://cdn0.woolworths.media/content/wowproductimages/medium/517468.jpg,2020-09-21 19:17:24,,0,,True
66755569-6f51-4ef5-8fdc-0bae794f3ec5,Woolworths Supermarket,"Meat, Seafood & Deli",D'orsogna Maple Glazed Streaky Bacon From The Deli per kg,519549,$17.00,$17.00 / 1KG,https://www.woolworths.com.au/shop/productdetails/519549/d-orsogna-maple-glazed-streaky-bacon-from-the-deli,https://cdn0.woolworths.media/content/wowproductimages/medium/519549.jpg,2020-09-21 19:17:24,,0,,True
6f6576ee-cf97-4810-8f2d-d0dc8037c53c,Woolworths Supermarket,"Meat, Seafood & Deli",Woolworths Corn Beef Large 1.3kg - 3.3kg,524763,$26.40,$8.00 / 1KG,https://www.woolworths.com.au/shop/productdetails/524763/woolworths-corn-beef-large,https://cdn0.woolworths.media/content/wowproductimages/medium/524763.jpg,2020-09-21 19:17:24,,0,Was $9.00kg 25/02/2020,True
e51c55de-54bd-4a4b-99fb-53a0fb7c5a30,Woolworths Supermarket,"Meat, Seafood & Deli",Tasmanian Heritage Blue Cheese Snack 80g,527178,$3.50,$43.75 / 1KG,https://www.woolworths.com.au/shop/productdetails/527178/tasmanian-heritage-blue-cheese-snack,https://cdn0.woolworths.media/content/wowproductimages/medium/527178.jpg,2020-09-21 19:17:24,,0,3 for $9.00 $37.50/1KG,True
3332e729-6102-434a-85eb-c1a130e1fab4,Woolworths Supermarket,"Meat, Seafood & Deli",Tasmanian Heritage Double Brie Cheese Snack 80g,527179,$3.50,$43.75 / 1KG,https://www.woolworths.com.au/shop/productdetails/527179/tasmanian-heritage-double-brie-cheese-snack,https://cdn0.woolworths.media/content/wowproductimages/medium/527179.jpg,2020-09-21 19:17:24,,0,3 for $9.00 $37.50/1KG,True
5db7b1ba-1655-4730-acd3-cceb0e76fd1b,Woolworths Supermarket,"Meat, Seafood & Deli",South Cape Havarti Cheese Snack 80g,527330,$3.50,$43.75 / 1KG,https://www.woolworths.com.au/shop/productdetails/527330/south-cape-havarti-cheese-snack,https://cdn0.woolworths.media/content/wowproductimages/medium/527330.jpg,2020-09-21 19:17:24,,0,3 for $9.00 $37.50/1KG,True
45bfd6df-a0f5-4f6a-965e-3d11ef65a0fd,Woolworths Supermarket,"Meat, Seafood & Deli",Woolworths Beef Stir Fry 500g,531015,$10.00,$20.00 / 1KG,https://www.woolworths.com.au/shop/productdetails/531015/woolworths-beef-stir-fry,https://cdn0.woolworths.media/content/wowproductimages/medium/531015.jpg,2020-09-21 19:17:24,,0,,True
c877f369-412a-40d3-91b7-879b5e7ae092,Woolworths Supermarket,"Meat, Seafood & Deli",D'orsogna Maple Glazed Streaky Bacon 200g,533193,$6.00,$30.00 / 1KG,https://www.woolworths.com.au/shop/productdetails/533193/d-orsogna-maple-glazed-streaky-bacon,https://cdn0.woolworths.media/content/wowproductimages/medium/533193.jpg,2020-09-21 19:17:24,,0,,True
46b74fa9-48e3-4d06-880f-dd01294b2f6f,Woolworths Supermarket,"Meat, Seafood & Deli",Don Donskis Mild 40g,542772,$3.00,$75.00 / 1KG,https://www.woolworths.com.au/shop/productdetails/542772/don-donskis-mild,https://cdn0.woolworths.media/content/wowproductimages/medium/542772.jpg,2020-09-21 19:17:24,,0,,True
3ae176fb-46e2-42dc-a972-cd8128f84a63,Woolworths Supermarket,"Meat, Seafood & Deli",Primo English Ham 100g,544696,$3.25,$32.50 / 1KG,https://www.woolworths.com.au/shop/productdetails/544696/primo-english-ham,https://cdn0.woolworths.media/content/wowproductimages/medium/544696.jpg,2020-09-21 19:17:24,,0,2 for $5.50,True
18e64635-a42a-4dec-842c-76580ebf3104,Woolworths Supermarket,"Meat, Seafood & Deli",Primo Turkey Breast 80g,544697,$3.25,$40.63 / 1KG,https://www.woolworths.com.au/shop/productdetails/544697/primo-turkey-breast,https://cdn0.woolworths.media/content/wowproductimages/medium/544697.jpg,2020-09-21 19:17:24,,0,2 for $5.50,True
a338a9d3-6d97-4521-832b-6eceb2838b7c,Woolworths Supermarket,"Meat, Seafood & Deli",Primo Danish Salami 80g,544699,$3.25,$40.63 / 1KG,https://www.woolworths.com.au/shop/productdetails/544699/primo-danish-salami,https://cdn0.woolworths.media/content/wowproductimages/medium/544699.jpg,2020-09-21 19:17:24,,0,2 for $5.50,True
c467f4e6-e323-446b-aaf5-cf1208feb2d2,Woolworths Supermarket,"Meat, Seafood & Deli",Mayfair Hungarian Salami Mild 100g,544704,$2.15,$21.50 / 1KG,https://www.woolworths.com.au/shop/productdetails/544704/mayfair-hungarian-salami-mild,https://cdn0.woolworths.media/content/wowproductimages/medium/544704.jpg,2020-09-21 19:17:24,,0,,True
c88aff28-4fd4-4edf-9cad-ed3e05792e81,Woolworths Supermarket,"Meat, Seafood & Deli",Primo Pulled Chicken 150g,544739,$5.50,$36.67 / 1KG,https://www.woolworths.com.au/shop/productdetails/544739/primo-pulled-chicken,https://cdn0.woolworths.media/content/wowproductimages/medium/544739.jpg,2020-09-21 19:17:24,,0,,True
a0508e86-c7e4-4b9b-8c61-9c1feeb8c1a8,Woolworths Supermarket,"Meat, Seafood & Deli",Primo Ham Double Smoked 100g,544760,$3.25,$32.50 / 1KG,https://www.woolworths.com.au/shop/productdetails/544760/primo-ham-double-smoked,https://cdn0.woolworths.media/content/wowproductimages/medium/544760.jpg,2020-09-21 19:17:24,,0,2 for $5.50,True
ea4d0999-0929-4445-931b-220559991175,Woolworths Supermarket,"Meat, Seafood & Deli",Primo Champagne Ham Thinly Sliced 100g,544761,$3.25,$32.50 / 1KG,https://www.woolworths.com.au/shop/productdetails/544761/primo-champagne-ham-thinly-sliced,https://cdn0.woolworths.media/content/wowproductimages/medium/544761.jpg,2020-09-21 19:17:24,,0,2 for $5.50,True
08cd6603-68b4-4f19-b0b4-24d16fd9eb5b,Woolworths Supermarket,"Meat, Seafood & Deli",Primo Chicken Breast Thinly Sliced 80g,544762,$3.25,$40.63 / 1KG,https://www.woolworths.com.au/shop/productdetails/544762/primo-chicken-breast-thinly-sliced,https://cdn0.woolworths.media/content/wowproductimages/medium/544762.jpg,2020-09-21 19:17:24,,0,2 for $5.50,True
e7e7aa21-b226-495d-9f73-f8299e337e1d,Woolworths Supermarket,"Meat, Seafood & Deli",Primo Pastrami 80g,544763,$3.25,$40.63 / 1KG,https://www.woolworths.com.au/shop/productdetails/544763/primo-pastrami,https://cdn0.woolworths.media/content/wowproductimages/medium/544763.jpg,2020-09-21 19:17:24,,0,2 for $5.50,True
1e3c5814-7997-4763-acdf-dfcb4cfb3b73,Woolworths Supermarket,"Meat, Seafood & Deli",Primo Hungarian Salami Mild 80g,544764,$3.25,$40.63 / 1KG,https://www.woolworths.com.au/shop/productdetails/544764/primo-hungarian-salami-mild,https://cdn0.woolworths.media/content/wowproductimages/medium/544764.jpg,2020-09-21 19:17:24,,0,2 for $5.50,True
faa3f323-20ec-4028-841b-98e4f4c4a69c,Woolworths Supermarket,"Meat, Seafood & Deli",Primo Pepperoni Salami Hot 80g,544765,$3.25,$40.63 / 1KG,https://www.woolworths.com.au/shop/productdetails/544765/primo-pepperoni-salami-hot,https://cdn0.woolworths.media/content/wowproductimages/medium/544765.jpg,2020-09-21 19:17:24,,0,2 for $5.50,True
5cdff6ac-c76c-498c-b386-1fbac6d5bd32,Woolworths Supermarket,"Meat, Seafood & Deli",Miguel Maestre Free Range Chorizo 200g,545716,$8.00,$40.00 / 1KG,https://www.woolworths.com.au/shop/productdetails/545716/miguel-maestre-free-range-chorizo,https://cdn0.woolworths.media/content/wowproductimages/medium/545716.jpg,2020-09-21 19:17:24,,0,,True
38d91353-55d2-42d7-8cbe-4e5374e54716,Woolworths Supermarket,"Meat, Seafood & Deli",Woolworths Classic Coleslaw 250g,546843,$3.00,$1.20 / 100G,https://www.woolworths.com.au/shop/productdetails/546843/woolworths-classic-coleslaw,https://cdn0.woolworths.media/content/wowproductimages/medium/546843.jpg,2020-09-21 19:17:24,,0,,True
4a923500-dd14-43ca-b9c7-741fd78dae6d,Woolworths Supermarket,"Meat, Seafood & Deli",Woolworths Creamy Potato Salad 250g,546844,$3.00,$1.20 / 100G,https://www.woolworths.com.au/shop/productdetails/546844/woolworths-creamy-potato-salad,https://cdn0.woolworths.media/content/wowproductimages/medium/546844.jpg,2020-09-21 19:17:24,,0,,True
39e8982b-338d-4e10-990b-3e957e91c9a0,Woolworths Supermarket,"Meat, Seafood & Deli",Woolworths Creamy Pasta Salad 250g,546845,$3.00,$1.20 / 100G,https://www.woolworths.com.au/shop/productdetails/546845/woolworths-creamy-pasta-salad,https://cdn0.woolworths.media/content/wowproductimages/medium/546845.jpg,2020-09-21 19:17:24,,0,,True
0f8cb253-48c6-436d-b099-8e128c68c77f,Woolworths Supermarket,"Meat, Seafood & Deli",D'orsogna 100% Natural Bacon 300g,547001,$7.00,$23.33 / 1KG,https://www.woolworths.com.au/shop/productdetails/547001/d-orsogna-100-natural-bacon,https://cdn0.woolworths.media/content/wowproductimages/medium/547001.jpg,2020-09-21 19:17:24,,0,,True
5ed2d54f-9891-4151-b770-726ecf17ce87,Woolworths Supermarket,"Meat, Seafood & Deli",Champagne Leg Ham Sliced From The Deli per kg,551188,$20.00,$20.00 / 1KG,https://www.woolworths.com.au/shop/productdetails/551188/champagne-leg-ham-sliced-from-the-deli,https://cdn0.woolworths.media/content/wowproductimages/medium/551188.jpg,2020-09-21 19:17:24,,0,,True
ed4cbe4c-8f76-48f3-b964-b6c4a652d79f,Woolworths Supermarket,"Meat, Seafood & Deli",Champagne Leg Ham Shaved From The Deli per kg,552396,$20.00,$20.00 / 1KG,https://www.woolworths.com.au/shop/productdetails/552396/champagne-leg-ham-shaved-from-the-deli,https://cdn0.woolworths.media/content/wowproductimages/medium/552396.jpg,2020-09-21 19:17:24,,0,,True
75aa1593-2bd5-4727-aa27-4dcdeeab726d,Woolworths Supermarket,"Meat, Seafood & Deli",Talley's Chilled Mussels Lime & Coriander 375g,552564,$7.75,$20.67 / 1KG,https://www.woolworths.com.au/shop/productdetails/552564/talley-s-chilled-mussels-lime-coriander,https://cdn0.woolworths.media/content/wowproductimages/medium/552564.jpg,2020-09-21 19:17:24,,0,,True
dfc83612-68ca-4fab-b19b-00acb565d01d,Woolworths Supermarket,"Meat, Seafood & Deli",Ob Finest Gluten Free Original Wafer 100g,558373,$3.00,$3.00 / 100G,https://www.woolworths.com.au/shop/productdetails/558373/ob-finest-gluten-free-original-wafer,https://cdn0.woolworths.media/content/wowproductimages/medium/558373.jpg,2020-09-21 19:17:24,,0,Was $3.49 20/11/2017,True
f6cc8a58-eff8-4121-925a-5c55e7ae6edc,Woolworths Supermarket,"Meat, Seafood & Deli",Daly Potato Co. Bacon & Dijon Potato Salad 400g,558774,$5.50,,https://www.woolworths.com.au/shop/productdetails/558774/daly-potato-co-bacon-dijon-potato-salad,https://cdn0.woolworths.media/content/wowproductimages/medium/558774.jpg,2020-09-21 19:17:24,,0,,True
cd3907c0-7a37-4c17-a1ec-b9d0128fbf4c,Woolworths Supermarket,"Meat, Seafood & Deli",Daly Potato Co. Spring Onion & Garlic Aioli Potato Salad 400g,558785,$5.50,,https://www.woolworths.com.au/shop/productdetails/558785/daly-potato-co-spring-onion-garlic-aioli-potato-salad,https://cdn0.woolworths.media/content/wowproductimages/medium/558785.jpg,2020-09-21 19:17:24,,0,,True
a6eaa515-be7f-49e3-b74b-6da6972b9e65,Woolworths Supermarket,"Meat, Seafood & Deli",Woolworths Market Value Bbq Pack 8 Sausages & 4 Burgers 1kg,563002,$9.00,$9.00 / 1KG,https://www.woolworths.com.au/shop/productdetails/563002/woolworths-market-value-bbq-pack-8-sausages-4-burgers,https://cdn0.woolworths.media/content/wowproductimages/medium/563002.jpg,2020-09-21 19:17:24,,0,Was $10.00 11/02/2020,True
4c780c73-e51f-4cae-a65f-a23789b38d7c,Woolworths Supermarket,"Meat, Seafood & Deli",Woolworths Heart Smart Extra Lean Beef Mince 500g,577860,$8.50,$17.00 / 1KG,https://www.woolworths.com.au/shop/productdetails/577860/woolworths-heart-smart-extra-lean-beef-mince,https://cdn0.woolworths.media/content/wowproductimages/medium/577860.jpg,2020-09-21 19:17:24,Average product rating out of 5: 4.6. Product score is based on 462 ratings,462,,True
dac82ca2-e564-4a06-a28f-4e02b360c576,Woolworths Supermarket,"Meat, Seafood & Deli",Woolworths Lean Beef Mince 500g,577861,$7.50,$15.00 / 1KG,https://www.woolworths.com.au/shop/productdetails/577861/woolworths-lean-beef-mince,https://cdn0.woolworths.media/content/wowproductimages/medium/577861.jpg,2020-09-21 19:17:24,,0,,True
31d30b50-9522-4d5f-a00d-b93622b81c51,Woolworths Supermarket,"Meat, Seafood & Deli",Woolworths Lean Beef Mince 1kg,577862,$14.00,$14.00 / 1KG,https://www.woolworths.com.au/shop/productdetails/577862/woolworths-lean-beef-mince,https://cdn0.woolworths.media/content/wowproductimages/medium/577862.jpg,2020-09-21 19:17:24,,0,,True
cc695216-adda-4bc3-b550-0b2ec88a93d0,Woolworths Supermarket,"Meat, Seafood & Deli",Woolworths Beef Mince 500g,577863,$6.00,$12.00 / 1KG,https://www.woolworths.com.au/shop/productdetails/577863/woolworths-beef-mince,https://cdn0.woolworths.media/content/wowproductimages/medium/577863.jpg,2020-09-21 19:17:24,,0,,True
75de787b-d5e7-4eb5-a7b2-c06afd21bfee,Woolworths Supermarket,"Meat, Seafood & Deli",Woolworths Beef Mince 1kg,577864,$11.00,$11.00 / 1KG,https://www.woolworths.com.au/shop/productdetails/577864/woolworths-beef-mince,https://cdn0.woolworths.media/content/wowproductimages/medium/577864.jpg,2020-09-21 19:17:24,,0,,True
b358357a-e5e3-41d5-beec-16ba9c1b61e6,Woolworths Supermarket,"Meat, Seafood & Deli",Woolworths Mushroom Risotto 300g,577923,$4.00,$1.33 / 100G,https://www.woolworths.com.au/shop/productdetails/577923/woolworths-mushroom-risotto,https://cdn0.woolworths.media/content/wowproductimages/medium/577923.jpg,2020-09-21 19:17:24,,0,,True
de2aa280-066b-48cc-82c2-6ffbc984aa1b,Woolworths Supermarket,"Meat, Seafood & Deli",Boneless Lamb Shoulder Rolled 1kg - 1.65kg,580986,$30.53,$18.50 / 1KG,https://www.woolworths.com.au/shop/productdetails/580986/boneless-lamb-shoulder-rolled,https://cdn0.woolworths.media/content/wowproductimages/medium/580986.jpg,2020-09-21 19:17:24,,0,,True
ca01939c-369a-4668-8e73-777ee8f71abf,Woolworths Supermarket,"Meat, Seafood & Deli",Woolworths Lamb Mince 500g,582607,$7.50,$15.00 / 1KG,https://www.woolworths.com.au/shop/productdetails/582607/woolworths-lamb-mince,https://cdn0.woolworths.media/content/wowproductimages/medium/582607.jpg,2020-09-21 19:17:24,,0,,True
ad6b6435-3ef6-42b4-8395-de496d062edf,Woolworths Supermarket,"Meat, Seafood & Deli",Woolworths Homestyle Beef Rissoles 8 pack,589137,$8.00,$13.33 / 1KG,https://www.woolworths.com.au/shop/productdetails/589137/woolworths-homestyle-beef-rissoles,https://cdn0.woolworths.media/content/wowproductimages/medium/589137.jpg,2020-09-21 19:17:24,,0,,True
2eccc4e6-c757-4c8e-ae9d-5e25c973851d,Woolworths Supermarket,"Meat, Seafood & Deli",De Costi Prawns Lemon & Garlic Butter 280g,589727,$11.50,$41.07 / 1KG,https://www.woolworths.com.au/shop/productdetails/589727/de-costi-prawns-lemon-garlic-butter,https://cdn0.woolworths.media/content/wowproductimages/medium/589727.jpg,2020-09-21 19:17:24,,0,,True
e805f050-711c-4abd-a736-dafd351f4f71,Woolworths Supermarket,"Meat, Seafood & Deli",Riverina Reduced Fat Fetta Cheese 1kg,614440,$15.00,$15.00 / 1KG,https://www.woolworths.com.au/shop/productdetails/614440/riverina-reduced-fat-fetta-cheese,https://cdn0.woolworths.media/content/wowproductimages/medium/614440.jpg,2020-09-21 19:17:24,,0,,True
e8346b5f-403d-4668-9d3d-79633742cbb9,Woolworths Supermarket,"Meat, Seafood & Deli",D'orsogna Jarrah Honey Ham Off The Bone Freshly Sliced From The Deli per kg,620121,$26.00,$26.00 / 1KG,https://www.woolworths.com.au/shop/productdetails/620121/d-orsogna-jarrah-honey-ham-off-the-bone-freshly-sliced-from-the-deli,https://cdn0.woolworths.media/content/wowproductimages/medium/620121.jpg,2020-09-21 19:17:24,,0,,True
2d2c25ee-f658-42ec-8e28-6c22e5d2f7e2,Woolworths Supermarket,"Meat, Seafood & Deli",Pastoral Oven Roasted Pork Herb Crusted Sliced From The Deli per kg,620498,$25.00,$25.00 / 1KG,https://www.woolworths.com.au/shop/productdetails/620498/pastoral-oven-roasted-pork-herb-crusted-sliced-from-the-deli,https://cdn0.woolworths.media/content/wowproductimages/medium/620498.jpg,2020-09-21 19:17:24,,0,,True
1a95b87c-47ce-4f1d-b7ca-9e627f08ec4f,Woolworths Supermarket,"Meat, Seafood & Deli",Woolworths Premium Roast Beef 97% Fat Free Sliced From The Deli per kg,624299,$27.00,$27.00 / 1KG,https://www.woolworths.com.au/shop/productdetails/624299/woolworths-premium-roast-beef-97-fat-free-sliced-from-the-deli,https://cdn0.woolworths.media/content/wowproductimages/medium/624299.jpg,2020-09-21 19:17:24,,0,,True
56c2902c-45bd-4f1a-86fd-545acd2b0922,Woolworths Supermarket,"Meat, Seafood & Deli",Woolworths Cocktail Frankfurts 500g,625347,$2.50,$5.00 / 1KG,https://www.woolworths.com.au/shop/productdetails/625347/woolworths-cocktail-frankfurts,https://cdn0.woolworths.media/content/wowproductimages/medium/625347.jpg,2020-09-21 19:17:24,,0,,True
6e9cb3c2-73b0-429a-8270-6c9aa425d8c4,Woolworths Supermarket,"Meat, Seafood & Deli",Woolworths Hotdogs 500g,625348,$2.50,$5.00 / 1KG,https://www.woolworths.com.au/shop/productdetails/625348/woolworths-hotdogs,https://cdn0.woolworths.media/content/wowproductimages/medium/625348.jpg,2020-09-21 19:17:24,,0,,True
293d45a8-5057-4d3d-8ac4-30299a98344f,Woolworths Supermarket,"Meat, Seafood & Deli",Bertocchi Gold Thin & Crispy Middle Bacon 400g,626487,$9.00,$22.50 / 1KG,https://www.woolworths.com.au/shop/productdetails/626487/bertocchi-gold-thin-crispy-middle-bacon,https://cdn0.woolworths.media/content/wowproductimages/medium/626487.jpg,2020-09-21 19:17:24,,0,,True
ab6b9b66-7503-4fed-a700-4ebee5f541fd,Woolworths Supermarket,"Meat, Seafood & Deli",Ob Finest Apricot & Macadamia Specialty Cracker 150g,626516,$6.00,$4.00 / 100G,https://www.woolworths.com.au/shop/productdetails/626516/ob-finest-apricot-macadamia-specialty-cracker,https://cdn0.woolworths.media/content/wowproductimages/medium/626516.jpg,2020-09-21 19:17:24,,0,Was $6.49 21/03/2017,True
470236aa-94cf-44bf-a444-e04db2f3769d,Woolworths Supermarket,"Meat, Seafood & Deli",Ob Finest Fig & Pecan Specialty Cracker 150g,626523,$6.00,$4.00 / 100G,https://www.woolworths.com.au/shop/productdetails/626523/ob-finest-fig-pecan-specialty-cracker,https://cdn0.woolworths.media/content/wowproductimages/medium/626523.jpg,2020-09-21 19:17:24,,0,Was $6.49 21/03/2017,True
d9826c20-a027-4d22-aa23-18f014c7fc58,Woolworths Supermarket,"Meat, Seafood & Deli",Woolworths Cook Chicken Kebab Honey Soy 750g,629441,$10.00,$13.33 / 1KG,https://www.woolworths.com.au/shop/productdetails/629441/woolworths-cook-chicken-kebab-honey-soy,https://cdn0.woolworths.media/content/wowproductimages/medium/629441.jpg,2020-09-21 19:17:24,,0,Was $12.00 06/11/2018,True
537932bc-4664-4017-8fea-8f6e18e5feac,Woolworths Supermarket,"Meat, Seafood & Deli",Woolworths Cook Chicken Kebab Sweet Smokey Bbq 375g,629442,$7.00,$18.67 / 1KG,https://www.woolworths.com.au/shop/productdetails/629442/woolworths-cook-chicken-kebab-sweet-smokey-bbq,https://cdn0.woolworths.media/content/wowproductimages/medium/629442.jpg,2020-09-21 19:17:24,,0,,True
c5da5cf8-f90c-436a-91c3-b450db10ec24,Woolworths Supermarket,"Meat, Seafood & Deli",La Casa Del Formaggio Smooth Ricotta 375g,629967,$5.00,$13.33 / 1KG,https://www.woolworths.com.au/shop/productdetails/629967/la-casa-del-formaggio-smooth-ricotta,https://cdn0.woolworths.media/content/wowproductimages/medium/629967.jpg,2020-09-21 19:17:24,,0,,True
3b168cf4-749d-404d-9247-5ace6352e444,Woolworths Supermarket,"Meat, Seafood & Deli",Maggie Beer Fig & Walnut Paste 100g,629974,$6.00,$60.00 / 1KG,https://www.woolworths.com.au/shop/productdetails/629974/maggie-beer-fig-walnut-paste,https://cdn0.woolworths.media/content/wowproductimages/medium/629974.jpg,2020-09-21 19:17:24,,0,,True
09843444-1306-4551-ba44-1424942f1d33,Woolworths Supermarket,"Meat, Seafood & Deli",D'orsogna 100% Natural Chorizo 250g,632810,$7.00,$28.00 / 1KG,https://www.woolworths.com.au/shop/productdetails/632810/d-orsogna-100-natural-chorizo,https://cdn0.woolworths.media/content/wowproductimages/medium/632810.jpg,2020-09-21 19:17:24,,0,,True
01b66f34-5e6b-4115-b351-c91b42305d19,Woolworths Supermarket,"Meat, Seafood & Deli",Ob Finest Quince Paste 100g,633638,$5.00,$50.00 / 1KG,https://www.woolworths.com.au/shop/productdetails/633638/ob-finest-quince-paste,https://cdn0.woolworths.media/content/wowproductimages/medium/633638.jpg,2020-09-21 19:17:24,,0,,True
a50dcf05-7ea6-4591-8637-d0c53109e7b0,Woolworths Supermarket,"Meat, Seafood & Deli",Yarra Valley Persian Fetta Classic 350g,640123,$10.40,$29.71 / 1KG,https://www.woolworths.com.au/shop/productdetails/640123/yarra-valley-persian-fetta-classic,https://cdn0.woolworths.media/content/wowproductimages/medium/640123.jpg,2020-09-21 19:17:24,,0,,True
4ab27805-d519-48ae-a4ee-d86f81f6e4af,Woolworths Supermarket,"Meat, Seafood & Deli",Prosciutto Di San Daniele Sliced 85g,640254,$9.00,$105.88 / 1KG,https://www.woolworths.com.au/shop/productdetails/640254/prosciutto-di-san-daniele-sliced,https://cdn0.woolworths.media/content/wowproductimages/medium/640254.jpg,2020-09-21 19:17:24,,0,,True
d94ded9a-52b9-48e3-85ee-91c427c51d83,Woolworths Supermarket,"Meat, Seafood & Deli",Woolworths Cook Slow Cooked Beef Ribs In Sweet 'n' Smokey Bbq Sauce 800g - 1.3kg,642961,,,https://www.woolworths.com.au/shop/productdetails/642961/woolworths-cook-slow-cooked-beef-ribs-in-sweet-n-smokey-bbq-sauce,https://cdn0.woolworths.media/content/wowproductimages/medium/642961.jpg,2020-09-21 19:17:24,Average product rating out of 5: 4.2. Product score is based on 97 ratings,97,,False
88dd48f1-0204-4833-a590-e1c3b06dbb06,Woolworths Supermarket,"Meat, Seafood & Deli",Riverina Full Cream Fetta 1kg,647386,$15.00,$15.00 / 1KG,https://www.woolworths.com.au/shop/productdetails/647386/riverina-full-cream-fetta,https://cdn0.woolworths.media/content/wowproductimages/medium/647386.jpg,2020-09-21 19:17:24,,0,,True
6080f735-0dc8-4aa4-85b0-1a03c35db574,Woolworths Supermarket,"Meat, Seafood & Deli",Peppercorn Butcher's Classic Chorizo Sausages 450g,655412,$7.50,$16.67 / 1KG,https://www.woolworths.com.au/shop/productdetails/655412/peppercorn-butcher-s-classic-chorizo-sausages,https://cdn0.woolworths.media/content/wowproductimages/medium/655412.jpg,2020-09-21 19:17:24,,0,,True
f7166cc7-9b1f-4da6-9462-d53fee833be4,Woolworths Supermarket,"Meat, Seafood & Deli",Ob Finest Specialty Bites Parmesan Olive & Basil 100g,655426,$5.00,$5.00 / 100G,https://www.woolworths.com.au/shop/productdetails/655426/ob-finest-specialty-bites-parmesan-olive-basil,https://cdn0.woolworths.media/content/wowproductimages/medium/655426.jpg,2020-09-21 19:17:24,,0,,True
df0bf85e-cded-4937-975d-5ed4cd8d97d3,Woolworths Supermarket,"Meat, Seafood & Deli",Woolworths Jumbo Cooked Prawn 500g,656743,$22.00,$44.00 / 1KG,https://www.woolworths.com.au/shop/productdetails/656743/woolworths-jumbo-cooked-prawn,https://cdn0.woolworths.media/content/wowproductimages/medium/656743.jpg,2020-09-21 19:17:24,Average product rating out of 5: 4.0. Product score is based on 648 ratings,648,,True
a0105d53-88a9-4e36-968c-0a9dad5490aa,Woolworths Supermarket,"Meat, Seafood & Deli",Don Premium Butcher's Style Rindless Bacon 200g,658479,$6.30,$31.50 / 1KG,https://www.woolworths.com.au/shop/productdetails/658479/don-premium-butcher-s-style-rindless-bacon,https://cdn0.woolworths.media/content/wowproductimages/medium/658479.jpg,2020-09-21 19:17:24,,0,,True
22ba16ca-8720-48ca-b0ae-f07fdb770b49,Woolworths Supermarket,"Meat, Seafood & Deli",Woolworths Chinese Bbq Pork From The Deli per kg,659932,$30.00,$30.00 / 1KG,https://www.woolworths.com.au/shop/productdetails/659932/woolworths-chinese-bbq-pork-from-the-deli,https://cdn0.woolworths.media/content/wowproductimages/medium/659932.jpg,2020-09-21 19:17:24,,0,,True
ff8c4abb-e0c2-4b48-ab8a-38b519b3c58e,Woolworths Supermarket,"Meat, Seafood & Deli",Woolworths Premium Roast Beef 97% Fat Free Shaved From The Deli per kg,662996,$27.00,$27.00 / 1KG,https://www.woolworths.com.au/shop/productdetails/662996/woolworths-premium-roast-beef-97-fat-free-shaved-from-the-deli,https://cdn0.woolworths.media/content/wowproductimages/medium/662996.jpg,2020-09-21 19:17:24,,0,,True
794b1bae-c18e-45a2-a699-8db5f2f689c7,Woolworths Supermarket,"Meat, Seafood & Deli",Ocean Pearl Australian Wild Caught Banana Prawns 800g,663676,$17.00,$21.25 / 1KG,https://www.woolworths.com.au/shop/productdetails/663676/ocean-pearl-australian-wild-caught-banana-prawns,https://cdn0.woolworths.media/content/wowproductimages/medium/663676.jpg,2020-09-21 19:17:24,,0,,True
08076fe4-3c18-4415-91a0-443a9ab7d961,Woolworths Supermarket,"Meat, Seafood & Deli",Woolworths Frozen Barramundi 1kg,664737,$19.00,$19.00 / 1KG,https://www.woolworths.com.au/shop/productdetails/664737/woolworths-frozen-barramundi,https://cdn0.woolworths.media/content/wowproductimages/medium/664737.jpg,2020-09-21 19:17:24,Average product rating out of 5: 4.0. Product score is based on 857 ratings,857,,True
8c40bcc1-ccb9-4399-a369-6425e0b6eb01,Woolworths Supermarket,"Meat, Seafood & Deli",Ocean Chef Hoki Fillets 1kg,665989,$14.30,$14.30 / 1KG,https://www.woolworths.com.au/shop/productdetails/665989/ocean-chef-hoki-fillets,https://cdn0.woolworths.media/content/wowproductimages/medium/665989.jpg,2020-09-21 19:17:24,,0,,True
55f74a3e-579f-407a-8cbb-558e77aa133c,Woolworths Supermarket,"Meat, Seafood & Deli",Chicken Sandwich Schnitzel each,666237,$2.20,$2.20 / 1EA,https://www.woolworths.com.au/shop/productdetails/666237/chicken-sandwich-schnitzel,https://cdn0.woolworths.media/content/wowproductimages/medium/666237.jpg,2020-09-21 19:17:24,Average product rating out of 5: 4.2. Product score is based on 410 ratings,410,,True
1f492681-2937-40a8-b855-acc2b2de3205,Woolworths Supermarket,"Meat, Seafood & Deli",Clearly Premium Smoked Ocean Trout 500g,666358,$22.00,$44.00 / 1KG,https://www.woolworths.com.au/shop/productdetails/666358/clearly-premium-smoked-ocean-trout,https://cdn0.woolworths.media/content/wowproductimages/medium/666358.jpg,2020-09-21 19:17:24,,0,,True
75a8cf36-6d01-416d-ba75-5aed817276ae,Woolworths Supermarket,"Meat, Seafood & Deli",President Le Blue Extra Creamy 120g,666467,$5.85,$48.75 / 1KG,https://www.woolworths.com.au/shop/productdetails/666467/president-le-blue-extra-creamy,https://cdn0.woolworths.media/content/wowproductimages/medium/666467.jpg,2020-09-21 19:17:24,,0,,True
d9dfcf89-98a1-40ca-925b-b46674238096,Woolworths Supermarket,"Meat, Seafood & Deli",Woolworths Pork & Veal Mince 500g,666558,$6.50,$13.00 / 1KG,https://www.woolworths.com.au/shop/productdetails/666558/woolworths-pork-veal-mince,https://cdn0.woolworths.media/content/wowproductimages/medium/666558.jpg,2020-09-21 19:17:24,,0,,True
dd7e7e0a-0982-4fff-bc25-20d0421e79e6,Woolworths Supermarket,"Meat, Seafood & Deli",Raw Prawn Meat 1kg,666563,$30.00,$30.00 / 1KG,https://www.woolworths.com.au/shop/productdetails/666563/raw-prawn-meat,https://cdn0.woolworths.media/content/wowproductimages/medium/666563.jpg,2020-09-21 19:17:24,,0,,True
30bcd47a-5e4c-45b0-8c88-4b8ccf1af0b0,Woolworths Supermarket,"Meat, Seafood & Deli",Woolworths Cook Butterflied Chicken Sweet Garlic & Herb Marinade 900g - 1.4kg,668510,$14.00,$10.00 / 1KG,https://www.woolworths.com.au/shop/productdetails/668510/woolworths-cook-butterflied-chicken-sweet-garlic-herb-marinade,https://cdn0.woolworths.media/content/wowproductimages/medium/668510.jpg,2020-09-21 19:17:24,Average product rating out of 5: 4.6. Product score is based on 489 ratings,489,,True
7f60457b-ab64-4937-8c73-343f5ef5bf64,Woolworths Supermarket,"Meat, Seafood & Deli",Meredith Dairy Goat's Cheese Chevre Plain 80g,668984,$4.00,$50.00 / 1KG,https://www.woolworths.com.au/shop/productdetails/668984/meredith-dairy-goat-s-cheese-chevre-plain,https://cdn0.woolworths.media/content/wowproductimages/medium/668984.jpg,2020-09-21 19:17:24,,0,,True
8215c8e7-b96f-4670-ad65-eef1e102f43d,Woolworths Supermarket,"Meat, Seafood & Deli",Ob Finest Activated Charcoal Wafer Crackers 100g,669012,$3.00,$3.00 / 100G,https://www.woolworths.com.au/shop/productdetails/669012/ob-finest-activated-charcoal-wafer-crackers,https://cdn0.woolworths.media/content/wowproductimages/medium/669012.jpg,2020-09-21 19:17:24,,0,Was $3.49 20/11/2017,True
d6ab2be4-a66a-404a-a3af-5189662f14b5,Woolworths Supermarket,"Meat, Seafood & Deli",Hedy's Quiche Spinach & Feta 1.1kg,669044,$13.50,$1.23 / 100G,https://www.woolworths.com.au/shop/productdetails/669044/hedy-s-quiche-spinach-feta,https://cdn0.woolworths.media/content/wowproductimages/medium/669044.jpg,2020-09-21 19:17:24,,0,,True
eba98c3b-23f0-414e-a1b4-cc434ac0040d,Woolworths Supermarket,"Meat, Seafood & Deli",Ocean Chef Smoked Hoki 1kg,671451,$15.50,$15.50 / 1KG,https://www.woolworths.com.au/shop/productdetails/671451/ocean-chef-smoked-hoki,https://cdn0.woolworths.media/content/wowproductimages/medium/671451.jpg,2020-09-21 19:17:24,,0,,True
2d30f6c9-f52f-4bf7-bfd1-4a4b2cd70641,Woolworths Supermarket,"Meat, Seafood & Deli",Salamanca Seafood Company Atlantic Salmon Skin-on Fillets 460g,671775,$13.00,$28.26 / 1KG,https://www.woolworths.com.au/shop/productdetails/671775/salamanca-seafood-company-atlantic-salmon-skin-on-fillets,https://cdn0.woolworths.media/content/wowproductimages/medium/671775.jpg,2020-09-21 19:17:24,,0,,True
93bbbae8-84ff-4839-ad48-e7a6158c6ad3,Woolworths Supermarket,"Meat, Seafood & Deli",Woolworths Rspca Chicken Burger 340g,673371,$5.50,$16.18 / 1KG,https://www.woolworths.com.au/shop/productdetails/673371/woolworths-rspca-chicken-burger,https://cdn0.woolworths.media/content/wowproductimages/medium/673371.jpg,2020-09-21 19:17:24,Average product rating out of 5: 4.2. Product score is based on 312 ratings,312,,True
6c920def-0077-4bad-9135-a8a1c4f37e4e,Woolworths Supermarket,"Meat, Seafood & Deli",Woolworths Rspca Chicken Schnitzel 400g,673372,$5.50,$13.75 / 1KG,https://www.woolworths.com.au/shop/productdetails/673372/woolworths-rspca-chicken-schnitzel,https://cdn0.woolworths.media/content/wowproductimages/medium/673372.jpg,2020-09-21 19:17:24,Average product rating out of 5: 4.1. Product score is based on 335 ratings,335,,True
a64470d1-8a5c-4d56-a7da-38534ace6a76,Woolworths Supermarket,"Meat, Seafood & Deli",Woolworths Rspca Chicken Schnitzel Herb & Garlic 400g,673373,$5.50,$13.75 / 1KG,https://www.woolworths.com.au/shop/productdetails/673373/woolworths-rspca-chicken-schnitzel-herb-garlic,https://cdn0.woolworths.media/content/wowproductimages/medium/673373.jpg,2020-09-21 19:17:24,Average product rating out of 5: 4.4. Product score is based on 290 ratings,290,,True
e230804f-3cc0-4c03-a0aa-355bee1cbe18,Woolworths Supermarket,"Meat, Seafood & Deli",Woolworths Sweet Potato Mash 475g,674323,$5.99,$1.26 / 100G,https://www.woolworths.com.au/shop/productdetails/674323/woolworths-sweet-potato-mash,https://cdn0.woolworths.media/content/wowproductimages/medium/674323.jpg,2020-09-21 19:17:24,,0,,True
45468421-3ef6-41f5-b083-978cbcc898d3,Woolworths Supermarket,"Meat, Seafood & Deli",Woolworths Beef Eye Fillet Steak 250g - 550g,675315,$24.20,$44.00 / 1KG,https://www.woolworths.com.au/shop/productdetails/675315/woolworths-beef-eye-fillet-steak,https://cdn0.woolworths.media/content/wowproductimages/medium/675315.jpg,2020-09-21 19:17:24,,0,,True
51f8ff16-592d-46ad-919b-d603db9d294a,Woolworths Supermarket,"Meat, Seafood & Deli",Woolworths Beef Rump Steak Medium 270g - 750g,675318,$18.00,$24.00 / 1KG,https://www.woolworths.com.au/shop/productdetails/675318/woolworths-beef-rump-steak-medium,https://cdn0.woolworths.media/content/wowproductimages/medium/675318.jpg,2020-09-21 19:17:24,,0,,True
ea299f1b-2a5e-4bdb-9fb8-942a52b09b68,Woolworths Supermarket,"Meat, Seafood & Deli",Woolworths Beef Scotch Fillet Thin Slice 200g,675477,$7.00,$35.00 / 1KG,https://www.woolworths.com.au/shop/productdetails/675477/woolworths-beef-scotch-fillet-thin-slice,https://cdn0.woolworths.media/content/wowproductimages/medium/675477.jpg,2020-09-21 19:17:24,,0,,True
9c7a4d99-a5eb-4e75-8a3e-5db16fef7176,Woolworths Supermarket,"Meat, Seafood & Deli",Woolworths Beef Rump Steak Medallion Small 300g,675478,$9.00,$30.00 / 1KG,https://www.woolworths.com.au/shop/productdetails/675478/woolworths-beef-rump-steak-medallion-small,https://cdn0.woolworths.media/content/wowproductimages/medium/675478.jpg,2020-09-21 19:17:24,,0,,True
0faed908-13e9-4fab-a174-880dfe08c600,Woolworths Supermarket,"Meat, Seafood & Deli",Woolworths Beef Oyster Blade Steak 600g,675479,$12.00,$20.00 / 1KG,https://www.woolworths.com.au/shop/productdetails/675479/woolworths-beef-oyster-blade-steak,https://cdn0.woolworths.media/content/wowproductimages/medium/675479.jpg,2020-09-21 19:17:24,,0,,True
cf048b4f-156e-4847-83ab-2b886ced7c0c,Woolworths Supermarket,"Meat, Seafood & Deli",Woolworths Diced Beef Casserole 500g,675483,$8.00,$16.00 / 1KG,https://www.woolworths.com.au/shop/productdetails/675483/woolworths-diced-beef-casserole,https://cdn0.woolworths.media/content/wowproductimages/medium/675483.jpg,2020-09-21 19:17:24,,0,,True
e02bf750-a97a-4cfe-97b0-2bc90853f1ed,Woolworths Supermarket,"Meat, Seafood & Deli",Woolworths Pork Medallion 250g,675494,$8.00,$32.00 / 1KG,https://www.woolworths.com.au/shop/productdetails/675494/woolworths-pork-medallion,https://cdn0.woolworths.media/content/wowproductimages/medium/675494.jpg,2020-09-21 19:17:24,,0,,True
0774a0b7-e595-4ff8-a3d6-3c1c5764adc6,Woolworths Supermarket,"Meat, Seafood & Deli",Woolworths Pork Loin Chop Medium 320g - 650g,675623,$11.05,$17.00 / 1KG,https://www.woolworths.com.au/shop/productdetails/675623/woolworths-pork-loin-chop-medium,https://cdn0.woolworths.media/content/wowproductimages/medium/675623.jpg,2020-09-21 19:17:24,,0,,True
79e8225a-7aed-4c5e-b355-bf34211ce020,Woolworths Supermarket,"Meat, Seafood & Deli",Woolworths Lamb Rump Steak Medium 400g - 700g,675643,$16.10,$23.00 / 1KG,https://www.woolworths.com.au/shop/productdetails/675643/woolworths-lamb-rump-steak-medium,https://cdn0.woolworths.media/content/wowproductimages/medium/675643.jpg,2020-09-21 19:17:24,,0,Was $28.00 25/08/2020,True
5a5a8ecb-7668-464a-9825-279acf4e803d,Woolworths Supermarket,"Meat, Seafood & Deli",Woolworths Beef Porterhouse Steak Medium 320g - 800g,675650,$23.20,$29.00 / 1KG,https://www.woolworths.com.au/shop/productdetails/675650/woolworths-beef-porterhouse-steak-medium,https://cdn0.woolworths.media/content/wowproductimages/medium/675650.jpg,2020-09-21 19:17:24,,0,,True
33f4ffac-84b1-45d5-830f-bac817a24f1f,Woolworths Supermarket,"Meat, Seafood & Deli",Woolworths Beef T Bone Steak Medium 250g - 700g,675651,$16.80,$24.00 / 1KG,https://www.woolworths.com.au/shop/productdetails/675651/woolworths-beef-t-bone-steak-medium,https://cdn0.woolworths.media/content/wowproductimages/medium/675651.jpg,2020-09-21 19:17:24,,0,,True
a39a7470-2eb1-40dc-8b98-6b459b6350ff,Woolworths Supermarket,"Meat, Seafood & Deli",Woolworths Beef Scotch Fillet Steak Small 180g - 450g,675653,$15.30,$34.00 / 1KG,https://www.woolworths.com.au/shop/productdetails/675653/woolworths-beef-scotch-fillet-steak-small,https://cdn0.woolworths.media/content/wowproductimages/medium/675653.jpg,2020-09-21 19:17:24,,0,,True
393954a5-2e3c-419d-b496-da2b2d84e8f7,Woolworths Supermarket,"Meat, Seafood & Deli",Woolworths Beef Scotch Fillet Steak Medium 350g - 750g,675654,$25.50,$34.00 / 1KG,https://www.woolworths.com.au/shop/productdetails/675654/woolworths-beef-scotch-fillet-steak-medium,https://cdn0.woolworths.media/content/wowproductimages/medium/675654.jpg,2020-09-21 19:17:24,,0,,True
509a751a-53d7-4ae6-af5e-aab7ce774147,Woolworths Supermarket,"Meat, Seafood & Deli",Woolworths Pork Rashers Medium 350g - 850g,675687,$17.00,$20.00 / 1KG,https://www.woolworths.com.au/shop/productdetails/675687/woolworths-pork-rashers-medium,https://cdn0.woolworths.media/content/wowproductimages/medium/675687.jpg,2020-09-21 19:17:24,,0,,True
e937c49b-ab6f-49ac-80b9-9ca9d02eedf8,Woolworths Supermarket,"Meat, Seafood & Deli",South Cape Sweet Chilli Cream Cheese 200g,677235,$4.60,$23.00 / 1KG,https://www.woolworths.com.au/shop/productdetails/677235/south-cape-sweet-chilli-cream-cheese,https://cdn0.woolworths.media/content/wowproductimages/medium/677235.jpg,2020-09-21 19:17:24,,0,,True
5123a0e4-c8f6-4442-acb0-6a37ce6ba873,Woolworths Supermarket,"Meat, Seafood & Deli",Woolworths Grassfed Beef Stir Fry 500g,678361,$12.00,$24.00 / 1KG,https://www.woolworths.com.au/shop/productdetails/678361/woolworths-grassfed-beef-stir-fry,https://cdn0.woolworths.media/content/wowproductimages/medium/678361.jpg,2020-09-21 19:17:24,,0,,True
52b28899-5b96-46a2-8af0-60626e423b51,Woolworths Supermarket,"Meat, Seafood & Deli",Woolworths Mojito Olives Mint Lime & Rum per kg,680187,$19.95,$2.00 / 100G,https://www.woolworths.com.au/shop/productdetails/680187/woolworths-mojito-olives-mint-lime-rum,https://cdn0.woolworths.media/content/wowproductimages/medium/680187.jpg,2020-09-21 19:17:24,Average product rating out of 5: 4.3. Product score is based on 140 ratings,140,,True
a72cc50a-c80d-4bab-8f59-6eb2c7352f21,Woolworths Supermarket,"Meat, Seafood & Deli",Woolworths The Cooks Cuts Beef Brisket 550g - 1.1kg,680541,$15.40,$14.00 / 1KG,https://www.woolworths.com.au/shop/productdetails/680541/woolworths-the-cooks-cuts-beef-brisket,https://cdn0.woolworths.media/content/wowproductimages/medium/680541.jpg,2020-09-21 19:17:24,,0,,True
93f9d2b6-5bb5-4051-a665-16477ce0c09d,Woolworths Supermarket,"Meat, Seafood & Deli",Woolworths Schnitzel Sizzle Steak 400g,680992,$8.00,$20.00 / 1KG,https://www.woolworths.com.au/shop/productdetails/680992/woolworths-schnitzel-sizzle-steak,https://cdn0.woolworths.media/content/wowproductimages/medium/680992.jpg,2020-09-21 19:17:24,,0,,True
6c90df04-3fc2-4a9b-b88f-80bb09c9e2ff,Woolworths Supermarket,"Meat, Seafood & Deli",Ocean Chef South American Flathead Fillets 1kg,682485,$18.00,$18.00 / 1KG,https://www.woolworths.com.au/shop/productdetails/682485/ocean-chef-south-american-flathead-fillets,https://cdn0.woolworths.media/content/wowproductimages/medium/682485.jpg,2020-09-21 19:17:24,,0,,True
2ff6835e-d818-4ee6-b85d-ff312f393d8e,Woolworths Supermarket,"Meat, Seafood & Deli",Salamanca Seafood Company Basa Skin Off Fillet Value Pack 400g,682525,$8.00,$20.00 / 1KG,https://www.woolworths.com.au/shop/productdetails/682525/salamanca-seafood-company-basa-skin-off-fillet-value-pack,https://cdn0.woolworths.media/content/wowproductimages/medium/682525.jpg,2020-09-21 19:17:24,,0,,True
7d1deb53-8cce-466d-9536-7e3d1e12033f,Woolworths Supermarket,"Meat, Seafood & Deli",Woolworths Rspca Approved Diced Chicken Leg Fillet 500g,683227,,,https://www.woolworths.com.au/shop/productdetails/683227/woolworths-rspca-approved-diced-chicken-leg-fillet,https://cdn0.woolworths.media/content/wowproductimages/medium/683227.jpg,2020-09-21 19:17:24,,0,,False
25cb64c9-6767-4a4c-a23f-21e41699b882,Woolworths Supermarket,"Meat, Seafood & Deli",Woolworths Beef Sizzle Steak 400g,686853,$11.00,$27.50 / 1KG,https://www.woolworths.com.au/shop/productdetails/686853/woolworths-beef-sizzle-steak,https://cdn0.woolworths.media/content/wowproductimages/medium/686853.jpg,2020-09-21 19:17:24,,0,,True
429fb94a-7c1d-42d9-9255-976e5ae7120e,Woolworths Supermarket,"Meat, Seafood & Deli",Woolworths Mozzarella Cheese 350g,688515,$5.00,$14.29 / 1KG,https://www.woolworths.com.au/shop/productdetails/688515/woolworths-mozzarella-cheese,https://cdn0.woolworths.media/content/wowproductimages/medium/688515.jpg,2020-09-21 19:17:24,Average product rating out of 5: 4.9. Product score is based on 25 ratings,25,,True
3d82721f-8217-485c-b968-96a44b95421f,Woolworths Supermarket,"Meat, Seafood & Deli",Woolworths Surimi Mix 1kg,690880,$6.00,$6.00 / 1KG,https://www.woolworths.com.au/shop/productdetails/690880/woolworths-surimi-mix,https://cdn0.woolworths.media/content/wowproductimages/medium/690880.jpg,2020-09-21 19:17:24,,0,,True
66335f83-a117-4399-97d1-b72b1b88745d,Woolworths Supermarket,"Meat, Seafood & Deli",Maggie Beer Triple Cream Brie 200g,691113,$7.00,$35.00 / 1KG,https://www.woolworths.com.au/shop/productdetails/691113/maggie-beer-triple-cream-brie,https://cdn0.woolworths.media/content/wowproductimages/medium/691113.jpg,2020-09-21 19:17:24,,0,,True
272fc52e-80b9-4e3e-9bd9-bf771699c74c,Woolworths Supermarket,"Meat, Seafood & Deli",Maggie Beer Traditional Camembert 200g,691289,$7.00,$35.00 / 1KG,https://www.woolworths.com.au/shop/productdetails/691289/maggie-beer-traditional-camembert,https://cdn0.woolworths.media/content/wowproductimages/medium/691289.jpg,2020-09-21 19:17:24,,0,,True
0dd6caa1-748d-49c1-9381-38ae77c35cee,Woolworths Supermarket,"Meat, Seafood & Deli",Woolworths Roasted Vegetable Cous Cous Salad 400g,692154,$5.00,$1.25 / 100G,https://www.woolworths.com.au/shop/productdetails/692154/woolworths-roasted-vegetable-cous-cous-salad,https://cdn0.woolworths.media/content/wowproductimages/medium/692154.jpg,2020-09-21 19:17:24,Average product rating out of 5: 3.5. Product score is based on 449 ratings,449,,True
804786a9-23ce-482a-90c6-6ce173cd655f,Woolworths Supermarket,"Meat, Seafood & Deli",Woolworths Potato Egg And Bacon Salad 800g,692193,$8.99,$1.12 / 100G,https://www.woolworths.com.au/shop/productdetails/692193/woolworths-potato-egg-and-bacon-salad,https://cdn0.woolworths.media/content/wowproductimages/medium/692193.jpg,2020-09-21 19:17:24,,0,,True
d49b6453-3e82-4709-bacf-4d1e72f2d595,Woolworths Supermarket,"Meat, Seafood & Deli",Woolworths Pork Loin Cutlets Medium per kg,692999,$21.00,$21.00 / 1KG,https://www.woolworths.com.au/shop/productdetails/692999/woolworths-pork-loin-cutlets-medium,https://cdn0.woolworths.media/content/wowproductimages/medium/692999.jpg,2020-09-21 19:17:24,,0,,True
943ae46e-d1b2-4da6-8b49-1934c834e57d,Woolworths Supermarket,"Meat, Seafood & Deli",Ob Finest Date & Pistachio Specialty Cracker 150g,693040,$6.00,$4.00 / 100G,https://www.woolworths.com.au/shop/productdetails/693040/ob-finest-date-pistachio-specialty-cracker,https://cdn0.woolworths.media/content/wowproductimages/medium/693040.jpg,2020-09-21 19:17:24,,0,Was $6.49 21/03/2017,True
dbda1dca-b1d2-4a04-8ccb-ee869d0ac8c8,Woolworths Supermarket,"Meat, Seafood & Deli",San Marino Charcuterie 280g,693415,$13.00,$46.43 / 1KG,https://www.woolworths.com.au/shop/productdetails/693415/san-marino-charcuterie,https://cdn0.woolworths.media/content/wowproductimages/medium/693415.jpg,2020-09-21 19:17:24,,0,,True
866fb1fc-b4d0-4ea7-ac58-754a07d711bb,Woolworths Supermarket,"Meat, Seafood & Deli",Primo Rindless Middle Bacon 500g,694706,$12.00,$24.00 / 1KG,https://www.woolworths.com.au/shop/productdetails/694706/primo-rindless-middle-bacon,https://cdn0.woolworths.media/content/wowproductimages/medium/694706.jpg,2020-09-21 19:17:24,,0,,True
4d20eae1-a875-4e88-abac-fc00c7a406ce,Woolworths Supermarket,"Meat, Seafood & Deli",Woolworths Swiss Cheese 200g,694760,$4.00,$20.00 / 1KG,https://www.woolworths.com.au/shop/productdetails/694760/woolworths-swiss-cheese,https://cdn0.woolworths.media/content/wowproductimages/medium/694760.jpg,2020-09-21 19:17:24,Average product rating out of 5: 4.3. Product score is based on 59 ratings,59,,True
09df4e26-3e59-441c-a2b8-a1027eb2fffb,Woolworths Supermarket,"Meat, Seafood & Deli",Riverland Englsh Style Ham Shaved 100g,696028,$1.80,$18.00 / 1KG,https://www.woolworths.com.au/shop/productdetails/696028/riverland-englsh-style-ham-shaved,https://cdn0.woolworths.media/content/wowproductimages/medium/696028.jpg,2020-09-21 19:17:24,,0,,True
c8aeec9b-0d83-4e0a-a515-0fcf6d36cae4,Woolworths Supermarket,"Meat, Seafood & Deli",Riverland Triple Smoked Ham Shaved 100g,696171,$1.80,$18.00 / 1KG,https://www.woolworths.com.au/shop/productdetails/696171/riverland-triple-smoked-ham-shaved,https://cdn0.woolworths.media/content/wowproductimages/medium/696171.jpg,2020-09-21 19:17:24,,0,,True
ee0b4793-e9ee-4020-bef3-3b873455444b,Woolworths Supermarket,"Meat, Seafood & Deli",Riverland Chicken Shaved 80g,696172,$1.80,$22.50 / 1KG,https://www.woolworths.com.au/shop/productdetails/696172/riverland-chicken-shaved,https://cdn0.woolworths.media/content/wowproductimages/medium/696172.jpg,2020-09-21 19:17:24,,0,,True
1824efa8-65b5-4780-aaf7-541d4eefa156,Woolworths Supermarket,"Meat, Seafood & Deli",Riverland Honey Ham Shaved 100g,696181,$1.80,$18.00 / 1KG,https://www.woolworths.com.au/shop/productdetails/696181/riverland-honey-ham-shaved,https://cdn0.woolworths.media/content/wowproductimages/medium/696181.jpg,2020-09-21 19:17:24,,0,,True
0751cfc1-9a74-458e-86a0-038c06b81181,Woolworths Supermarket,"Meat, Seafood & Deli",Woolworths Apricot & Almond Cream Cheese 200g,696351,$3.10,$15.50 / 1KG,https://www.woolworths.com.au/shop/productdetails/696351/woolworths-apricot-almond-cream-cheese,https://cdn0.woolworths.media/content/wowproductimages/medium/696351.jpg,2020-09-21 19:17:24,Average product rating out of 5: 4.3. Product score is based on 1322 ratings,1322,,True
12b09ecb-7154-44f7-a49b-3f458869aa2f,Woolworths Supermarket,"Meat, Seafood & Deli",Woolworths Spring Onion & Chive Cream Cheese 200g,696354,$3.10,$15.50 / 1KG,https://www.woolworths.com.au/shop/productdetails/696354/woolworths-spring-onion-chive-cream-cheese,https://cdn0.woolworths.media/content/wowproductimages/medium/696354.jpg,2020-09-21 19:17:24,Average product rating out of 5: 4.1. Product score is based on 330 ratings,330,,True
4e921248-dfc5-4fd2-a6ba-d03afcc02345,Woolworths Supermarket,"Meat, Seafood & Deli",Woolworths Sweet Chilli Cream Cheese 200g,696355,$3.10,$15.50 / 1KG,https://www.woolworths.com.au/shop/productdetails/696355/woolworths-sweet-chilli-cream-cheese,https://cdn0.woolworths.media/content/wowproductimages/medium/696355.jpg,2020-09-21 19:17:24,,0,,True
722a074d-492b-4cc8-8db8-d84aa0c79400,Woolworths Supermarket,"Meat, Seafood & Deli",Woolworths Cook Pork Steaks With Sweet & Smokey Bbq Glaze 250g,697368,$7.50,$30.00 / 1KG,https://www.woolworths.com.au/shop/productdetails/697368/woolworths-cook-pork-steaks-with-sweet-smokey-bbq-glaze,https://cdn0.woolworths.media/content/wowproductimages/medium/697368.jpg,2020-09-21 19:17:24,Average product rating out of 5: 4.4. Product score is based on 191 ratings,191,,True
c906a930-28c6-4472-89c8-ced94e822b5a,Woolworths Supermarket,"Meat, Seafood & Deli",Woolworths Cook Slow Cooked Pork Ribs In Smokey Bbq Sauce 650g,697369,$14.00,$21.54 / 1KG,https://www.woolworths.com.au/shop/productdetails/697369/woolworths-cook-slow-cooked-pork-ribs-in-smokey-bbq-sauce,https://cdn0.woolworths.media/content/wowproductimages/medium/697369.jpg,2020-09-21 19:17:24,Average product rating out of 5: 4.4. Product score is based on 954 ratings,954,,True
b442ed59-989e-41fd-81a5-ea8bd8c3fbd8,Woolworths Supermarket,"Meat, Seafood & Deli",Woolworths Cook Lamb Strips Souvlaki 500g,699932,$13.00,$26.00 / 1KG,https://www.woolworths.com.au/shop/productdetails/699932/woolworths-cook-lamb-strips-souvlaki,https://cdn0.woolworths.media/content/wowproductimages/medium/699932.jpg,2020-09-21 19:17:24,Average product rating out of 5: 4.4. Product score is based on 284 ratings,284,,True
d7ba5271-8c39-4d8b-b712-09903f1eb5a6,Woolworths Supermarket,"Meat, Seafood & Deli",Woolworths Cook Butterflied Lamb Leg With Honey & Rosemary 400g - 750g,699933,$15.00,$20.00 / 1KG,https://www.woolworths.com.au/shop/productdetails/699933/woolworths-cook-butterflied-lamb-leg-with-honey-rosemary,https://cdn0.woolworths.media/content/wowproductimages/medium/699933.jpg,2020-09-21 19:17:24,Average product rating out of 5: 4.7. Product score is based on 361 ratings,361,Was $23.00kg 03/03/2020,True
2f07cd00-06be-4f5e-8f07-d5feaec7a4d7,Woolworths Supermarket,"Meat, Seafood & Deli",Macro Chicken Breast Fillets Free Range 700g - 1.3kg,700228,$18.20,$14.00 / 1KG,https://www.woolworths.com.au/shop/productdetails/700228/macro-chicken-breast-fillets-free-range,https://cdn0.woolworths.media/content/wowproductimages/medium/700228.jpg,2020-09-21 19:17:24,,0,,True
b3adb224-c4b7-4584-9e7e-bed4782c4dd1,Woolworths Supermarket,"Meat, Seafood & Deli",Macro Chicken Wing Nibbles Free Range 500g - 900g,700269,$7.65,$8.50 / 1KG,https://www.woolworths.com.au/shop/productdetails/700269/macro-chicken-wing-nibbles-free-range,https://cdn0.woolworths.media/content/wowproductimages/medium/700269.jpg,2020-09-21 19:17:24,,0,,True
6c437291-7425-4179-a8ab-2e29287c324c,Woolworths Supermarket,"Meat, Seafood & Deli",Macro Chicken Tenderloins Free Range 450g - 750g,700279,$14.63,$19.50 / 1KG,https://www.woolworths.com.au/shop/productdetails/700279/macro-chicken-tenderloins-free-range,https://cdn0.woolworths.media/content/wowproductimages/medium/700279.jpg,2020-09-21 19:17:24,,0,,True
15734cdf-ff56-4545-945a-43e43a4cb3e7,Woolworths Supermarket,"Meat, Seafood & Deli",Alambra Cypriot Halloumi 850g,702620,$21.00,$24.71 / 1KG,https://www.woolworths.com.au/shop/productdetails/702620/alambra-cypriot-halloumi,https://cdn0.woolworths.media/content/wowproductimages/medium/702620.jpg,2020-09-21 19:17:24,,0,,True
980e4990-be06-4c7c-b7d9-c1fefea71d7b,Woolworths Supermarket,"Meat, Seafood & Deli",Ocean Blue Crab Meat 140g,703319,$9.50,$67.86 / 1KG,https://www.woolworths.com.au/shop/productdetails/703319/ocean-blue-crab-meat,https://cdn0.woolworths.media/content/wowproductimages/medium/703319.jpg,2020-09-21 19:17:24,,0,,True
76e0a32f-9697-4285-ba32-7fcaf0b58cb7,Woolworths Supermarket,"Meat, Seafood & Deli",Ocean Blue Ocean Trout Natural 100g,703321,$5.50,$55.00 / 1KG,https://www.woolworths.com.au/shop/productdetails/703321/ocean-blue-ocean-trout-natural,https://cdn0.woolworths.media/content/wowproductimages/medium/703321.jpg,2020-09-21 19:17:24,,0,,True
f9c1eb94-8a07-4e2c-a1d6-2fd881601dfd,Woolworths Supermarket,"Meat, Seafood & Deli",Woolworths Beef Soup Bones 1kg - 1.3kg,703387,$9.10,$7.00 / 1KG,https://www.woolworths.com.au/shop/productdetails/703387/woolworths-beef-soup-bones,https://cdn0.woolworths.media/content/wowproductimages/medium/703387.jpg,2020-09-21 19:17:24,,0,,True
414c506d-833c-4e24-9ad3-64f15a015a35,Woolworths Supermarket,"Meat, Seafood & Deli",Steggles Crumbed Chicken Breast Fingers 360g,705144,$5.00,$13.89 / 1KG,https://www.woolworths.com.au/shop/productdetails/705144/steggles-crumbed-chicken-breast-fingers,https://cdn0.woolworths.media/content/wowproductimages/medium/705144.jpg,2020-09-21 19:17:24,,0,Was $7.00 09/10/2017,True
8566c9ab-5ef1-4fcf-8c0f-1196ba39a10b,Woolworths Supermarket,"Meat, Seafood & Deli",Macro Chicken Mince Free Range min. 500g,705461,$9.00,$18.00 / 1KG,https://www.woolworths.com.au/shop/productdetails/705461/macro-chicken-mince-free-range,https://cdn0.woolworths.media/content/wowproductimages/medium/705461.jpg,2020-09-21 19:17:24,,0,,True
a3983534-bc08-43de-9e19-4a8de34092b1,Woolworths Supermarket,"Meat, Seafood & Deli",Castello Double Cream Chilli 150g,706780,$6.00,$40.00 / 1KG,https://www.woolworths.com.au/shop/productdetails/706780/castello-double-cream-chilli,https://cdn0.woolworths.media/content/wowproductimages/medium/706780.jpg,2020-09-21 19:17:24,,0,,True
71434abe-7a4c-4d00-a285-c069754d91cd,Woolworths Supermarket,"Meat, Seafood & Deli",Geoff Jansz Marinated Fetta Cheese 320g,708198,$7.50,$23.44 / 1KG,https://www.woolworths.com.au/shop/productdetails/708198/geoff-jansz-marinated-fetta-cheese,https://cdn0.woolworths.media/content/wowproductimages/medium/708198.jpg,2020-09-21 19:17:24,,0,,True
f0356e02-e596-4514-9cdf-baf1bc9ae569,Woolworths Supermarket,"Meat, Seafood & Deli",Geoff Jansz Marinated Danish Fetta Cheese 320g,708231,$7.50,$23.44 / 1KG,https://www.woolworths.com.au/shop/productdetails/708231/geoff-jansz-marinated-danish-fetta-cheese,https://cdn0.woolworths.media/content/wowproductimages/medium/708231.jpg,2020-09-21 19:17:24,,0,,True
5d1af699-cbba-41b0-8cec-4989a2ea7acf,Woolworths Supermarket,"Meat, Seafood & Deli",Woolworths Hot Smoked Rainbow Trout 350g,708457,$10.00,$28.57 / 1KG,https://www.woolworths.com.au/shop/productdetails/708457/woolworths-hot-smoked-rainbow-trout,https://cdn0.woolworths.media/content/wowproductimages/medium/708457.jpg,2020-09-21 19:17:24,,0,,True
037cfbe7-c716-4d39-b111-ef0b2f38f0d4,Woolworths Supermarket,"Meat, Seafood & Deli",Bertocchi Ham Picnic Shoulder 3.3kg - 4.6kg,709251,$36.80,$8.00 / 1KG,https://www.woolworths.com.au/shop/productdetails/709251/bertocchi-ham-picnic-shoulder,https://cdn0.woolworths.media/content/wowproductimages/medium/709251.jpg,2020-09-21 19:17:24,,0,,True
dad648d7-64b4-430f-8eae-b5ac8375d59a,Woolworths Supermarket,"Meat, Seafood & Deli",Don Champagne Thinly Sliced Leg Ham 250g,710520,$6.40,$25.60 / 1KG,https://www.woolworths.com.au/shop/productdetails/710520/don-champagne-thinly-sliced-leg-ham,https://cdn0.woolworths.media/content/wowproductimages/medium/710520.jpg,2020-09-21 19:17:24,,0,,True
26388dd6-a169-4789-b3ab-cf8edfa00713,Woolworths Supermarket,"Meat, Seafood & Deli",South Cape White Wine Matched Selection 320g,710998,$13.00,$40.63 / 1KG,https://www.woolworths.com.au/shop/productdetails/710998/south-cape-white-wine-matched-selection,https://cdn0.woolworths.media/content/wowproductimages/medium/710998.jpg,2020-09-21 19:17:24,,0,,True
08ec8043-34c4-46a6-8758-d3a09c6a9dd1,Woolworths Supermarket,"Meat, Seafood & Deli",Woolworths Cook Chicken Kebab Sweet Chilli Lime 375g,712268,,,https://www.woolworths.com.au/shop/productdetails/712268/woolworths-cook-chicken-kebab-sweet-chilli-lime,https://cdn0.woolworths.media/content/wowproductimages/medium/712268.jpg,2020-09-21 19:17:24,,0,,False
65ca9471-5c16-453d-9555-f3430c53ce01,Woolworths Supermarket,"Meat, Seafood & Deli",D'orsogna Tasty Stick Mild 400g,713425,$9.00,$22.50 / 1KG,https://www.woolworths.com.au/shop/productdetails/713425/d-orsogna-tasty-stick-mild,https://cdn0.woolworths.media/content/wowproductimages/medium/713425.jpg,2020-09-21 19:17:24,,0,,True
fd86b8b6-b6ec-45e5-aca4-4d0b61a99e0b,Woolworths Supermarket,"Meat, Seafood & Deli",K-roo Kangaroo Burger 440g,713466,$6.40,$14.55 / 1KG,https://www.woolworths.com.au/shop/productdetails/713466/k-roo-kangaroo-burger,https://cdn0.woolworths.media/content/wowproductimages/medium/713466.jpg,2020-09-21 19:17:24,,0,,True
8c0482e5-d805-4780-a860-27ea9c5a0e01,Woolworths Supermarket,"Meat, Seafood & Deli",Frico Gouda Cheese Wedge 260g,715950,$8.20,$31.54 / 1KG,https://www.woolworths.com.au/shop/productdetails/715950/frico-gouda-cheese-wedge,https://cdn0.woolworths.media/content/wowproductimages/medium/715950.jpg,2020-09-21 19:17:24,,0,,True
230e5bd0-2126-43f2-90b4-d8ad959c0650,Woolworths Supermarket,"Meat, Seafood & Deli",Frico Gouda Cumin Cheese Wedge 255g,715951,$8.20,$32.16 / 1KG,https://www.woolworths.com.au/shop/productdetails/715951/frico-gouda-cumin-cheese-wedge,https://cdn0.woolworths.media/content/wowproductimages/medium/715951.jpg,2020-09-21 19:17:24,,0,,True
6cae234f-065b-4ad2-bebb-f6070982ed40,Woolworths Supermarket,"Meat, Seafood & Deli",Woolworths Rspca Approved Chicken Mignon each,723025,$3.40,$3.40 / 1EA,https://www.woolworths.com.au/shop/productdetails/723025/woolworths-rspca-approved-chicken-mignon,https://cdn0.woolworths.media/content/wowproductimages/medium/723025.jpg,2020-09-21 19:17:24,,0,,True
1bbbbfa5-97bf-4e8b-ba9a-2c3dfaf65ac1,Woolworths Supermarket,"Meat, Seafood & Deli",Woolworths Chilli Haloumi Cheese 180g,725007,$4.00,$22.22 / 1KG,https://www.woolworths.com.au/shop/productdetails/725007/woolworths-chilli-haloumi-cheese,https://cdn0.woolworths.media/content/wowproductimages/medium/725007.jpg,2020-09-21 19:17:24,Average product rating out of 5: 4.2. Product score is based on 470 ratings,470,,True
ada93ce2-9850-40aa-a07e-ce387ace231c,Woolworths Supermarket,"Meat, Seafood & Deli",Woolworths Cook Chicken Wing Nibbles Honey Soy 1kg,725992,$8.00,$8.00 / 1KG,https://www.woolworths.com.au/shop/productdetails/725992/woolworths-cook-chicken-wing-nibbles-honey-soy,https://cdn0.woolworths.media/content/wowproductimages/medium/725992.jpg,2020-09-21 19:17:24,Average product rating out of 5: 4.6. Product score is based on 80 ratings,80,,True
bf440fec-eeb8-4c26-a71d-0dd7a774a618,Woolworths Supermarket,"Meat, Seafood & Deli",Bertocchi Pancetta Mild Sliced From The Deli per kg,726028,$32.00,,https://www.woolworths.com.au/shop/productdetails/726028/bertocchi-pancetta-mild-sliced-from-the-deli,https://cdn0.woolworths.media/content/wowproductimages/medium/726028.jpg,2020-09-21 19:17:24,,0,,True
998cf46a-2895-4259-8a2c-0176a72d555f,Woolworths Supermarket,"Meat, Seafood & Deli",Lemnos Haloumi Salt Reduced 180g,726230,$5.00,$27.78 / 1KG,https://www.woolworths.com.au/shop/productdetails/726230/lemnos-haloumi-salt-reduced,https://cdn0.woolworths.media/content/wowproductimages/medium/726230.jpg,2020-09-21 19:17:24,,0,,True
e52a8e7e-852b-40c4-aa7d-886300177619,Woolworths Supermarket,"Meat, Seafood & Deli",Mon Ami French Brie Cheese 200g,726490,$5.90,$29.50 / 1KG,https://www.woolworths.com.au/shop/productdetails/726490/mon-ami-french-brie-cheese,https://cdn0.woolworths.media/content/wowproductimages/medium/726490.jpg,2020-09-21 19:17:24,,0,,True
9bf7624e-9df0-403f-a84c-a60d99ebd46a,Woolworths Supermarket,"Meat, Seafood & Deli",Ocean Chef Usa Sea Scallops 425g,727050,$25.00,$58.82 / 1KG,https://www.woolworths.com.au/shop/productdetails/727050/ocean-chef-usa-sea-scallops,https://cdn0.woolworths.media/content/wowproductimages/medium/727050.jpg,2020-09-21 19:17:24,,0,,True
10fc4b64-8a76-4099-bedc-efad41755f2b,Woolworths Supermarket,"Meat, Seafood & Deli",Macro Free Range Chicken Splits Lemon & Garlic 900g - 1.25kg,727221,$13.13,$10.50 / 1KG,https://www.woolworths.com.au/shop/productdetails/727221/macro-free-range-chicken-splits-lemon-garlic,https://cdn0.woolworths.media/content/wowproductimages/medium/727221.jpg,2020-09-21 19:17:24,Average product rating out of 5: 4.5. Product score is based on 497 ratings,497,,True
c8dc2b8c-85b9-4618-905c-ac94fb2de327,Woolworths Supermarket,"Meat, Seafood & Deli",Woolworths Lamb Shoulder Roast 1kg - 2kg,727929,$24.00,$12.00 / 1KG,https://www.woolworths.com.au/shop/productdetails/727929/woolworths-lamb-shoulder-roast,https://cdn0.woolworths.media/content/wowproductimages/medium/727929.jpg,2020-09-21 19:17:24,,0,,True
c7e734ba-f32e-46af-8754-84e51e42c360,Woolworths Supermarket,"Meat, Seafood & Deli",D'orsogna Streaky Bacon 500g,727933,$11.50,$23.00 / 1KG,https://www.woolworths.com.au/shop/productdetails/727933/d-orsogna-streaky-bacon,https://cdn0.woolworths.media/content/wowproductimages/medium/727933.jpg,2020-09-21 19:17:24,,0,,True
7fae2aa7-31b0-4272-b1fb-878e27655246,Woolworths Supermarket,"Meat, Seafood & Deli",Tassal Smoked Salmon Salt Reduced 90g,729889,$7.00,$77.78 / 1KG,https://www.woolworths.com.au/shop/productdetails/729889/tassal-smoked-salmon-salt-reduced,https://cdn0.woolworths.media/content/wowproductimages/medium/729889.jpg,2020-09-21 19:17:24,,0,,True
dc30b689-7218-4c4a-a167-fa72cb12e0f7,Woolworths Supermarket,"Meat, Seafood & Deli",Ingham's Chicken Breast Stuffed Crumbed With Creamy Garlic 700g,731187,$9.50,$13.57 / 1KG,https://www.woolworths.com.au/shop/productdetails/731187/ingham-s-chicken-breast-stuffed-crumbed-with-creamy-garlic,https://cdn0.woolworths.media/content/wowproductimages/medium/731187.jpg,2020-09-21 19:17:24,,0,Was $10.99 17/07/2017,True
26cbfe99-cbe6-4f52-bf2b-6ed1a74b6696,Woolworths Supermarket,"Meat, Seafood & Deli",Unicorn Triple Cream Brie Cheese 125g,732051,$4.00,$32.00 / 1KG,https://www.woolworths.com.au/shop/productdetails/732051/unicorn-triple-cream-brie-cheese,https://cdn0.woolworths.media/content/wowproductimages/medium/732051.jpg,2020-09-21 19:17:24,,0,,True
5720f2a4-01e9-4e9b-bb7f-07fc5bac278a,Woolworths Supermarket,"Meat, Seafood & Deli",Beak & Sons Beak Beef Burgers 500g,732917,$9.00,$18.00 / 1KG,https://www.woolworths.com.au/shop/productdetails/732917/beak-sons-beak-beef-burgers,https://cdn0.woolworths.media/content/wowproductimages/medium/732917.jpg,2020-09-21 19:17:24,,0,,True
c1066f50-6b56-48f5-8ff2-0d97f8070dbc,Woolworths Supermarket,"Meat, Seafood & Deli",Unicorn Camembert Cheese 125g,738697,$4.00,$32.00 / 1KG,https://www.woolworths.com.au/shop/productdetails/738697/unicorn-camembert-cheese,https://cdn0.woolworths.media/content/wowproductimages/medium/738697.jpg,2020-09-21 19:17:24,,0,,True
140e1404-78cd-4670-9c76-f7df52e71001,Woolworths Supermarket,"Meat, Seafood & Deli",Jacquin Chevre Plain 100g,739564,$5.00,$50.00 / 1KG,https://www.woolworths.com.au/shop/productdetails/739564/jacquin-chevre-plain,https://cdn0.woolworths.media/content/wowproductimages/medium/739564.jpg,2020-09-21 19:17:24,,0,,True
3e761379-24c8-40d2-b102-68d276587774,Woolworths Supermarket,"Meat, Seafood & Deli",Lemnos Reduced Fat Fetta Cheese 200g,741717,$4.50,$22.50 / 1KG,https://www.woolworths.com.au/shop/productdetails/741717/lemnos-reduced-fat-fetta-cheese,https://cdn0.woolworths.media/content/wowproductimages/medium/741717.jpg,2020-09-21 19:17:24,,0,Was $4.75 24/03/2019,True
86e92634-5c32-4e25-8058-9bc42a5acc4e,Woolworths Supermarket,"Meat, Seafood & Deli",Don Cocktail Frankfurts From The Deli per kg,741794,$8.00,$8.00 / 1KG,https://www.woolworths.com.au/shop/productdetails/741794/don-cocktail-frankfurts-from-the-deli,https://cdn0.woolworths.media/content/wowproductimages/medium/741794.jpg,2020-09-21 19:17:24,,0,,True
4cb3e34d-e063-4e2d-9886-ab991e9ac26f,Woolworths Supermarket,"Meat, Seafood & Deli",Don Thin Frankfurts From The Deli per kg,741872,$8.00,$8.00 / 1KG,https://www.woolworths.com.au/shop/productdetails/741872/don-thin-frankfurts-from-the-deli,https://cdn0.woolworths.media/content/wowproductimages/medium/741872.jpg,2020-09-21 19:17:24,,0,,True
89c12172-066a-44d2-9cb9-2c401f1773a7,Woolworths Supermarket,"Meat, Seafood & Deli",Ingham's Quick Cook Chicken Crumbed Schnitzel Gluten Free 440g,743252,$6.50,$14.77 / 1KG,https://www.woolworths.com.au/shop/productdetails/743252/ingham-s-quick-cook-chicken-crumbed-schnitzel-gluten-free,https://cdn0.woolworths.media/content/wowproductimages/medium/743252.jpg,2020-09-21 19:17:24,,0,,True
84faa688-9941-4f7c-a86f-c2748acf8b03,Woolworths Supermarket,"Meat, Seafood & Deli",D'orsogna Deli Fresh Mild Salami 80g,744023,$3.70,$46.25 / 1KG,https://www.woolworths.com.au/shop/productdetails/744023/d-orsogna-deli-fresh-mild-salami,https://cdn0.woolworths.media/content/wowproductimages/medium/744023.jpg,2020-09-21 19:17:24,,0,,True
3c62c8bb-d6ba-4d34-81f2-b342adb52780,Woolworths Supermarket,"Meat, Seafood & Deli",D'orsogna Deli Fresh Roast Chicken Free Range 100g,744031,$3.70,$37.00 / 1KG,https://www.woolworths.com.au/shop/productdetails/744031/d-orsogna-deli-fresh-roast-chicken-free-range,https://cdn0.woolworths.media/content/wowproductimages/medium/744031.jpg,2020-09-21 19:17:24,,0,,True
1d101f0b-e41c-4a4a-afc0-d9557863bcc5,Woolworths Supermarket,"Meat, Seafood & Deli",Raw Prawn Meat 300g,744635,$11.50,$38.33 / 1KG,https://www.woolworths.com.au/shop/productdetails/744635/raw-prawn-meat,https://cdn0.woolworths.media/content/wowproductimages/medium/744635.jpg,2020-09-21 19:17:24,,0,,True
b3c49020-5700-4988-8112-d243562b874e,Woolworths Supermarket,"Meat, Seafood & Deli",Udder Delights Triple Cream Brie 500g,744746,$15.00,$30.00 / 1KG,https://www.woolworths.com.au/shop/productdetails/744746/udder-delights-triple-cream-brie,https://cdn0.woolworths.media/content/wowproductimages/medium/744746.jpg,2020-09-21 19:17:24,,0,,True
028fbbb7-a975-4436-b28b-5542ccd22411,Woolworths Supermarket,"Meat, Seafood & Deli",Just Caught Prawn Meat 500g,745383,$24.00,$48.00 / 1KG,https://www.woolworths.com.au/shop/productdetails/745383/just-caught-prawn-meat,https://cdn0.woolworths.media/content/wowproductimages/medium/745383.jpg,2020-09-21 19:17:24,,0,,True
33d79838-15d3-41f7-bab0-7723c14d91d8,Woolworths Supermarket,"Meat, Seafood & Deli",D'orsogna Plain Streaky Bacon From The Deli per kg,746376,$17.00,$17.00 / 1KG,https://www.woolworths.com.au/shop/productdetails/746376/d-orsogna-plain-streaky-bacon-from-the-deli,https://cdn0.woolworths.media/content/wowproductimages/medium/746376.jpg,2020-09-21 19:17:24,,0,,True
445545e2-8ff3-4963-b90c-6a62aa5ef0b6,Woolworths Supermarket,"Meat, Seafood & Deli",Woolworths Corned Beef Shaved per kg,747157,$18.00,$18.00 / 1KG,https://www.woolworths.com.au/shop/productdetails/747157/woolworths-corned-beef-shaved,https://cdn0.woolworths.media/content/wowproductimages/medium/747157.jpg,2020-09-21 19:17:24,,0,,True
3423e965-4ecb-4ada-9030-9c8d9e234e90,Woolworths Supermarket,"Meat, Seafood & Deli",K R Castlemaine Deli Leg Ham 97% Shaved From The Deli per kg,747545,$17.00,$17.00 / 1KG,https://www.woolworths.com.au/shop/productdetails/747545/k-r-castlemaine-deli-leg-ham-97-shaved-from-the-deli,https://cdn0.woolworths.media/content/wowproductimages/medium/747545.jpg,2020-09-21 19:17:24,,0,,True
7cb07bd7-8e90-495f-8493-dcdb85507c10,Woolworths Supermarket,"Meat, Seafood & Deli",Mon Ami French Camembert Cheese 200g,751148,$5.90,$29.50 / 1KG,https://www.woolworths.com.au/shop/productdetails/751148/mon-ami-french-camembert-cheese,https://cdn0.woolworths.media/content/wowproductimages/medium/751148.jpg,2020-09-21 19:17:24,,0,,True
3da39413-81e0-4e0d-9015-b2fbcb399b08,Woolworths Supermarket,"Meat, Seafood & Deli",Woolworths Corned Beef Silverside Portion 600g - 1.3kg,756107,$22.10,$17.00 / 1KG,https://www.woolworths.com.au/shop/productdetails/756107/woolworths-corned-beef-silverside-portion,https://cdn0.woolworths.media/content/wowproductimages/medium/756107.jpg,2020-09-21 19:17:24,Average product rating out of 5: 3.8. Product score is based on 225 ratings,225,,True
b39de902-1a69-407e-8d9c-81f1a8a9a67c,Woolworths Supermarket,"Meat, Seafood & Deli",Woolworths Hot Smoked Salmon Natural 150g,756620,$6.80,$45.33 / 1KG,https://www.woolworths.com.au/shop/productdetails/756620/woolworths-hot-smoked-salmon-natural,https://cdn0.woolworths.media/content/wowproductimages/medium/756620.jpg,2020-09-21 19:17:24,Average product rating out of 5: 4.4. Product score is based on 244 ratings,244,,True
4af9674a-d0d7-4d3d-aeb9-cba34551dc33,Woolworths Supermarket,"Meat, Seafood & Deli",Brancourts Cottage Cheese Classic 250g,757097,$4.00,$16.00 / 1KG,https://www.woolworths.com.au/shop/productdetails/757097/brancourts-cottage-cheese-classic,https://cdn0.woolworths.media/content/wowproductimages/medium/757097.jpg,2020-09-21 19:17:24,,0,,True
996dae1c-1256-419a-90bc-18ebd17212c2,Woolworths Supermarket,"Meat, Seafood & Deli",La Casa Cherry Bocconcini 220g,757527,$5.50,$25.00 / 1KG,https://www.woolworths.com.au/shop/productdetails/757527/la-casa-cherry-bocconcini,https://cdn0.woolworths.media/content/wowproductimages/medium/757527.jpg,2020-09-21 19:17:24,,0,,True
14d9091c-b1a9-4555-9609-bb6008627d24,Woolworths Supermarket,"Meat, Seafood & Deli",D'orsogna Deli Fresh Ham Champagne Leg 100g,758079,$3.70,$37.00 / 1KG,https://www.woolworths.com.au/shop/productdetails/758079/d-orsogna-deli-fresh-ham-champagne-leg,https://cdn0.woolworths.media/content/wowproductimages/medium/758079.jpg,2020-09-21 19:17:24,,0,,True
b53d650b-ab81-4f41-85c0-095e9907e261,Woolworths Supermarket,"Meat, Seafood & Deli",D'orsogna Deli Fresh Ham Double Smoked 100g,758089,$3.70,$37.00 / 1KG,https://www.woolworths.com.au/shop/productdetails/758089/d-orsogna-deli-fresh-ham-double-smoked,https://cdn0.woolworths.media/content/wowproductimages/medium/758089.jpg,2020-09-21 19:17:24,,0,,True
efe88f27-9aae-4853-9beb-c5f37b34094c,Woolworths Supermarket,"Meat, Seafood & Deli",D'orsogna Deli Fresh Ham Old English Leg 100g,758107,$3.70,$37.00 / 1KG,https://www.woolworths.com.au/shop/productdetails/758107/d-orsogna-deli-fresh-ham-old-english-leg,https://cdn0.woolworths.media/content/wowproductimages/medium/758107.jpg,2020-09-21 19:17:24,,0,,True
f2cd26bc-3fd1-494c-897c-fc5faca842fa,Woolworths Supermarket,"Meat, Seafood & Deli",D'orsogna Deli Fresh Ham Honey 100g,758131,$3.70,$37.00 / 1KG,https://www.woolworths.com.au/shop/productdetails/758131/d-orsogna-deli-fresh-ham-honey,https://cdn0.woolworths.media/content/wowproductimages/medium/758131.jpg,2020-09-21 19:17:24,,0,,True
6e94eb2b-91c2-445b-aa0e-cbab4379a64c,Woolworths Supermarket,"Meat, Seafood & Deli",Steggles Wings Oven Roasted 600g,761185,$8.00,$13.33 / 1KG,https://www.woolworths.com.au/shop/productdetails/761185/steggles-wings-oven-roasted,https://cdn0.woolworths.media/content/wowproductimages/medium/761185.jpg,2020-09-21 19:17:24,,0,,True
c3017404-fa45-4629-8175-d3607bd89a21,Woolworths Supermarket,"Meat, Seafood & Deli",D'orsogna Bacon Streaky 200g,763087,$6.00,$30.00 / 1KG,https://www.woolworths.com.au/shop/productdetails/763087/d-orsogna-bacon-streaky,https://cdn0.woolworths.media/content/wowproductimages/medium/763087.jpg,2020-09-21 19:17:24,,0,,True
7a620161-b48c-495e-abbd-68ae5955c2fb,Woolworths Supermarket,"Meat, Seafood & Deli",D'orsogna Tasty Sticks Mild 200g,763141,$5.00,$25.00 / 1KG,https://www.woolworths.com.au/shop/productdetails/763141/d-orsogna-tasty-sticks-mild,https://cdn0.woolworths.media/content/wowproductimages/medium/763141.jpg,2020-09-21 19:17:24,,0,,True
3c75b561-449a-4077-aa9f-0072bad6be69,Woolworths Supermarket,"Meat, Seafood & Deli",La Casa Fresh Mozzarella Cheese 200g,763149,$5.50,$27.50 / 1KG,https://www.woolworths.com.au/shop/productdetails/763149/la-casa-fresh-mozzarella-cheese,https://cdn0.woolworths.media/content/wowproductimages/medium/763149.jpg,2020-09-21 19:17:24,,0,,True
f5a0ed96-edec-42e5-bc35-ef7934e26a79,Woolworths Supermarket,"Meat, Seafood & Deli",Ocean Chef Salmon Portions Skin On 1kg,763541,$30.00,$30.00 / 1KG,https://www.woolworths.com.au/shop/productdetails/763541/ocean-chef-salmon-portions-skin-on,https://cdn0.woolworths.media/content/wowproductimages/medium/763541.jpg,2020-09-21 19:17:24,,0,,True
3f27a123-90af-4969-8f0f-98c249eb4f44,Woolworths Supermarket,"Meat, Seafood & Deli",Woolworths Mascarpone Cheese 250g,763671,$4.00,$16.00 / 1KG,https://www.woolworths.com.au/shop/productdetails/763671/woolworths-mascarpone-cheese,https://cdn0.woolworths.media/content/wowproductimages/medium/763671.jpg,2020-09-21 19:17:24,Average product rating out of 5: 4.6. Product score is based on 45 ratings,45,,True
50c2ee14-e2fb-46a2-b0b4-111748629c5f,Woolworths Supermarket,"Meat, Seafood & Deli",Woolworths Hot Smoked Salmon Pepper 150g,764099,$6.80,$45.33 / 1KG,https://www.woolworths.com.au/shop/productdetails/764099/woolworths-hot-smoked-salmon-pepper,https://cdn0.woolworths.media/content/wowproductimages/medium/764099.jpg,2020-09-21 19:17:24,,0,,True
ea7fd253-9df9-4368-b7e4-927dfb8189f5,Woolworths Supermarket,"Meat, Seafood & Deli",Woolworths Beef & Lamb Meatballs 400g,764264,$7.50,$18.75 / 1KG,https://www.woolworths.com.au/shop/productdetails/764264/woolworths-beef-lamb-meatballs,https://cdn0.woolworths.media/content/wowproductimages/medium/764264.jpg,2020-09-21 19:17:24,Average product rating out of 5: 4.2. Product score is based on 894 ratings,894,,True
c4ce3b72-48d9-466d-8f07-c28f512802c3,Woolworths Supermarket,"Meat, Seafood & Deli",Woolworths Homestyle Beef Burger 500g 4pk,764321,$7.00,$14.00 / 1KG,https://www.woolworths.com.au/shop/productdetails/764321/woolworths-homestyle-beef-burger,https://cdn0.woolworths.media/content/wowproductimages/medium/764321.jpg,2020-09-21 19:17:24,,0,,True
813a8921-f609-4b43-8183-d4bfcc2c0ff8,Woolworths Supermarket,"Meat, Seafood & Deli",Pork Belly 600g - 1.3kg,764465,$20.80,$16.00 / 1KG,https://www.woolworths.com.au/shop/productdetails/764465/pork-belly,https://cdn0.woolworths.media/content/wowproductimages/medium/764465.jpg,2020-09-21 19:17:24,,0,Was $18.00 07/07/2020,True
bdcc83fc-cd66-4404-8b18-4b3dc512b4bb,Woolworths Supermarket,"Meat, Seafood & Deli",Roast Pork Leg Boneless Small 1.6kg - 2.6kg,764527,$26.00,$10.00 / 1KG,https://www.woolworths.com.au/shop/productdetails/764527/roast-pork-leg-boneless-small,https://cdn0.woolworths.media/content/wowproductimages/medium/764527.jpg,2020-09-21 19:17:24,,0,,True
b59e9b3b-8fef-4338-b940-7fbb62cac20a,Woolworths Supermarket,"Meat, Seafood & Deli",Roast Pork Shoulder Boneless Small 1.1kg - 3kg,764541,$27.00,$9.00 / 1KG,https://www.woolworths.com.au/shop/productdetails/764541/roast-pork-shoulder-boneless-small,https://cdn0.woolworths.media/content/wowproductimages/medium/764541.jpg,2020-09-21 19:17:24,,0,,True
73bcab6e-84e3-4194-b986-0c1140161c25,Woolworths Supermarket,"Meat, Seafood & Deli",Macro Chicken Drumsticks Free Range 650g - 1.2kg,764857,$6.60,$5.50 / 1KG,https://www.woolworths.com.au/shop/productdetails/764857/macro-chicken-drumsticks-free-range,https://cdn0.woolworths.media/content/wowproductimages/medium/764857.jpg,2020-09-21 19:17:24,,0,,True
b41f27a6-6ea0-4da9-bd1b-ada77013cfaa,Woolworths Supermarket,"Meat, Seafood & Deli",Woolworths Lamb Midloin Chops 9-12 Pieces 800g - 1.1kg,764868,$25.30,$23.00 / 1KG,https://www.woolworths.com.au/shop/productdetails/764868/woolworths-lamb-midloin-chops-9-12-pieces,https://cdn0.woolworths.media/content/wowproductimages/medium/764868.jpg,2020-09-21 19:17:24,,0,Was $27.00 25/08/2020,True
bf88914f-6776-43f7-b6a6-d8a717d9330b,Woolworths Supermarket,"Meat, Seafood & Deli",Woolworths Lamb Midloin Chops 6-8 Pieces 350g - 900g,764967,$20.70,$23.00 / 1KG,https://www.woolworths.com.au/shop/productdetails/764967/woolworths-lamb-midloin-chops-6-8-pieces,https://cdn0.woolworths.media/content/wowproductimages/medium/764967.jpg,2020-09-21 19:17:24,,0,Was $27.00 25/08/2020,True
706825f7-fc98-48f0-91b9-a1e41b9cb02a,Woolworths Supermarket,"Meat, Seafood & Deli",Lamb Leg Half Roast 900g - 1.85kg,764968,$23.13,$12.50 / 1KG,https://www.woolworths.com.au/shop/productdetails/764968/lamb-leg-half-roast,https://cdn0.woolworths.media/content/wowproductimages/medium/764968.jpg,2020-09-21 19:17:24,,0,Was $14.00 25/08/2020,True
8a1c3226-281d-4a90-b0ee-b4e07e0f655c,Woolworths Supermarket,"Meat, Seafood & Deli",Lamb Leg Roast 1.8kg - 3kg,764979,$37.50,$12.50 / 1KG,https://www.woolworths.com.au/shop/productdetails/764979/lamb-leg-roast,https://cdn0.woolworths.media/content/wowproductimages/medium/764979.jpg,2020-09-21 19:17:24,,0,Was $14.00 25/08/2020,True
96e72eb0-77f7-40a9-b29c-1404044cff6c,Woolworths Supermarket,"Meat, Seafood & Deli",Woolworths Lamb Offcut 4-6 Pieces 650g - 1.2kg,765012,$8.40,$7.00 / 1KG,https://www.woolworths.com.au/shop/productdetails/765012/woolworths-lamb-offcut-4-6-pieces,https://cdn0.woolworths.media/content/wowproductimages/medium/765012.jpg,2020-09-21 19:17:24,,0,,True
10ba5b2f-7c7f-44c0-b7fa-9249261f73cd,Woolworths Supermarket,"Meat, Seafood & Deli",Lamb Cutlets 7-14 Pieces 400g - 900g,765046,$33.30,$37.00 / 1KG,https://www.woolworths.com.au/shop/productdetails/765046/lamb-cutlets-7-14-pieces,https://cdn0.woolworths.media/content/wowproductimages/medium/765046.jpg,2020-09-21 19:17:24,,0,Was $42.00 25/08/2020,True
302dcbf5-3bb2-4d7e-ab65-f4f5e6716bcf,Woolworths Supermarket,"Meat, Seafood & Deli",Lamb Forequarter Chops 5-6 Pieces 900g - 1.5kg,765062,$21.00,$14.00 / 1KG,https://www.woolworths.com.au/shop/productdetails/765062/lamb-forequarter-chops-5-6-pieces,https://cdn0.woolworths.media/content/wowproductimages/medium/765062.jpg,2020-09-21 19:17:24,,0,,True
df0d2a2d-b992-476e-8cc8-fca69df1575e,Woolworths Supermarket,"Meat, Seafood & Deli",Ocean Blue Surimi Sea Sticks 150g,766473,$4.80,$32.00 / 1KG,https://www.woolworths.com.au/shop/productdetails/766473/ocean-blue-surimi-sea-sticks,https://cdn0.woolworths.media/content/wowproductimages/medium/766473.jpg,2020-09-21 19:17:24,,0,,True
efaa8b37-db3e-4fea-bdbd-b791ba724bb6,Woolworths Supermarket,"Meat, Seafood & Deli",Fresh Olives Kalamata Sliced per kg,768586,$19.95,$2.00 / 100G,https://www.woolworths.com.au/shop/productdetails/768586/fresh-olives-kalamata-sliced,https://cdn0.woolworths.media/content/wowproductimages/medium/768586.jpg,2020-09-21 19:17:24,,0,,True
8c8e5f4d-7bd4-4db4-9eb9-e25e7d0003ae,Woolworths Supermarket,"Meat, Seafood & Deli",Woolworths Chicken Kiev Garlic each,769243,$2.60,$2.60 / 1EA,https://www.woolworths.com.au/shop/productdetails/769243/woolworths-chicken-kiev-garlic,https://cdn0.woolworths.media/content/wowproductimages/medium/769243.jpg,2020-09-21 19:17:24,Average product rating out of 5: 4.1. Product score is based on 266 ratings,266,,True
8ee641f5-06ce-4213-a7ea-a135fe480aef,Woolworths Supermarket,"Meat, Seafood & Deli",Ocean Chef Squid Salt & Pepper 360g,772577,$5.00,$13.89 / 1KG,https://www.woolworths.com.au/shop/productdetails/772577/ocean-chef-squid-salt-pepper,https://cdn0.woolworths.media/content/wowproductimages/medium/772577.jpg,2020-09-21 19:17:24,,0,,True
0f1a3f7c-02c8-415b-8c56-7af5361e39ed,Woolworths Supermarket,"Meat, Seafood & Deli",Ocean Chef Squid Rings Panko 360g,772620,$5.00,$13.89 / 1KG,https://www.woolworths.com.au/shop/productdetails/772620/ocean-chef-squid-rings-panko,https://cdn0.woolworths.media/content/wowproductimages/medium/772620.jpg,2020-09-21 19:17:24,,0,,True
89358fb0-3dfa-47bf-8f47-c8046a7a2290,Woolworths Supermarket,"Meat, Seafood & Deli",Truckle Brothers Mature Cheddar 200g,773931,$6.80,$34.00 / 1KG,https://www.woolworths.com.au/shop/productdetails/773931/truckle-brothers-mature-cheddar,https://cdn0.woolworths.media/content/wowproductimages/medium/773931.jpg,2020-09-21 19:17:24,,0,,True
07a0b58d-5f20-4cec-af4b-919377742dc7,Woolworths Supermarket,"Meat, Seafood & Deli",Truckle Brothers Smokey Cheddar 200g,773937,$6.80,$34.00 / 1KG,https://www.woolworths.com.au/shop/productdetails/773937/truckle-brothers-smokey-cheddar,https://cdn0.woolworths.media/content/wowproductimages/medium/773937.jpg,2020-09-21 19:17:24,,0,,True
23f0978c-1454-4296-bbe5-233fa5a9704e,Woolworths Supermarket,"Meat, Seafood & Deli",King Island Roaring 40s Blue Cheese 120g,774405,$8.50,$70.83 / 1KG,https://www.woolworths.com.au/shop/productdetails/774405/king-island-roaring-40s-blue-cheese,https://cdn0.woolworths.media/content/wowproductimages/medium/774405.jpg,2020-09-21 19:17:24,,0,,True
403223d6-721b-4b24-b3c8-881385f1c2fa,Woolworths Supermarket,"Meat, Seafood & Deli",San Marino Outdoor Bred Leg Ham 100g,775721,$5.50,$55.00 / 1KG,https://www.woolworths.com.au/shop/productdetails/775721/san-marino-outdoor-bred-leg-ham,https://cdn0.woolworths.media/content/wowproductimages/medium/775721.jpg,2020-09-21 19:17:24,,0,,True
c4eedc9c-e9c3-4e1a-ba59-724ed6b1dc29,Woolworths Supermarket,"Meat, Seafood & Deli",San Marino Spanish Serrano 100g,775724,$5.50,$55.00 / 1KG,https://www.woolworths.com.au/shop/productdetails/775724/san-marino-spanish-serrano,https://cdn0.woolworths.media/content/wowproductimages/medium/775724.jpg,2020-09-21 19:17:24,,0,,True
2e952c45-90ba-44cf-9bd2-be544cacf7b7,Woolworths Supermarket,"Meat, Seafood & Deli",San Marino Prosciutto 100g,775734,$5.50,$55.00 / 1KG,https://www.woolworths.com.au/shop/productdetails/775734/san-marino-prosciutto,https://cdn0.woolworths.media/content/wowproductimages/medium/775734.jpg,2020-09-21 19:17:24,,0,,True
040eea4d-a967-407a-a3f1-6e8718fb3df8,Woolworths Supermarket,"Meat, Seafood & Deli",San Marino Spicy Chorizo 100g,775748,$5.50,$55.00 / 1KG,https://www.woolworths.com.au/shop/productdetails/775748/san-marino-spicy-chorizo,https://cdn0.woolworths.media/content/wowproductimages/medium/775748.jpg,2020-09-21 19:17:24,,0,,True
bcc77221-601c-4bcc-977a-c2ab70dd1b12,Woolworths Supermarket,"Meat, Seafood & Deli",San Marino Platter Antipasto 240g,775750,$14.00,$58.33 / 1KG,https://www.woolworths.com.au/shop/productdetails/775750/san-marino-platter-antipasto,https://cdn0.woolworths.media/content/wowproductimages/medium/775750.jpg,2020-09-21 19:17:24,,0,,True
7df6258b-0714-4bfb-85d3-5d029c35ff2d,Woolworths Supermarket,"Meat, Seafood & Deli",San Marino Sopressa Mild Salami 100g,775759,$5.50,$55.00 / 1KG,https://www.woolworths.com.au/shop/productdetails/775759/san-marino-sopressa-mild-salami,https://cdn0.woolworths.media/content/wowproductimages/medium/775759.jpg,2020-09-21 19:17:24,,0,,True
a7fb2094-2228-4844-9d00-dee908ace1e4,Woolworths Supermarket,"Meat, Seafood & Deli",San Marino Hungarian Mild Salami 100g,775760,$5.50,$55.00 / 1KG,https://www.woolworths.com.au/shop/productdetails/775760/san-marino-hungarian-mild-salami,https://cdn0.woolworths.media/content/wowproductimages/medium/775760.jpg,2020-09-21 19:17:24,,0,,True
18b3bd28-74b7-4310-ac1f-08400c961e6f,Woolworths Supermarket,"Meat, Seafood & Deli",K R Castlemaine Hungarian Salami Mild Sliced From The Deli per kg,777173,$31.50,$31.50 / 1KG,https://www.woolworths.com.au/shop/productdetails/777173/k-r-castlemaine-hungarian-salami-mild-sliced-from-the-deli,https://cdn0.woolworths.media/content/wowproductimages/medium/777173.jpg,2020-09-21 19:17:24,,0,,True
ee529494-d196-409e-9dbc-7deef869023e,Woolworths Supermarket,"Meat, Seafood & Deli",K R Castlemaine Hungarian Salami Hot Sliced From The Deli per kg,777183,$31.50,$31.50 / 1KG,https://www.woolworths.com.au/shop/productdetails/777183/k-r-castlemaine-hungarian-salami-hot-sliced-from-the-deli,https://cdn0.woolworths.media/content/wowproductimages/medium/777183.jpg,2020-09-21 19:17:24,,0,,True
11566a9a-c423-4e8e-aec1-5873199e5876,Woolworths Supermarket,"Meat, Seafood & Deli",K R Castlemaine Hungarian Salami Shaved Hot From The Deli per kg,777944,$31.50,$31.50 / 1KG,https://www.woolworths.com.au/shop/productdetails/777944/k-r-castlemaine-hungarian-salami-shaved-hot-from-the-deli,https://cdn0.woolworths.media/content/wowproductimages/medium/777944.jpg,2020-09-21 19:17:24,,0,,True
a90aa8e9-80b7-40c3-9585-e9abc73895d5,Woolworths Supermarket,"Meat, Seafood & Deli",Woolworths Pumpkin Parmesan Risotto 300g,779293,$4.00,$1.33 / 100G,https://www.woolworths.com.au/shop/productdetails/779293/woolworths-pumpkin-parmesan-risotto,https://cdn0.woolworths.media/content/wowproductimages/medium/779293.jpg,2020-09-21 19:17:24,,0,,True
8cb8133e-a57c-4b51-a6e5-c514a58f36e2,Woolworths Supermarket,"Meat, Seafood & Deli",Woolworths Creamed Cottage Cheese 500g,780717,$4.00,$8.00 / 1KG,https://www.woolworths.com.au/shop/productdetails/780717/woolworths-creamed-cottage-cheese,https://cdn0.woolworths.media/content/wowproductimages/medium/780717.jpg,2020-09-21 19:17:24,Average product rating out of 5: 4.2. Product score is based on 261 ratings,261,,True
770c5178-63ac-430f-ae88-5b5b184bb409,Woolworths Supermarket,"Meat, Seafood & Deli",Normandie Pate Pods Mixed Pack 200g,784926,$6.50,$32.50 / 1KG,https://www.woolworths.com.au/shop/productdetails/784926/normandie-pate-pods-mixed-pack,https://cdn0.woolworths.media/content/wowproductimages/medium/784926.jpg,2020-09-21 19:17:24,,0,,True
4c56fc64-69e2-42af-97f9-3886bf49d788,Woolworths Supermarket,"Meat, Seafood & Deli",Moira Mac's Oven Roasted Chicken Breast Shredded From The Deli per kg,785788,$24.00,$24.00 / 1KG,https://www.woolworths.com.au/shop/productdetails/785788/moira-mac-s-oven-roasted-chicken-breast-shredded-from-the-deli,https://cdn0.woolworths.media/content/wowproductimages/medium/785788.jpg,2020-09-21 19:17:24,,0,,True
e37ba861-18b7-4388-a815-e7a66695b931,Woolworths Supermarket,"Meat, Seafood & Deli",Don Footy Frankfurts Skinless 600g,789962,$7.20,$12.00 / 1KG,https://www.woolworths.com.au/shop/productdetails/789962/don-footy-frankfurts-skinless,https://cdn0.woolworths.media/content/wowproductimages/medium/789962.jpg,2020-09-21 19:17:24,,0,,True
3317f6a4-5b19-48ff-8e76-6649e0cbe83f,Woolworths Supermarket,"Meat, Seafood & Deli",Peppercorn Butch Beef Jumbo Burger Garlic Pepper 600g,790208,$10.00,$16.67 / 1KG,https://www.woolworths.com.au/shop/productdetails/790208/peppercorn-butch-beef-jumbo-burger-garlic-pepper,https://cdn0.woolworths.media/content/wowproductimages/medium/790208.jpg,2020-09-21 19:17:24,,0,,True
c93b43bb-56af-40ba-aa8f-23635719baeb,Woolworths Supermarket,"Meat, Seafood & Deli",Woolworths Creamy Potato Salad 800g,793189,$6.50,$0.81 / 100G,https://www.woolworths.com.au/shop/productdetails/793189/woolworths-creamy-potato-salad,https://cdn0.woolworths.media/content/wowproductimages/medium/793189.jpg,2020-09-21 19:17:24,Average product rating out of 5: 3.6. Product score is based on 988 ratings,988,Was $7.00 26/10/2017,True
57655b42-831f-481d-93df-9417c8a8ea3c,Woolworths Supermarket,"Meat, Seafood & Deli",Woolworths Creamy Potato Salad 400g,793191,$4.50,$1.13 / 100G,https://www.woolworths.com.au/shop/productdetails/793191/woolworths-creamy-potato-salad,https://cdn0.woolworths.media/content/wowproductimages/medium/793191.jpg,2020-09-21 19:17:24,,0,Was $4.99 26/10/2017,True
696b267d-85bc-4e11-9bdb-a7f9e1fe0501,Woolworths Supermarket,"Meat, Seafood & Deli",Woolworths Creamy Pasta Salad 800g,793192,$6.50,$0.81 / 100G,https://www.woolworths.com.au/shop/productdetails/793192/woolworths-creamy-pasta-salad,https://cdn0.woolworths.media/content/wowproductimages/medium/793192.jpg,2020-09-21 19:17:24,Average product rating out of 5: 4.3. Product score is based on 200 ratings,200,Was $7.00 26/10/2017,True
ac01f8d7-2023-48ff-bfd5-f31dc289849c,Woolworths Supermarket,"Meat, Seafood & Deli",Woolworths Creamy Pasta Salad 400g,793193,$4.50,$1.13 / 100G,https://www.woolworths.com.au/shop/productdetails/793193/woolworths-creamy-pasta-salad,https://cdn0.woolworths.media/content/wowproductimages/medium/793193.jpg,2020-09-21 19:17:24,Average product rating out of 5: 4.3. Product score is based on 755 ratings,755,Was $4.99 26/10/2017,True
d3e5b71c-6350-49fa-ba76-f24110d344e4,Woolworths Supermarket,"Meat, Seafood & Deli",Woolworths Classic Coleslaw 110g,793406,$2.00,$1.82 / 100G,https://www.woolworths.com.au/shop/productdetails/793406/woolworths-classic-coleslaw,https://cdn0.woolworths.media/content/wowproductimages/medium/793406.jpg,2020-09-21 19:17:24,,0,,True
4b8c84f0-f696-4814-87bb-02700b01fd14,Woolworths Supermarket,"Meat, Seafood & Deli",Woolworths Creamy Pasta Salad 110g,793415,$2.00,$1.82 / 100G,https://www.woolworths.com.au/shop/productdetails/793415/woolworths-creamy-pasta-salad,https://cdn0.woolworths.media/content/wowproductimages/medium/793415.jpg,2020-09-21 19:17:24,,0,,True
9a55228b-5bd9-4e01-9adb-b419f21a5383,Woolworths Supermarket,"Meat, Seafood & Deli",Ocean Chef Salmon Lemon Pepper 1kg,794640,$28.00,$28.00 / 1KG,https://www.woolworths.com.au/shop/productdetails/794640/ocean-chef-salmon-lemon-pepper,https://cdn0.woolworths.media/content/wowproductimages/medium/794640.jpg,2020-09-21 19:17:24,,0,,True
d3a996cc-6643-4e64-b2b5-55f5139e1ef1,Woolworths Supermarket,"Meat, Seafood & Deli",Ocean Chef Prawns Cooked & Peeled 375g,794695,$10.00,$26.67 / 1KG,https://www.woolworths.com.au/shop/productdetails/794695/ocean-chef-prawns-cooked-peeled,https://cdn0.woolworths.media/content/wowproductimages/medium/794695.jpg,2020-09-21 19:17:24,,0,,True
7b426af3-cab9-4f5c-b73b-b019ae73f2cc,Woolworths Supermarket,"Meat, Seafood & Deli",D'orsogna Ham Leg Shaved 400G,795918,$5.50,$13.75 / 1KG,https://www.woolworths.com.au/shop/productdetails/795918/d-orsogna-ham-leg-shaved,https://cdn0.woolworths.media/content/wowproductimages/medium/795918.jpg,2020-09-21 19:17:24,,0,,True
62fe077b-0757-4222-b45d-1690da655311,Woolworths Supermarket,"Meat, Seafood & Deli",D'orsogna Ham Honey Leg Shaved 400g,795982,$5.50,$13.75 / 1KG,https://www.woolworths.com.au/shop/productdetails/795982/d-orsogna-ham-honey-leg-shaved,https://cdn0.woolworths.media/content/wowproductimages/medium/795982.jpg,2020-09-21 19:17:24,,0,,True
b10120aa-da70-48bd-966f-db733029c2d3,Woolworths Supermarket,"Meat, Seafood & Deli",Don Diced Bacon 250g,797291,$5.00,$20.00 / 1KG,https://www.woolworths.com.au/shop/productdetails/797291/don-diced-bacon,https://cdn0.woolworths.media/content/wowproductimages/medium/797291.jpg,2020-09-21 19:17:24,,0,,True
6d21e3ed-a48c-4013-b557-b390bc81d973,Woolworths Supermarket,"Meat, Seafood & Deli",President Brie Cheese 200g,800132,$5.50,$27.50 / 1KG,https://www.woolworths.com.au/shop/productdetails/800132/president-brie-cheese,https://cdn0.woolworths.media/content/wowproductimages/medium/800132.jpg,2020-09-21 19:17:24,,0,,True
a157caf8-3e9d-4868-912e-e2c5a42e43be,Woolworths Supermarket,"Meat, Seafood & Deli",President Camembert Cheese 200g,800151,$5.50,$27.50 / 1KG,https://www.woolworths.com.au/shop/productdetails/800151/president-camembert-cheese,https://cdn0.woolworths.media/content/wowproductimages/medium/800151.jpg,2020-09-21 19:17:24,,0,,True
e79447f6-b495-4f35-bd6f-d6b87b227516,Woolworths Supermarket,"Meat, Seafood & Deli",Noel Smoked Spanish Jamon Serrano Freshly Sliced From The Deli per kg,800956,$45.00,$45.00 / 1KG,https://www.woolworths.com.au/shop/productdetails/800956/noel-smoked-spanish-jamon-serrano-freshly-sliced-from-the-deli,https://cdn0.woolworths.media/content/wowproductimages/medium/800956.jpg,2020-09-21 19:17:24,,0,,True
12bc91ab-33b6-4903-a88e-70402adef1be,Woolworths Supermarket,"Meat, Seafood & Deli",Boston Bay Mussels Cooked 500g,802255,$6.50,$13.00 / 1KG,https://www.woolworths.com.au/shop/productdetails/802255/boston-bay-mussels-cooked,https://cdn0.woolworths.media/content/wowproductimages/medium/802255.jpg,2020-09-21 19:17:24,,0,,True
241b4867-44a1-44ea-bb28-bd13c8c7bdc2,Woolworths Supermarket,"Meat, Seafood & Deli",Just Caught Raw Prawn Cutlets 850g,803034,$30.00,$35.29 / 1KG,https://www.woolworths.com.au/shop/productdetails/803034/just-caught-raw-prawn-cutlets,https://cdn0.woolworths.media/content/wowproductimages/medium/803034.jpg,2020-09-21 19:17:24,,0,,True
1174b2af-29ca-4c1f-9e75-a3288fce1d78,Woolworths Supermarket,"Meat, Seafood & Deli",Miguel Maestre Free Range Coppa 80g,804064,$9.00,$11.25 / 100G,https://www.woolworths.com.au/shop/productdetails/804064/miguel-maestre-free-range-coppa,https://cdn0.woolworths.media/content/wowproductimages/medium/804064.jpg,2020-09-21 19:17:24,,0,,True
35e80330-43fe-4575-b92a-8158093ac536,Woolworths Supermarket,"Meat, Seafood & Deli",Miguel Maestre Wagyu Bresaola 80g,804065,$11.50,$14.38 / 100G,https://www.woolworths.com.au/shop/productdetails/804065/miguel-maestre-wagyu-bresaola,https://cdn0.woolworths.media/content/wowproductimages/medium/804065.jpg,2020-09-21 19:17:24,,0,,True
e9bdc2e2-09d9-4d58-bebf-2b9b4fe83532,Woolworths Supermarket,"Meat, Seafood & Deli",Ruffie Rustic Foods Zucchini Frittata 2 pack,805078,$12.00,$3.00 / 100G,https://www.woolworths.com.au/shop/productdetails/805078/ruffie-rustic-foods-zucchini-frittata,https://cdn0.woolworths.media/content/wowproductimages/medium/805078.jpg,2020-09-21 19:17:24,,0,,True
cfd81382-2810-45b2-868d-e653d8d3d178,Woolworths Supermarket,"Meat, Seafood & Deli",Ruffie Rustic Foods Smoky Bacon Leek & Cheddar Quiche 2 pack,805079,$12.00,$3.00 / 100G,https://www.woolworths.com.au/shop/productdetails/805079/ruffie-rustic-foods-smoky-bacon-leek-cheddar-quiche,https://cdn0.woolworths.media/content/wowproductimages/medium/805079.jpg,2020-09-21 19:17:24,,0,,True
86b122ca-064e-47a6-99f3-a6ed2092478e,Woolworths Supermarket,"Meat, Seafood & Deli",Luv-a-duck Fresh Duck Breast Fillets 380g,805730,$14.00,$36.84 / 1KG,https://www.woolworths.com.au/shop/productdetails/805730/luv-a-duck-fresh-duck-breast-fillets,https://cdn0.woolworths.media/content/wowproductimages/medium/805730.jpg,2020-09-21 19:17:24,,0,,True
aa5a7feb-f0e9-4a93-9590-653a568c9e52,Woolworths Supermarket,"Meat, Seafood & Deli",Tassal Tasmanian Atlantic Salmon Skin Off 260g,805845,$11.00,$42.31 / 1KG,https://www.woolworths.com.au/shop/productdetails/805845/tassal-tasmanian-atlantic-salmon-skin-off,https://cdn0.woolworths.media/content/wowproductimages/medium/805845.jpg,2020-09-21 19:17:24,,0,,True
a8ca64e9-74a8-4795-90df-fea5eb91f3e5,Woolworths Supermarket,"Meat, Seafood & Deli",Tassal Salmon With Mustard Dill 260g,805846,$10.00,$38.46 / 1KG,https://www.woolworths.com.au/shop/productdetails/805846/tassal-salmon-with-mustard-dill,https://cdn0.woolworths.media/content/wowproductimages/medium/805846.jpg,2020-09-21 19:17:24,,0,,True
97a8957c-fa52-464a-826a-5da269446edc,Woolworths Supermarket,"Meat, Seafood & Deli",Tassal Tasmanian Atlantic Salmon Skin On 260g,805855,$10.00,$38.46 / 1KG,https://www.woolworths.com.au/shop/productdetails/805855/tassal-tasmanian-atlantic-salmon-skin-on,https://cdn0.woolworths.media/content/wowproductimages/medium/805855.jpg,2020-09-21 19:17:24,,0,,True
d142847f-630a-445f-bccd-3525ecbb0449,Woolworths Supermarket,"Meat, Seafood & Deli",Tassal Salmon With Japanese Bbq 260g,805871,$10.00,$38.46 / 1KG,https://www.woolworths.com.au/shop/productdetails/805871/tassal-salmon-with-japanese-bbq,https://cdn0.woolworths.media/content/wowproductimages/medium/805871.jpg,2020-09-21 19:17:24,,0,,True
fa0afe8a-e7ec-4707-a1b6-1f65276950e1,Woolworths Supermarket,"Meat, Seafood & Deli",Tassal Tasmanian Salmon Skin Off 460g,805906,$14.00,$30.43 / 1KG,https://www.woolworths.com.au/shop/productdetails/805906/tassal-tasmanian-salmon-skin-off,https://cdn0.woolworths.media/content/wowproductimages/medium/805906.jpg,2020-09-21 19:17:24,,0,,True
62491839-4443-42d1-9ebd-2c637ecf1ea6,Woolworths Supermarket,"Meat, Seafood & Deli",San Marino Smoked Prosciutto 80g,807104,$5.50,$68.75 / 1KG,https://www.woolworths.com.au/shop/productdetails/807104/san-marino-smoked-prosciutto,https://cdn0.woolworths.media/content/wowproductimages/medium/807104.jpg,2020-09-21 19:17:24,,0,,True
95f01d15-a538-4b3a-b3f8-fce89ebf5bc8,Woolworths Supermarket,"Meat, Seafood & Deli",San Marino Danish Salami 100g,807105,$5.50,$55.00 / 1KG,https://www.woolworths.com.au/shop/productdetails/807105/san-marino-danish-salami,https://cdn0.woolworths.media/content/wowproductimages/medium/807105.jpg,2020-09-21 19:17:24,,0,,True
e4d90e94-eda8-4fcf-ac91-1b08e385665d,Woolworths Supermarket,"Meat, Seafood & Deli",Perfect Italiano Parmesan Block 200g,807868,$5.00,$25.00 / 1KG,https://www.woolworths.com.au/shop/productdetails/807868/perfect-italiano-parmesan-block,https://cdn0.woolworths.media/content/wowproductimages/medium/807868.jpg,2020-09-21 19:17:24,,0,,True
60562826-657a-4731-86c8-7f882eaa1141,Woolworths Supermarket,"Meat, Seafood & Deli",Mayfair Devon Slices 100g,807898,$1.30,$13.00 / 1KG,https://www.woolworths.com.au/shop/productdetails/807898/mayfair-devon-slices,https://cdn0.woolworths.media/content/wowproductimages/medium/807898.jpg,2020-09-21 19:17:24,,0,,True
fef96179-6624-437c-b081-946c9cd75489,Woolworths Supermarket,"Meat, Seafood & Deli",Mersey Valley Classic Cheese 80g,808121,$3.50,$43.75 / 1KG,https://www.woolworths.com.au/shop/productdetails/808121/mersey-valley-classic-cheese,https://cdn0.woolworths.media/content/wowproductimages/medium/808121.jpg,2020-09-21 19:17:24,,0,3 for $9.00 $37.50/1KG,True
583b2c41-0108-45eb-b6ab-1c3380068f23,Woolworths Supermarket,"Meat, Seafood & Deli",Mersey Valley Pickled Onion Cheese 80g,808130,$3.50,$43.75 / 1KG,https://www.woolworths.com.au/shop/productdetails/808130/mersey-valley-pickled-onion-cheese,https://cdn0.woolworths.media/content/wowproductimages/medium/808130.jpg,2020-09-21 19:17:24,,0,3 for $9.00 $37.50/1KG,True
eae83023-cce1-41ea-b1f6-56bfc30a1ec3,Woolworths Supermarket,"Meat, Seafood & Deli",Woolworths Double Cream Camembert 200g,808564,$5.00,$25.00 / 1KG,https://www.woolworths.com.au/shop/productdetails/808564/woolworths-double-cream-camembert,https://cdn0.woolworths.media/content/wowproductimages/medium/808564.jpg,2020-09-21 19:17:24,,0,,True
220dc652-dc5a-4922-8705-74f78a0a1ab5,Woolworths Supermarket,"Meat, Seafood & Deli",Woolworths Triple Cream Brie 200g,808566,$5.00,$25.00 / 1KG,https://www.woolworths.com.au/shop/productdetails/808566/woolworths-triple-cream-brie,https://cdn0.woolworths.media/content/wowproductimages/medium/808566.jpg,2020-09-21 19:17:24,,0,,True
394562b1-ee17-4a03-9aa7-43fe422cbef3,Woolworths Supermarket,"Meat, Seafood & Deli",Woolworths Cherry Bocconcini 220g,810779,$4.00,$18.18 / 1KG,https://www.woolworths.com.au/shop/productdetails/810779/woolworths-cherry-bocconcini,https://cdn0.woolworths.media/content/wowproductimages/medium/810779.jpg,2020-09-21 19:17:24,Average product rating out of 5: 4.3. Product score is based on 835 ratings,835,,True
6da3ad36-42de-43c5-a962-8d6cfaed35f0,Woolworths Supermarket,"Meat, Seafood & Deli",Woolworths Slow Cooked Pork Shoulder With Bbq Sauce 560g,810791,$14.00,$25.00 / 1KG,https://www.woolworths.com.au/shop/productdetails/810791/woolworths-slow-cooked-pork-shoulder-with-bbq-sauce,https://cdn0.woolworths.media/content/wowproductimages/medium/810791.jpg,2020-09-21 19:17:24,Average product rating out of 5: 4.8. Product score is based on 16 ratings,16,,True
41083326-6442-4504-9092-4dfe07b9099f,Woolworths Supermarket,"Meat, Seafood & Deli",Primo Pepperoni Slices 100g,810883,$5.25,$52.50 / 1KG,https://www.woolworths.com.au/shop/productdetails/810883/primo-pepperoni-slices,https://cdn0.woolworths.media/content/wowproductimages/medium/810883.jpg,2020-09-21 19:17:24,,0,,True
4df356d0-53ba-491e-8401-a29098393b22,Woolworths Supermarket,"Meat, Seafood & Deli",Ocean Chef Salmon Portions Mediterranean Style 1kg,811474,$30.00,$30.00 / 1KG,https://www.woolworths.com.au/shop/productdetails/811474/ocean-chef-salmon-portions-mediterranean-style,https://cdn0.woolworths.media/content/wowproductimages/medium/811474.jpg,2020-09-21 19:17:24,,0,,True
36330071-8b59-4645-a282-39bf41902f65,Woolworths Supermarket,"Meat, Seafood & Deli",De Costi Raw Prawn Meat 260g,811608,$12.00,$46.15 / 1KG,https://www.woolworths.com.au/shop/productdetails/811608/de-costi-raw-prawn-meat,https://cdn0.woolworths.media/content/wowproductimages/medium/811608.jpg,2020-09-21 19:17:24,,0,,True
16675858-8ba2-4f36-a9f4-73aaf2ed3b15,Woolworths Supermarket,"Meat, Seafood & Deli",Woolworths Cook Asian Style Salmon Portions 325g,811661,$12.00,$36.92 / 1KG,https://www.woolworths.com.au/shop/productdetails/811661/woolworths-cook-asian-style-salmon-portions,https://cdn0.woolworths.media/content/wowproductimages/medium/811661.jpg,2020-09-21 19:17:24,,0,,True
2a876f96-18cd-42ea-9b7d-bb9c20e5ba09,Woolworths Supermarket,"Meat, Seafood & Deli",Woolworths Cook Lemon Herb Salmon Portions 315g,811663,$12.00,$38.10 / 1KG,https://www.woolworths.com.au/shop/productdetails/811663/woolworths-cook-lemon-herb-salmon-portions,https://cdn0.woolworths.media/content/wowproductimages/medium/811663.jpg,2020-09-21 19:17:24,,0,,True
2153b30c-2dbc-4391-9662-26a0dbc8f0e7,Woolworths Supermarket,"Meat, Seafood & Deli",Chris' Heritage Smoked Gouda & Jalapeno Dip 170g,815421,$6.00,$3.53 / 100G,https://www.woolworths.com.au/shop/productdetails/815421/chris-heritage-smoked-gouda-jalapeno-dip,https://cdn0.woolworths.media/content/wowproductimages/medium/815421.jpg,2020-09-21 19:17:24,,0,,True
13ba8503-fb9f-48da-939e-642a20948754,Woolworths Supermarket,"Meat, Seafood & Deli",Woolworths Beef Sausage 600g,820196,$5.50,$9.17 / 1KG,https://www.woolworths.com.au/shop/productdetails/820196/woolworths-beef-sausage,https://cdn0.woolworths.media/content/wowproductimages/medium/820196.jpg,2020-09-21 19:17:24,,0,2 for $10.00 $8.33/1KG,True
df99e8f3-3e0a-4c81-ad41-7fb0926ed972,Woolworths Supermarket,"Meat, Seafood & Deli",Woolworths Beef Sausage Chipolata 600g,820197,$5.50,$9.17 / 1KG,https://www.woolworths.com.au/shop/productdetails/820197/woolworths-beef-sausage-chipolata,https://cdn0.woolworths.media/content/wowproductimages/medium/820197.jpg,2020-09-21 19:17:24,Average product rating out of 5: 4.2. Product score is based on 791 ratings,791,2 for $10.00 $8.33/1KG,True
84cbfbe7-e3ab-4984-a92f-76844da898fb,Woolworths Supermarket,"Meat, Seafood & Deli",Woolworths Aussie Beef Sausage Honey Flavour 600g,820198,$5.50,$9.17 / 1KG,https://www.woolworths.com.au/shop/productdetails/820198/woolworths-aussie-beef-sausage-honey-flavour,https://cdn0.woolworths.media/content/wowproductimages/medium/820198.jpg,2020-09-21 19:17:24,,0,2 for $10.00 $8.33/1KG,True
4f44fc03-0409-457b-a70a-fdecfe552ad5,Woolworths Supermarket,"Meat, Seafood & Deli",Woolworths Beef Herb & Garlic Sausage 600g,820199,$5.50,$9.17 / 1KG,https://www.woolworths.com.au/shop/productdetails/820199/woolworths-beef-herb-garlic-sausage,https://cdn0.woolworths.media/content/wowproductimages/medium/820199.jpg,2020-09-21 19:17:24,Average product rating out of 5: 4.1. Product score is based on 12 ratings,12,2 for $10.00 $8.33/1KG,True
3db4c69f-94f1-4a86-a047-6202be8e2c28,Woolworths Supermarket,"Meat, Seafood & Deli",Woolworths Aussie Pork Chipolata 600g,820811,$5.50,$9.17 / 1KG,https://www.woolworths.com.au/shop/productdetails/820811/woolworths-aussie-pork-chipolata,https://cdn0.woolworths.media/content/wowproductimages/medium/820811.jpg,2020-09-21 19:17:24,,0,2 for $10.00 $8.33/1KG,True
03e232af-fe42-47b6-a89d-ccc0624cb01f,Woolworths Supermarket,"Meat, Seafood & Deli",Woolworths Cook Slow Cooked Butterflied Beef 700g,821037,$16.00,$22.86 / 1KG,https://www.woolworths.com.au/shop/productdetails/821037/woolworths-cook-slow-cooked-butterflied-beef,https://cdn0.woolworths.media/content/wowproductimages/medium/821037.jpg,2020-09-21 19:17:24,Average product rating out of 5: 4.5. Product score is based on 215 ratings,215,,True
83d4240a-89ba-48aa-9690-4ff8161f49eb,Woolworths Supermarket,"Meat, Seafood & Deli",Woolworths Simply Heat Beef Brisket 700g,821038,$14.00,$20.00 / 1KG,https://www.woolworths.com.au/shop/productdetails/821038/woolworths-simply-heat-beef-brisket,https://cdn0.woolworths.media/content/wowproductimages/medium/821038.jpg,2020-09-21 19:17:24,Average product rating out of 5: 4.5. Product score is based on 221 ratings,221,,True
d5981d26-69ef-419d-9ff2-294661d8f3ba,Woolworths Supermarket,"Meat, Seafood & Deli",Woolworths Porterhouse Steak With Herb & Butter 400g,821061,$15.00,$37.50 / 1KG,https://www.woolworths.com.au/shop/productdetails/821061/woolworths-porterhouse-steak-with-herb-butter,https://cdn0.woolworths.media/content/wowproductimages/medium/821061.jpg,2020-09-21 19:17:24,,0,,True
c32ddd13-d928-423c-a17b-3599b0c3af92,Woolworths Supermarket,"Meat, Seafood & Deli","Chris' Heritage Dips Blue Cheese, Fig & Pistachio 170g",823695,$6.00,$3.53 / 100G,https://www.woolworths.com.au/shop/productdetails/823695/chris-heritage-dips-blue-cheese-fig-pistachio,https://cdn0.woolworths.media/content/wowproductimages/medium/823695.jpg,2020-09-21 19:17:24,,0,,True
0272379f-03aa-4a78-a394-aa405b09f32a,Woolworths Supermarket,"Meat, Seafood & Deli",Chris' Heritage Dips Vintage Cheddar & Caramelised Onion Cheese 170g,823696,$6.00,$3.53 / 100G,https://www.woolworths.com.au/shop/productdetails/823696/chris-heritage-dips-vintage-cheddar-caramelised-onion-cheese,https://cdn0.woolworths.media/content/wowproductimages/medium/823696.jpg,2020-09-21 19:17:24,,0,,True
ad04d796-e2a2-46cf-b257-cf13c7a4b7e4,Woolworths Supermarket,"Meat, Seafood & Deli",Woolworths Market Value Thin Sausage 1.8kg,824100,$9.00,$5.00 / 1KG,https://www.woolworths.com.au/shop/productdetails/824100/woolworths-market-value-thin-sausage,https://cdn0.woolworths.media/content/wowproductimages/medium/824100.jpg,2020-09-21 19:17:24,Average product rating out of 5: 4.3. Product score is based on 12 ratings,12,Was $11.00 11/02/2020,True
ce8f300b-f739-4f05-96d6-aee8073d4299,Woolworths Supermarket,"Meat, Seafood & Deli",Steggles Family Roast Chicken Whole 1.9kg - 3.1kg,826675,$17.05,$5.50 / 1KG,https://www.woolworths.com.au/shop/productdetails/826675/steggles-family-roast-chicken-whole,https://cdn0.woolworths.media/content/wowproductimages/medium/826675.jpg,2020-09-21 19:17:24,,0,,True
67c6ff5e-46f0-4855-a52e-30005e2b46a9,Woolworths Supermarket,"Meat, Seafood & Deli",Woolworths Lamb Leg Steak 540g,827609,$13.00,$24.07 / 1KG,https://www.woolworths.com.au/shop/productdetails/827609/woolworths-lamb-leg-steak,https://cdn0.woolworths.media/content/wowproductimages/medium/827609.jpg,2020-09-21 19:17:24,,0,,True
08ba0857-3b1d-44e1-9e9a-a245652c8928,Woolworths Supermarket,"Meat, Seafood & Deli",Woolworths Classic Potato Mash 475g,828744,,,https://www.woolworths.com.au/shop/productdetails/828744/woolworths-classic-potato-mash,https://cdn0.woolworths.media/content/wowproductimages/medium/828744.jpg,2020-09-21 19:17:24,Average product rating out of 5: 3.7. Product score is based on 296 ratings,296,,False
958a3b34-645b-4cd6-b4b9-4371237b3a72,Woolworths Supermarket,"Meat, Seafood & Deli",Woolworths Roasted Garlic Mash 475g,828746,$5.99,$1.26 / 100G,https://www.woolworths.com.au/shop/productdetails/828746/woolworths-roasted-garlic-mash,https://cdn0.woolworths.media/content/wowproductimages/medium/828746.jpg,2020-09-21 19:17:24,Average product rating out of 5: 3.4. Product score is based on 252 ratings,252,,True
89df010e-43ae-436d-a18c-3b9f40bc70e9,Woolworths Supermarket,"Meat, Seafood & Deli",Woolworths Loin Steaks Pork 500g,829116,$9.00,$18.00 / 1KG,https://www.woolworths.com.au/shop/productdetails/829116/woolworths-loin-steaks-pork,https://cdn0.woolworths.media/content/wowproductimages/medium/829116.jpg,2020-09-21 19:17:24,,0,,True
0ee41eb3-852b-49ff-acc2-e190d66b2c71,Woolworths Supermarket,"Meat, Seafood & Deli",Woolworths Haloumi 180g,829814,$3.50,$19.44 / 1KG,https://www.woolworths.com.au/shop/productdetails/829814/woolworths-haloumi,https://cdn0.woolworths.media/content/wowproductimages/medium/829814.jpg,2020-09-21 19:17:24,Average product rating out of 5: 4.5. Product score is based on 73 ratings,73,,True
da6ebee6-1807-4c62-bbec-95af94b4fbb1,Woolworths Supermarket,"Meat, Seafood & Deli",Clearly Premium Smoked Salmon 100g,830166,$7.00,$70.00 / 1KG,https://www.woolworths.com.au/shop/productdetails/830166/clearly-premium-smoked-salmon,https://cdn0.woolworths.media/content/wowproductimages/medium/830166.jpg,2020-09-21 19:17:24,,0,,True
81476ec4-fb84-4a81-920b-274f0d88c350,Woolworths Supermarket,"Meat, Seafood & Deli",Ingham's Turkey Breast Mince 400g,840244,$8.00,$20.00 / 1KG,https://www.woolworths.com.au/shop/productdetails/840244/ingham-s-turkey-breast-mince,https://cdn0.woolworths.media/content/wowproductimages/medium/840244.jpg,2020-09-21 19:17:24,,0,2 for $11.00,True
b4c294fb-44a3-4c87-bed5-97c826a89526,Woolworths Supermarket,"Meat, Seafood & Deli",Birch & Waite Parsley Dill & Tarragon Seafood Sauce 250ml,841741,$3.70,$1.48 / 100ML,https://www.woolworths.com.au/shop/productdetails/841741/birch-waite-parsley-dill-tarragon-seafood-sauce,https://cdn0.woolworths.media/content/wowproductimages/medium/841741.jpg,2020-09-21 19:17:24,,0,,True
e401a1c2-9a6f-4da8-b1d2-d2ef346efff0,Woolworths Supermarket,"Meat, Seafood & Deli",Birch & Waite Rich Tartare Seafood Sauce 250ml,841749,$3.70,$1.48 / 100ML,https://www.woolworths.com.au/shop/productdetails/841749/birch-waite-rich-tartare-seafood-sauce,https://cdn0.woolworths.media/content/wowproductimages/medium/841749.jpg,2020-09-21 19:17:24,,0,,True
6cfaa1e3-deb3-483c-aa69-8bdc0de4776b,Woolworths Supermarket,"Meat, Seafood & Deli",Tassal Hot Smoked Salmon Natural 150g,846995,$9.00,$60.00 / 1KG,https://www.woolworths.com.au/shop/productdetails/846995/tassal-hot-smoked-salmon-natural,https://cdn0.woolworths.media/content/wowproductimages/medium/846995.jpg,2020-09-21 19:17:24,,0,,True
3b41791e-33a4-413c-a2ce-979bc3c5e2df,Woolworths Supermarket,"Meat, Seafood & Deli",Tassal Hot Smoked Salmon Peppercorn 150g,846996,$9.00,$60.00 / 1KG,https://www.woolworths.com.au/shop/productdetails/846996/tassal-hot-smoked-salmon-peppercorn,https://cdn0.woolworths.media/content/wowproductimages/medium/846996.jpg,2020-09-21 19:17:24,,0,,True
b9cafb48-02c4-4ca3-bce4-2f3d957b7561,Woolworths Supermarket,"Meat, Seafood & Deli",Superior Gold Salmon Smoked 180g,846997,$12.00,$66.67 / 1KG,https://www.woolworths.com.au/shop/productdetails/846997/superior-gold-salmon-smoked,https://cdn0.woolworths.media/content/wowproductimages/medium/846997.jpg,2020-09-21 19:17:24,,0,,True
ee9a4a46-0482-468f-ad4e-23c23c403466,Woolworths Supermarket,"Meat, Seafood & Deli",Tassal Smoked Salmon 150g,847049,$10.25,$68.33 / 1KG,https://www.woolworths.com.au/shop/productdetails/847049/tassal-smoked-salmon,https://cdn0.woolworths.media/content/wowproductimages/medium/847049.jpg,2020-09-21 19:17:24,,0,,True
5a774bf6-d78f-4edd-9603-0572fd2bb3cd,Woolworths Supermarket,"Meat, Seafood & Deli",Tassal Smoked Salmon 250g,847118,$14.25,$57.00 / 1KG,https://www.woolworths.com.au/shop/productdetails/847118/tassal-smoked-salmon,https://cdn0.woolworths.media/content/wowproductimages/medium/847118.jpg,2020-09-21 19:17:24,,0,,True
a8537175-85e6-4be7-86c1-9bc84154cb70,Woolworths Supermarket,"Meat, Seafood & Deli",Ocean Blue Hot Smoked Mackerel 105g,847880,$5.00,$47.62 / 1KG,https://www.woolworths.com.au/shop/productdetails/847880/ocean-blue-hot-smoked-mackerel,https://cdn0.woolworths.media/content/wowproductimages/medium/847880.jpg,2020-09-21 19:17:24,,0,,True
615d824a-dab6-4ffb-86d2-2085080486df,Woolworths Supermarket,"Meat, Seafood & Deli",Miguel Maestre Jamon Free Range 80g,852173,$9.00,$112.50 / 1KG,https://www.woolworths.com.au/shop/productdetails/852173/miguel-maestre-jamon-free-range,https://cdn0.woolworths.media/content/wowproductimages/medium/852173.jpg,2020-09-21 19:17:24,,0,,True
fa02e544-e653-4b8b-894a-b0244d1645d6,Woolworths Supermarket,"Meat, Seafood & Deli",D'orsogna Roast Chicken 320g,858574,$5.50,$17.19 / 1KG,https://www.woolworths.com.au/shop/productdetails/858574/d-orsogna-roast-chicken,https://cdn0.woolworths.media/content/wowproductimages/medium/858574.jpg,2020-09-21 19:17:24,,0,,True
5a09ffc4-e05f-4b99-b1a3-32e4ef28a205,Woolworths Supermarket,"Meat, Seafood & Deli",Moira Mac's Shredded Chicken 300g,858645,$6.00,$20.00 / 1KG,https://www.woolworths.com.au/shop/productdetails/858645/moira-mac-s-shredded-chicken,https://cdn0.woolworths.media/content/wowproductimages/medium/858645.jpg,2020-09-21 19:17:24,,0,,True
660988fe-398f-46cf-953c-1d46f42627dd,Woolworths Supermarket,"Meat, Seafood & Deli",Ob Finest Original Wafer Crackers 100g,861335,$3.00,$3.00 / 100G,https://www.woolworths.com.au/shop/productdetails/861335/ob-finest-original-wafer-crackers,https://cdn0.woolworths.media/content/wowproductimages/medium/861335.jpg,2020-09-21 19:17:24,,0,Was $3.49 20/11/2017,True
e376d14e-c588-4737-b3f8-fbfd26e8b9cd,Woolworths Supermarket,"Meat, Seafood & Deli",Ob Finest Sesame Wafer Crackers 100g,861367,$3.00,$3.00 / 100G,https://www.woolworths.com.au/shop/productdetails/861367/ob-finest-sesame-wafer-crackers,https://cdn0.woolworths.media/content/wowproductimages/medium/861367.jpg,2020-09-21 19:17:24,,0,Was $3.49 20/11/2017,True
3199279b-a585-472d-a705-206c8a6fac9e,Woolworths Supermarket,"Meat, Seafood & Deli",Ob Finest Wafer Crackers Black Pepper 100g,861401,$3.00,$3.00 / 100G,https://www.woolworths.com.au/shop/productdetails/861401/ob-finest-wafer-crackers-black-pepper,https://cdn0.woolworths.media/content/wowproductimages/medium/861401.jpg,2020-09-21 19:17:24,,0,Was $3.49 20/11/2017,True
7331d88e-ca48-4214-8df7-9e19d84628ef,Woolworths Supermarket,"Meat, Seafood & Deli",Beak & Sons Gourmet Beef Sausages 500g,865149,$7.50,$15.00 / 1KG,https://www.woolworths.com.au/shop/productdetails/865149/beak-sons-gourmet-beef-sausages,https://cdn0.woolworths.media/content/wowproductimages/medium/865149.jpg,2020-09-21 19:17:24,,0,,True
f17ba04b-03ac-4ea4-9967-a598cb4d8380,Woolworths Supermarket,"Meat, Seafood & Deli",San Marino Salami Soppressa Hot 100g,868221,$5.50,$55.00 / 1KG,https://www.woolworths.com.au/shop/productdetails/868221/san-marino-salami-soppressa-hot,https://cdn0.woolworths.media/content/wowproductimages/medium/868221.jpg,2020-09-21 19:17:24,,0,,True
065d5425-b089-4a41-9428-b3edf8291f1e,Woolworths Supermarket,"Meat, Seafood & Deli",Lamb Shanks 500g - 1.2kg,868940,$17.40,$14.50 / 1KG,https://www.woolworths.com.au/shop/productdetails/868940/lamb-shanks,https://cdn0.woolworths.media/content/wowproductimages/medium/868940.jpg,2020-09-21 19:17:24,,0,,True
50b7e0ba-1f4d-448e-9559-906f0fef2733,Woolworths Supermarket,"Meat, Seafood & Deli",Woolworths Smoked Mussels In Oil 85g,873023,$1.70,$20.00 / 1KG,https://www.woolworths.com.au/shop/productdetails/873023/woolworths-smoked-mussels-in-oil,https://cdn0.woolworths.media/content/wowproductimages/medium/873023.jpg,2020-09-21 19:17:24,,0,,True
6c8246ab-cf50-47bd-9af2-bba4c1d49fd7,Woolworths Supermarket,"Meat, Seafood & Deli",Tuckers Fruit Paste Quince 100g,880478,$5.00,$50.00 / 1KG,https://www.woolworths.com.au/shop/productdetails/880478/tuckers-fruit-paste-quince,https://cdn0.woolworths.media/content/wowproductimages/medium/880478.jpg,2020-09-21 19:17:24,,0,,True
f80ef4fa-b7da-4fec-acb4-c76aa27e27c7,Woolworths Supermarket,"Meat, Seafood & Deli",Just Caught Atlantic Salmon Skinless 1kg,891961,$23.00,$23.00 / 1KG,https://www.woolworths.com.au/shop/productdetails/891961/just-caught-atlantic-salmon-skinless,https://cdn0.woolworths.media/content/wowproductimages/medium/891961.jpg,2020-09-21 19:17:24,,0,,True
b011e1e1-942d-4b72-b198-0fc188ad2968,Woolworths Supermarket,"Meat, Seafood & Deli",Jarlsberg Original Cheese Block 250g,930992,$7.70,$30.80 / 1KG,https://www.woolworths.com.au/shop/productdetails/930992/jarlsberg-original-cheese-block,https://cdn0.woolworths.media/content/wowproductimages/medium/930992.jpg,2020-09-21 19:17:24,,0,,True
c63d50c7-1f61-4a6e-a831-7f60901e5562,Woolworths Supermarket,"Meat, Seafood & Deli",D'orsogna Premium Ham Off The Bone Sliced From The Deli per kg,935656,$24.00,$24.00 / 1KG,https://www.woolworths.com.au/shop/productdetails/935656/d-orsogna-premium-ham-off-the-bone-sliced-from-the-deli,https://cdn0.woolworths.media/content/wowproductimages/medium/935656.jpg,2020-09-21 19:17:24,,0,,True
20d68e40-4f4b-43e2-8c69-74b1767d5f14,Woolworths Supermarket,"Meat, Seafood & Deli",Woolworths Cook Boneless Butterflied Chicken Greek Style 900g - 1.35kg,935707,$16.88,$12.50 / 1KG,https://www.woolworths.com.au/shop/productdetails/935707/woolworths-cook-boneless-butterflied-chicken-greek-style,https://cdn0.woolworths.media/content/wowproductimages/medium/935707.jpg,2020-09-21 19:17:24,Average product rating out of 5: 4.7. Product score is based on 561 ratings,561,,True
03545967-b048-4f9b-b82c-aabbb72dcb22,Woolworths Supermarket,"Meat, Seafood & Deli",D'orsogna Premium Ham Off The Bone Shaved From The Deli per kg,937258,$24.00,$24.00 / 1KG,https://www.woolworths.com.au/shop/productdetails/937258/d-orsogna-premium-ham-off-the-bone-shaved-from-the-deli,https://cdn0.woolworths.media/content/wowproductimages/medium/937258.jpg,2020-09-21 19:17:24,,0,,True
813f78f3-fac0-437d-a7ef-248591fa1eb9,Woolworths Supermarket,"Meat, Seafood & Deli",Castello Black Mellow Black 150g,964777,$6.00,$40.00 / 1KG,https://www.woolworths.com.au/shop/productdetails/964777/castello-black-mellow-black,https://cdn0.woolworths.media/content/wowproductimages/medium/964777.jpg,2020-09-21 19:17:24,,0,,True
285e4536-2e9e-402c-be3b-5de8307554d3,Woolworths Supermarket,"Meat, Seafood & Deli",Maggie Beer Pate Pheasant Farm 120g,006753,$7.00,$58.33 / 1KG,https://www.woolworths.com.au/shop/productdetails/6753/maggie-beer-pate-pheasant-farm,https://cdn0.woolworths.media/content/wowproductimages/medium/006753.jpg,2020-09-21 19:17:24,,0,,True
8132b159-72c7-4686-ad85-c85eee1f010c,Woolworths Supermarket,"Meat, Seafood & Deli",Portion Ling Skinned & Boned Thawed per kg,007777,$17.00,$17.00 / 1KG,https://www.woolworths.com.au/shop/productdetails/7777/portion-ling-skinned-boned-thawed,https://cdn0.woolworths.media/content/wowproductimages/medium/007777.jpg,2020-09-21 19:17:24,,0,Was $21.00kg 12/10/2017,True
5e9afa22-7962-4f05-94fb-e97b4fd3ef83,Woolworths Supermarket,"Meat, Seafood & Deli",Beak & Sons The Godfather Sausages 500g,011372,$7.50,$15.00 / 1KG,https://www.woolworths.com.au/shop/productdetails/11372/beak-sons-the-godfather-sausages,https://cdn0.woolworths.media/content/wowproductimages/medium/011372.jpg,2020-09-21 19:17:24,,0,,True
cb0405cb-4e51-4406-ab86-ddb863442802,Woolworths Supermarket,"Meat, Seafood & Deli",F Mayer Danish Fetta Cheese per kg,019080,$15.00,$15.00 / 1KG,https://www.woolworths.com.au/shop/productdetails/19080/f-mayer-danish-fetta-cheese,https://cdn0.woolworths.media/content/wowproductimages/medium/019080.jpg,2020-09-21 19:17:24,,0,,True
ba4b9845-ae2c-497a-9669-9517d09efc0e,Woolworths Supermarket,"Meat, Seafood & Deli",Woolworths Basil Pesto Pasta Salad Kit 500g,025919,$9.00,$1.80 / 100G,https://www.woolworths.com.au/shop/productdetails/25919/woolworths-basil-pesto-pasta-salad-kit,https://cdn0.woolworths.media/content/wowproductimages/medium/025919.jpg,2020-09-21 19:17:24,Average product rating out of 5: 3.8. Product score is based on 387 ratings,387,,True
688852fa-6dfb-4438-a6bf-3d67c5447602,Woolworths Supermarket,"Meat, Seafood & Deli",Woolworths Fillets Thawed Freshwater Basa 5kg,028943,$50.00,$10.00 / 1KG,https://www.woolworths.com.au/shop/productdetails/28943/woolworths-fillets-thawed-freshwater-basa,https://cdn0.woolworths.media/content/wowproductimages/medium/028943.jpg,2020-09-21 19:17:24,,0,,True
a1aa1e94-91a0-4b30-8e75-d1d5d1728c86,Woolworths Supermarket,"Meat, Seafood & Deli",Bulla Cottage Cheese Original 200g,041402,$2.00,$10.00 / 1KG,https://www.woolworths.com.au/shop/productdetails/41402/bulla-cottage-cheese-original,https://cdn0.woolworths.media/content/wowproductimages/medium/041402.jpg,2020-09-21 19:17:24,,0,,True
35b8c1a5-a4e9-46c4-855a-117bf5051631,Woolworths Supermarket,"Meat, Seafood & Deli",Woolworths Thawed Extra Large Cooked Tiger Prawns per kg,046119,$34.00,$34.00 / 1KG,https://www.woolworths.com.au/shop/productdetails/46119/woolworths-thawed-extra-large-cooked-tiger-prawns,https://cdn0.woolworths.media/content/wowproductimages/medium/046119.jpg,2020-09-21 19:17:24,,0,,True
85ff739b-f46c-4a78-b490-52639c488033,Woolworths Supermarket,"Meat, Seafood & Deli",Woolworths Smoked Fillets Cod per kg,048888,$15.00,$15.00 / 1KG,https://www.woolworths.com.au/shop/productdetails/48888/woolworths-smoked-fillets-cod,https://cdn0.woolworths.media/content/wowproductimages/medium/048888.jpg,2020-09-21 19:17:24,,0,,True
0bbceec0-d24c-4c23-a816-208af856fa34,Woolworths Supermarket,"Meat, Seafood & Deli",Maggie Beer Chicken & Bacon Pate 120g,060773,$7.00,$5.83 / 100G,https://www.woolworths.com.au/shop/productdetails/60773/maggie-beer-chicken-bacon-pate,https://cdn0.woolworths.media/content/wowproductimages/medium/060773.jpg,2020-09-21 19:17:24,,0,,True
3cd2f81c-36c3-416c-b121-78ec3fc77713,Woolworths Supermarket,"Meat, Seafood & Deli",Gourmet Chef Thai Green Curry Sauce 450g,066287,$5.00,$11.11 / 1KG,https://www.woolworths.com.au/shop/productdetails/66287/gourmet-chef-thai-green-curry-sauce,https://cdn0.woolworths.media/content/wowproductimages/medium/066287.jpg,2020-09-21 19:17:24,,0,,True
e375512a-81bf-4cba-a612-6693fee6e1d8,Woolworths Supermarket,"Meat, Seafood & Deli",Gourmet Chef Thai Red Curry Sauce 450g,066289,$5.00,$11.11 / 1KG,https://www.woolworths.com.au/shop/productdetails/66289/gourmet-chef-thai-red-curry-sauce,https://cdn0.woolworths.media/content/wowproductimages/medium/066289.jpg,2020-09-21 19:17:24,,0,,True
7535909e-6800-4c49-b57d-17481757ec54,Woolworths Supermarket,"Meat, Seafood & Deli",Thawed Garlic Marinated Prawn Skewer each,067117,$1.50,$1.50 / 1EA,https://www.woolworths.com.au/shop/productdetails/67117/thawed-garlic-marinated-prawn-skewer,https://cdn0.woolworths.media/content/wowproductimages/medium/067117.jpg,2020-09-21 19:17:24,,0,,True
422d0be0-86c5-4ac3-a139-a23fd1f7b174,Woolworths Supermarket,"Meat, Seafood & Deli",Ki Bulgarian Sheep Cheese 400g,071183,$8.00,$20.00 / 1KG,https://www.woolworths.com.au/shop/productdetails/71183/ki-bulgarian-sheep-cheese,https://cdn0.woolworths.media/content/wowproductimages/medium/071183.jpg,2020-09-21 19:17:24,,0,,True
4786cb1a-8911-4ddb-bccc-92f11e964576,Woolworths Supermarket,"Meat, Seafood & Deli",Woolworths Barramundi Thawed Fillets per kg,071587,$16.00,$16.00 / 1KG,https://www.woolworths.com.au/shop/productdetails/71587/woolworths-barramundi-thawed-fillets,https://cdn0.woolworths.media/content/wowproductimages/medium/071587.jpg,2020-09-21 19:17:24,,0,Was $20.00 12/10/2017,True
5dcbe9fe-bda6-4c18-82fb-6392c51a5b60,Woolworths Supermarket,"Meat, Seafood & Deli",Woolworths Cook Lamb Shanks With Red Wine & Rosemary 850g - 1.25kg,083111,$21.25,$17.00 / 1KG,https://www.woolworths.com.au/shop/productdetails/83111/woolworths-cook-lamb-shanks-with-red-wine-rosemary,https://cdn0.woolworths.media/content/wowproductimages/medium/083111.jpg,2020-09-21 19:17:24,Average product rating out of 5: 4.5. Product score is based on 10 ratings,10,,True
244ec376-6aa2-47bd-8735-59d7d26a82c1,Woolworths Supermarket,"Meat, Seafood & Deli",Woolworths Freshwater Basa Fillets Thawed per kg,087465,$10.00,$10.00 / 1KG,https://www.woolworths.com.au/shop/productdetails/87465/woolworths-freshwater-basa-fillets-thawed,https://cdn0.woolworths.media/content/wowproductimages/medium/087465.jpg,2020-09-21 19:17:24,,0,,True
23fdbd1d-8f8e-43f5-9157-4d1bc515708a,Woolworths Supermarket,"Meat, Seafood & Deli",Woolworths Green Banana Prawns Large Thawed per kg,096995,$20.00,$20.00 / 1KG,https://www.woolworths.com.au/shop/productdetails/96995/woolworths-green-banana-prawns-large-thawed,https://cdn0.woolworths.media/content/wowproductimages/medium/096995.jpg,2020-09-21 19:17:24,,0,,True
28116bae-2990-40e6-b238-e75502b14051,Woolworths Supermarket,"Meat, Seafood & Deli",Tidbit Foods Jamon Iberico Cebo Sliced Ham 50g,099785,$5.40,$108.00 / 1KG,https://www.woolworths.com.au/shop/productdetails/99785/tidbit-foods-jamon-iberico-cebo-sliced-ham,https://cdn0.woolworths.media/content/wowproductimages/medium/099785.jpg,2020-09-21 19:17:24,,0,,True
cb0b17a3-f1cd-4324-9a38-0c8de5b64630,Woolworths Supermarket,"Meat, Seafood & Deli",Primo Microwave Bacon 120g,100137,$9.50,$79.17 / 1KG,https://www.woolworths.com.au/shop/productdetails/100137/primo-microwave-bacon,https://cdn0.woolworths.media/content/wowproductimages/medium/100137.jpg,2020-09-21 19:17:24,,0,,True
4ab52c77-f105-44ae-8184-ea69835a6a2f,Woolworths Supermarket,"Meat, Seafood & Deli",Miguel Maestre Free Range Salami 100g,100930,$7.00,$70.00 / 1KG,https://www.woolworths.com.au/shop/productdetails/100930/miguel-maestre-free-range-salami,https://cdn0.woolworths.media/content/wowproductimages/medium/100930.jpg,2020-09-21 19:17:24,,0,,True
7ec247af-57b4-455a-8157-c5984555ef7c,Woolworths Supermarket,"Meat, Seafood & Deli",D'orsogna Premium Lightly Smoked Turkey 80g,101397,$3.70,$46.25 / 1KG,https://www.woolworths.com.au/shop/productdetails/101397/d-orsogna-premium-lightly-smoked-turkey,https://cdn0.woolworths.media/content/wowproductimages/medium/101397.jpg,2020-09-21 19:17:24,,0,,True
e7af4539-019f-4faa-9531-1427a478256a,Woolworths Supermarket,"Meat, Seafood & Deli",San Marino Artisan Chorizo Salami 250g,102825,$10.00,$40.00 / 1KG,https://www.woolworths.com.au/shop/productdetails/102825/san-marino-artisan-chorizo-salami,https://cdn0.woolworths.media/content/wowproductimages/medium/102825.jpg,2020-09-21 19:17:24,,0,,True
3495a37a-635f-44d4-bc21-57dadf87deaa,Woolworths Supermarket,"Meat, Seafood & Deli",San Marino Italian Style Mild Salami Cacciatore 250g,103713,$10.00,$40.00 / 1KG,https://www.woolworths.com.au/shop/productdetails/103713/san-marino-italian-style-mild-salami-cacciatore,https://cdn0.woolworths.media/content/wowproductimages/medium/103713.jpg,2020-09-21 19:17:24,,0,,True
14e48bd2-43b5-4c32-92e6-36885f6c479d,Woolworths Supermarket,"Meat, Seafood & Deli",Woolworths Aussie Beef Gluten Free Sausage Mince 500g,109099,$4.50,$9.00 / 1KG,https://www.woolworths.com.au/shop/productdetails/109099/woolworths-aussie-beef-gluten-free-sausage-mince,https://cdn0.woolworths.media/content/wowproductimages/medium/109099.jpg,2020-09-21 19:17:24,,0,,True
0b6b7ddc-8034-4050-b5f6-79a6bcd5f088,Woolworths Supermarket,"Meat, Seafood & Deli",Woolworths Thawed Squid Tubes per kg,130482,$18.00,$18.00 / 1KG,https://www.woolworths.com.au/shop/productdetails/130482/woolworths-thawed-squid-tubes,https://cdn0.woolworths.media/content/wowproductimages/medium/130482.jpg,2020-09-21 19:17:24,,0,,True
a9f2e01f-b6e9-42bc-b4b2-f0eba03d05da,Woolworths Supermarket,"Meat, Seafood & Deli",Woolworths Corned Beef Silverside 1.1kg - 2.4kg,148345,$19.20,$8.00 / 1KG,https://www.woolworths.com.au/shop/productdetails/148345/woolworths-corned-beef-silverside,https://cdn0.woolworths.media/content/wowproductimages/medium/148345.jpg,2020-09-21 19:17:24,Average product rating out of 5: 4.6. Product score is based on 369 ratings,369,Was $9.00kg 25/02/2020,True
06a46ccc-f762-49c2-8260-eb6f75303c70,Woolworths Supermarket,"Meat, Seafood & Deli",Peppercorn Beef Sausages Extra Lean 450g,178143,$8.50,$18.89 / 1KG,https://www.woolworths.com.au/shop/productdetails/178143/peppercorn-beef-sausages-extra-lean,https://cdn0.woolworths.media/content/wowproductimages/medium/178143.jpg,2020-09-21 19:17:24,,0,,True
89303a90-d0ce-4eac-991a-8d98ab6ed91d,Woolworths Supermarket,"Meat, Seafood & Deli",Lemnos Paneer Cheese 200g,185281,$6.90,$34.50 / 1KG,https://www.woolworths.com.au/shop/productdetails/185281/lemnos-paneer-cheese,https://cdn0.woolworths.media/content/wowproductimages/medium/185281.jpg,2020-09-21 19:17:24,,0,,True
440260f6-ee3c-4150-a041-9e497b01cd7d,Woolworths Supermarket,"Meat, Seafood & Deli",Don Kransky Cheese 300g,261241,$9.00,$30.00 / 1KG,https://www.woolworths.com.au/shop/productdetails/261241/don-kransky-cheese,https://cdn0.woolworths.media/content/wowproductimages/medium/261241.jpg,2020-09-21 19:17:24,,0,,True
5925dae6-72cc-4aea-87e0-4dfb3b652347,Woolworths Supermarket,"Meat, Seafood & Deli",Lemnos Organic Halloumi Cheese 180g,287053,$7.50,$41.67 / 1KG,https://www.woolworths.com.au/shop/productdetails/287053/lemnos-organic-halloumi-cheese,https://cdn0.woolworths.media/content/wowproductimages/medium/287053.jpg,2020-09-21 19:17:24,,0,,True
4a75f6b3-f0e4-4038-b8a6-2e8b624f8604,Woolworths Supermarket,"Meat, Seafood & Deli",Dodoni Greek Feta Cheese 400g,328103,$12.00,$30.00 / 1KG,https://www.woolworths.com.au/shop/productdetails/328103/dodoni-greek-feta-cheese,https://cdn0.woolworths.media/content/wowproductimages/medium/328103.jpg,2020-09-21 19:17:24,,0,,True
fba38ddc-d1ff-4f34-bfd1-67bf434752a9,Woolworths Supermarket,"Meat, Seafood & Deli",Chicken Breast Schnitzel Crumbed Honey Mustard each,352635,$1.50,$1.50 / 1EA,https://www.woolworths.com.au/shop/productdetails/352635/chicken-breast-schnitzel-crumbed-honey-mustard,https://cdn0.woolworths.media/content/wowproductimages/medium/352635.jpg,2020-09-21 19:17:24,,0,,True
2ddfdc6c-f458-49c5-b959-588c5cf615b2,Woolworths Supermarket,"Meat, Seafood & Deli",Dodoni Fetta Goats Cheese 200g,360586,$6.00,$30.00 / 1KG,https://www.woolworths.com.au/shop/productdetails/360586/dodoni-fetta-goats-cheese,https://cdn0.woolworths.media/content/wowproductimages/medium/360586.jpg,2020-09-21 19:17:24,,0,Was $7.00 18/09/2017,True
98d7adf2-0aa6-4b80-8df3-d6c34a56e90d,Woolworths Supermarket,"Meat, Seafood & Deli",Bulla Cottage Cheese Plain Cheese 500g,360847,$5.30,$10.60 / 1KG,https://www.woolworths.com.au/shop/productdetails/360847/bulla-cottage-cheese-plain-cheese,https://cdn0.woolworths.media/content/wowproductimages/medium/360847.jpg,2020-09-21 19:17:24,,0,,True
aab75657-ed69-4a98-b1d8-82015193233e,Woolworths Supermarket,"Meat, Seafood & Deli",D'orsogna 100% Natural Premium Unsmoked Sliced Ham 200g,434114,$5.50,$27.50 / 1KG,https://www.woolworths.com.au/shop/productdetails/434114/d-orsogna-100-natural-premium-unsmoked-sliced-ham,https://cdn0.woolworths.media/content/wowproductimages/medium/434114.jpg,2020-09-21 19:17:24,,0,,True
af8f1c01-bc86-448c-9341-e75e468962de,Woolworths Supermarket,"Meat, Seafood & Deli",Tasmanian Heritage Camembert Cheese Snack 80g,527275,$3.50,$43.75 / 1KG,https://www.woolworths.com.au/shop/productdetails/527275/tasmanian-heritage-camembert-cheese-snack,https://cdn0.woolworths.media/content/wowproductimages/medium/527275.jpg,2020-09-21 19:17:24,,0,3 for $9.00 $37.50/1KG,True
ae3bac09-9d62-4ea5-a8fa-5d1b4729737d,Woolworths Supermarket,"Meat, Seafood & Deli",D'orsogna Prosciutto 100g,546295,$6.00,$60.00 / 1KG,https://www.woolworths.com.au/shop/productdetails/546295/d-orsogna-prosciutto,https://cdn0.woolworths.media/content/wowproductimages/medium/546295.jpg,2020-09-21 19:17:24,,0,,True
1735c161-76c4-47a7-8dd9-604b995b0839,Woolworths Supermarket,"Meat, Seafood & Deli",Woolworths Lean Pork Mince 500g,582608,$5.50,$11.00 / 1KG,https://www.woolworths.com.au/shop/productdetails/582608/woolworths-lean-pork-mince,https://cdn0.woolworths.media/content/wowproductimages/medium/582608.jpg,2020-09-21 19:17:24,,0,Was $6.50 11/02/2020,True
c3c145a2-9252-4f0d-9ac1-a8ba15271ce1,Woolworths Supermarket,"Meat, Seafood & Deli",Thawed Marinara Mix per kg,593307,$12.00,$12.00 / 1KG,https://www.woolworths.com.au/shop/productdetails/593307/thawed-marinara-mix,https://cdn0.woolworths.media/content/wowproductimages/medium/593307.jpg,2020-09-21 19:17:24,,0,,True
861c4f71-030f-4c36-8564-93bdb0ca69c5,Woolworths Supermarket,"Meat, Seafood & Deli",Dodoni Cypriot Halloumi 225g,627367,$7.00,$31.11 / 1KG,https://www.woolworths.com.au/shop/productdetails/627367/dodoni-cypriot-halloumi,https://cdn0.woolworths.media/content/wowproductimages/medium/627367.jpg,2020-09-21 19:17:24,,0,,True
e36de887-e03c-4fc9-b05e-e3695fe083b4,Woolworths Supermarket,"Meat, Seafood & Deli",Tuckers Fruit Paste Caramelised Fig 100g,636060,$5.00,$50.00 / 1KG,https://www.woolworths.com.au/shop/productdetails/636060/tuckers-fruit-paste-caramelised-fig,https://cdn0.woolworths.media/content/wowproductimages/medium/636060.jpg,2020-09-21 19:17:24,,0,,True
5085cfb7-737e-4961-9f31-4cb8d9761a06,Woolworths Supermarket,"Meat, Seafood & Deli",Don Premium Double Smoked Pan Size Bacon 200g,658539,$6.30,$31.50 / 1KG,https://www.woolworths.com.au/shop/productdetails/658539/don-premium-double-smoked-pan-size-bacon,https://cdn0.woolworths.media/content/wowproductimages/medium/658539.jpg,2020-09-21 19:17:24,,0,,True
27988efb-5d0a-4463-a21b-66900d13690a,Woolworths Supermarket,"Meat, Seafood & Deli",Woolworths Diced Beef Heart Smart 500g,675482,$10.00,$20.00 / 1KG,https://www.woolworths.com.au/shop/productdetails/675482/woolworths-diced-beef-heart-smart,https://cdn0.woolworths.media/content/wowproductimages/medium/675482.jpg,2020-09-21 19:17:24,,0,,True
46b3b316-f66f-4f7e-b16c-ccdd457cbe4c,Woolworths Supermarket,"Meat, Seafood & Deli",The British Sausage Co Raw Smoked Rindless Back Bacon 200g,693435,$7.00,$35.00 / 1KG,https://www.woolworths.com.au/shop/productdetails/693435/the-british-sausage-co-raw-smoked-rindless-back-bacon,https://cdn0.woolworths.media/content/wowproductimages/medium/693435.jpg,2020-09-21 19:17:24,,0,,True
45b8c723-a532-47c7-93e9-9eb6466cc9fc,Woolworths Supermarket,"Meat, Seafood & Deli",Lemnos Haloumi 2 pack,696277,$7.50,$37.50 / 1KG,https://www.woolworths.com.au/shop/productdetails/696277/lemnos-haloumi,https://cdn0.woolworths.media/content/wowproductimages/medium/696277.jpg,2020-09-21 19:17:24,,0,,True
881bb757-1d05-4e43-8903-5be8d7809d31,Woolworths Supermarket,"Meat, Seafood & Deli",Alambra Cypriot Halloumi 225g,702566,$6.50,$28.89 / 1KG,https://www.woolworths.com.au/shop/productdetails/702566/alambra-cypriot-halloumi,https://cdn0.woolworths.media/content/wowproductimages/medium/702566.jpg,2020-09-21 19:17:24,,0,,True
8b509dd6-9ace-4acf-9845-b38ecaf6a1a1,Woolworths Supermarket,"Meat, Seafood & Deli",Lemnos Haloumi Cheese 600g,730180,$17.00,$28.33 / 1KG,https://www.woolworths.com.au/shop/productdetails/730180/lemnos-haloumi-cheese,https://cdn0.woolworths.media/content/wowproductimages/medium/730180.jpg,2020-09-21 19:17:24,,0,,True
412442e3-80e6-45c5-8b2b-b25b4af00bdf,Woolworths Supermarket,"Meat, Seafood & Deli",Maggie Beer Pate Duck & Orange 120g,740484,$7.00,$58.33 / 1KG,https://www.woolworths.com.au/shop/productdetails/740484/maggie-beer-pate-duck-orange,https://cdn0.woolworths.media/content/wowproductimages/medium/740484.jpg,2020-09-21 19:17:24,,0,,True
00a3fd7c-8bbb-4eb5-a8cc-e804c47753ae,Woolworths Supermarket,"Meat, Seafood & Deli",D'orsogna Deli Fresh Spicy Chorizo Salami 80g,744022,$3.70,$46.25 / 1KG,https://www.woolworths.com.au/shop/productdetails/744022/d-orsogna-deli-fresh-spicy-chorizo-salami,https://cdn0.woolworths.media/content/wowproductimages/medium/744022.jpg,2020-09-21 19:17:24,,0,,True
ef419aec-7b6a-4b1a-862b-36bc5d54b4c4,Woolworths Supermarket,"Meat, Seafood & Deli",Brancourts Cottage Cheese Classic 500g,757009,$6.00,$12.00 / 1KG,https://www.woolworths.com.au/shop/productdetails/757009/brancourts-cottage-cheese-classic,https://cdn0.woolworths.media/content/wowproductimages/medium/757009.jpg,2020-09-21 19:17:24,,0,,True
68306e01-be70-4d0f-a082-818e9bc06158,Woolworths Supermarket,"Meat, Seafood & Deli",Woolworths Beef Bolar Blade Roast 1.1kg - 2.7kg,764567,$32.40,$12.00 / 1KG,https://www.woolworths.com.au/shop/productdetails/764567/woolworths-beef-bolar-blade-roast,https://cdn0.woolworths.media/content/wowproductimages/medium/764567.jpg,2020-09-21 19:17:24,,0,,True
c66b9ee9-a063-4835-8172-e5f906cf605a,Woolworths Supermarket,"Meat, Seafood & Deli",Ocean Chef Tuna Yellowfin Tuna Steaks 1kg,782001,$25.00,$25.00 / 1KG,https://www.woolworths.com.au/shop/productdetails/782001/ocean-chef-tuna-yellowfin-tuna-steaks,https://cdn0.woolworths.media/content/wowproductimages/medium/782001.jpg,2020-09-21 19:17:24,,0,Was $28.99 22/08/2016,True
a4f85de9-5d0c-477e-9af0-90093c6e3b2a,Woolworths Supermarket,"Meat, Seafood & Deli",Ocean Chef Fish King Snapper Portions 1kg,794638,$25.00,$25.00 / 1KG,https://www.woolworths.com.au/shop/productdetails/794638/ocean-chef-fish-king-snapper-portions,https://cdn0.woolworths.media/content/wowproductimages/medium/794638.jpg,2020-09-21 19:17:24,,0,Was $29.99 22/08/2016,True
00fe7387-56c5-45dc-912f-6b637cac2c4d,Woolworths Supermarket,"Meat, Seafood & Deli",Ocean Blue Cocktail Prawns 180g,795805,$10.00,$55.56 / 1KG,https://www.woolworths.com.au/shop/productdetails/795805/ocean-blue-cocktail-prawns,https://cdn0.woolworths.media/content/wowproductimages/medium/795805.jpg,2020-09-21 19:17:24,,0,,True
eb2d8bc3-004b-45b4-8843-3c561295edaf,Woolworths Supermarket,"Meat, Seafood & Deli",Gourmet Chef Marinara Sauce 450g,802908,$5.00,$11.11 / 1KG,https://www.woolworths.com.au/shop/productdetails/802908/gourmet-chef-marinara-sauce,https://cdn0.woolworths.media/content/wowproductimages/medium/802908.jpg,2020-09-21 19:17:24,,0,,True
43dffc7d-459c-46d0-9b7d-39e6c59f28f7,Woolworths Supermarket,"Meat, Seafood & Deli",Woolworths Pork Sausage 600g,820810,$5.50,$9.17 / 1KG,https://www.woolworths.com.au/shop/productdetails/820810/woolworths-pork-sausage,https://cdn0.woolworths.media/content/wowproductimages/medium/820810.jpg,2020-09-21 19:17:24,Average product rating out of 5: 4.4. Product score is based on 371 ratings,371,2 for $10.00 $8.33/1KG,True
20bf49c2-e911-4509-8eba-7a13f8721b79,Woolworths Supermarket,"Meat, Seafood & Deli",Freshwater Basa Fillets Teriyaki Ginger per kg,859281,$10.00,$10.00 / 1KG,https://www.woolworths.com.au/shop/productdetails/859281/freshwater-basa-fillets-teriyaki-ginger,https://cdn0.woolworths.media/content/wowproductimages/medium/859281.jpg,2020-09-21 19:17:24,,0,,True
e2a11545-78ae-4752-9fc9-513123aa3d00,Woolworths Supermarket,"Meat, Seafood & Deli",Thawed Marinara Mix Teriyaki Ginger per kg,859282,$12.00,$12.00 / 1KG,https://www.woolworths.com.au/shop/productdetails/859282/thawed-marinara-mix-teriyaki-ginger,https://cdn0.woolworths.media/content/wowproductimages/medium/859282.jpg,2020-09-21 19:17:24,,0,,True
66b30db6-1614-4c2b-bafa-d0b3c050ac8b,Woolworths Supermarket,"Meat, Seafood & Deli",Thawed Barramundi Fillets Teriyaki Ginger per kg,859284,$16.00,$16.00 / 1KG,https://www.woolworths.com.au/shop/productdetails/859284/thawed-barramundi-fillets-teriyaki-ginger,https://cdn0.woolworths.media/content/wowproductimages/medium/859284.jpg,2020-09-21 19:17:24,,0,,True
2d709ed4-f155-48d6-8a71-038cbd056464,Woolworths Supermarket,"Meat, Seafood & Deli",Thawed Ling Fillets Teriyaki Ginger per kg,859300,$17.00,$17.00 / 1KG,https://www.woolworths.com.au/shop/productdetails/859300/thawed-ling-fillets-teriyaki-ginger,https://cdn0.woolworths.media/content/wowproductimages/medium/859300.jpg,2020-09-21 19:17:24,,0,,True
a6603e08-fc58-46cb-a286-6e07c42e79d2,Woolworths Supermarket,"Meat, Seafood & Deli",Don Salami Hungarian Mild 180g,023064,$6.40,$35.56 / 1KG,https://www.woolworths.com.au/shop/productdetails/23064/don-salami-hungarian-mild,https://cdn0.woolworths.media/content/wowproductimages/medium/023064.jpg,2020-09-21 19:17:24,,0,,True
07719a7a-ac90-4130-9db7-33c824deb7ca,Woolworths Supermarket,"Meat, Seafood & Deli",Don Salami Danish Mild Sliced 180g,023108,$6.40,$35.56 / 1KG,https://www.woolworths.com.au/shop/productdetails/23108/don-salami-danish-mild-sliced,https://cdn0.woolworths.media/content/wowproductimages/medium/023108.jpg,2020-09-21 19:17:24,,0,,True
28e322c7-b6bc-484d-8b6f-bc8f8a92569d,Woolworths Supermarket,"Meat, Seafood & Deli",Obela Deli Style Feta Balsamic Beetroot & Cashews 200g,066088,$5.00,$2.50 / 100G,https://www.woolworths.com.au/shop/productdetails/66088/obela-deli-style-feta-balsamic-beetroot-cashews,https://cdn0.woolworths.media/content/wowproductimages/medium/066088.jpg,2020-09-21 19:17:24,,0,,True
4aae9383-e11f-46ca-86f2-1d7ed9fb6e64,Woolworths Supermarket,"Meat, Seafood & Deli",Hedy's Veggie Burger each,099446,$1.99,$1.99 / 1EA,https://www.woolworths.com.au/shop/productdetails/99446/hedy-s-veggie-burger,https://cdn0.woolworths.media/content/wowproductimages/medium/099446.jpg,2020-09-21 19:17:24,,0,,True
96135adc-c9cb-4e2d-8c68-1943a5ea3ade,Woolworths Supermarket,"Meat, Seafood & Deli",Ingham's Quick Cook Crumbed Southern Style Tenders 440g,248019,$9.00,$20.45 / 1KG,https://www.woolworths.com.au/shop/productdetails/248019/ingham-s-quick-cook-crumbed-southern-style-tenders,https://cdn0.woolworths.media/content/wowproductimages/medium/248019.jpg,2020-09-21 19:17:24,,0,,True
db29e5b5-4db3-4a25-990d-f544358b18d1,Woolworths Supermarket,"Meat, Seafood & Deli",Woolworths Cook Butterflied Lamb Leg With Garlic & Herbs 750g - 1.4kg,321141,$28.00,$20.00 / 1KG,https://www.woolworths.com.au/shop/productdetails/321141/woolworths-cook-butterflied-lamb-leg-with-garlic-herbs,https://cdn0.woolworths.media/content/wowproductimages/medium/321141.jpg,2020-09-21 19:17:24,Average product rating out of 5: 4.6. Product score is based on 295 ratings,295,Was $23.00kg 03/03/2020,True
090b39c9-841a-452a-ac65-72c08f880087,Woolworths Supermarket,"Meat, Seafood & Deli",Luv-a-duck Fresh Whole Duck 1.9kg - 2.4kg,476068,$25.20,$10.50 / 1KG,https://www.woolworths.com.au/shop/productdetails/476068/luv-a-duck-fresh-whole-duck,https://cdn0.woolworths.media/content/wowproductimages/medium/476068.jpg,2020-09-21 19:17:24,,0,,True
1284ee30-783f-498c-84b0-5c8c90729d75,Woolworths Supermarket,"Meat, Seafood & Deli",Woolworths Semi Dried Tomatoes Mediterranean Herbs per kg,477040,$26.00,$26.00 / 1KG,https://www.woolworths.com.au/shop/productdetails/477040/woolworths-semi-dried-tomatoes-mediterranean-herbs,https://cdn0.woolworths.media/content/wowproductimages/medium/477040.jpg,2020-09-21 19:17:24,Average product rating out of 5: 4.5. Product score is based on 233 ratings,233,,True
4c172cc0-ebe3-418a-ab41-9379f446f490,Woolworths Supermarket,"Meat, Seafood & Deli",Hans Pepperilli Salami 200g,554515,$7.30,$36.50 / 1KG,https://www.woolworths.com.au/shop/productdetails/554515/hans-pepperilli-salami,https://cdn0.woolworths.media/content/wowproductimages/medium/554515.jpg,2020-09-21 19:17:24,,0,,True
7ff6ac50-01e2-436d-8ac2-9718de4b6170,Woolworths Supermarket,"Meat, Seafood & Deli",Cleaver's Organic Beef Hot Dogs 275g,608981,$8.50,$30.91 / 1KG,https://www.woolworths.com.au/shop/productdetails/608981/cleaver-s-organic-beef-hot-dogs,https://cdn0.woolworths.media/content/wowproductimages/medium/608981.jpg,2020-09-21 19:17:24,,0,,True
ab54d9f2-2872-4529-a8dd-880eacf3ee44,Woolworths Supermarket,"Meat, Seafood & Deli",Luv-a-duck Peking Duck Pancake Kit 560g,609710,$17.50,$31.25 / 1KG,https://www.woolworths.com.au/shop/productdetails/609710/luv-a-duck-peking-duck-pancake-kit,https://cdn0.woolworths.media/content/wowproductimages/medium/609710.jpg,2020-09-21 19:17:24,,0,Was $19.50 25/02/2019,True
60e0119b-4e53-426a-b581-5717e3f291a5,Woolworths Supermarket,"Meat, Seafood & Deli",Cracker Barrel Infused Maple 130g,682810,$5.15,$39.62 / 1KG,https://www.woolworths.com.au/shop/productdetails/682810/cracker-barrel-infused-maple,https://cdn0.woolworths.media/content/wowproductimages/medium/682810.jpg,2020-09-21 19:17:24,,0,,True
f3b3773b-1f88-4a7d-92c0-8d7eaa6f88b1,Woolworths Supermarket,"Meat, Seafood & Deli",Cracker Barrel Infused Cracked Pepper 130g,682911,$5.15,$39.62 / 1KG,https://www.woolworths.com.au/shop/productdetails/682911/cracker-barrel-infused-cracked-pepper,https://cdn0.woolworths.media/content/wowproductimages/medium/682911.jpg,2020-09-21 19:17:24,,0,,True
3f54bc32-7ba8-49c7-8c43-b040c612cd8d,Woolworths Supermarket,"Meat, Seafood & Deli",Cracker Barrel Infused Smoked 130g,682921,$5.15,$39.62 / 1KG,https://www.woolworths.com.au/shop/productdetails/682921/cracker-barrel-infused-smoked,https://cdn0.woolworths.media/content/wowproductimages/medium/682921.jpg,2020-09-21 19:17:24,,0,,True
67aed6d4-bd82-456f-8d6c-4e8cb443dbcf,Woolworths Supermarket,"Meat, Seafood & Deli",Macro Chicken Lovely Legs Free Range 500g - 800g,700257,$8.40,$10.50 / 1KG,https://www.woolworths.com.au/shop/productdetails/700257/macro-chicken-lovely-legs-free-range,https://cdn0.woolworths.media/content/wowproductimages/medium/700257.jpg,2020-09-21 19:17:24,Average product rating out of 5: 4.5. Product score is based on 383 ratings,383,,True
dc5c61b8-c668-46fc-9238-9fec6297accd,Woolworths Supermarket,"Meat, Seafood & Deli",Brancourts Cottage Cheese Protein 250g,757107,$5.00,$20.00 / 1KG,https://www.woolworths.com.au/shop/productdetails/757107/brancourts-cottage-cheese-protein,https://cdn0.woolworths.media/content/wowproductimages/medium/757107.jpg,2020-09-21 19:17:24,,0,,True
52492b33-93eb-41a1-9016-34444cac5e1a,Woolworths Supermarket,"Meat, Seafood & Deli",Woolworths Beef Sausages Thick 760g,765075,$6.00,$7.89 / 1KG,https://www.woolworths.com.au/shop/productdetails/765075/woolworths-beef-sausages-thick,https://cdn0.woolworths.media/content/wowproductimages/medium/765075.jpg,2020-09-21 19:17:24,,0,,True
87d67b95-4e6c-4e61-a38c-d5632bf5b22a,Woolworths Supermarket,"Meat, Seafood & Deli",Macro Free Range Chicken Boomerang Wings 700g - 950g,792933,$9.03,$9.50 / 1KG,https://www.woolworths.com.au/shop/productdetails/792933/macro-free-range-chicken-boomerang-wings,https://cdn0.woolworths.media/content/wowproductimages/medium/792933.jpg,2020-09-21 19:17:24,,0,,True
c5abb4ae-7fbb-41e9-a215-a572a915ec12,Woolworths Supermarket,"Meat, Seafood & Deli",K-roo Kangaroo Diced 500g,799575,$9.40,$18.80 / 1KG,https://www.woolworths.com.au/shop/productdetails/799575/k-roo-kangaroo-diced,https://cdn0.woolworths.media/content/wowproductimages/medium/799575.jpg,2020-09-21 19:17:24,,0,,True
1919e721-5940-4c66-b5d4-69ae920f0f66,Woolworths Supermarket,"Meat, Seafood & Deli",From The Deli Beretta Italian Prosciutto Di Parma Freshly Sliced per kg,801197,$55.00,$55.00 / 1KG,https://www.woolworths.com.au/shop/productdetails/801197/from-the-deli-beretta-italian-prosciutto-di-parma-freshly-sliced,https://cdn0.woolworths.media/content/wowproductimages/medium/801197.jpg,2020-09-21 19:17:24,,0,,True
61a23863-31e8-4244-9576-19f15fd9ab26,Woolworths Supermarket,"Meat, Seafood & Deli",Arlingtons Thai Chilli Hommus Snack Pot 95g,804277,$2.49,$2.62 / 100G,https://www.woolworths.com.au/shop/productdetails/804277/arlingtons-thai-chilli-hommus-snack-pot,https://cdn0.woolworths.media/content/wowproductimages/medium/804277.jpg,2020-09-21 19:17:24,,0,,True
41963a29-5366-48b9-bcae-dacc71851ed1,Woolworths Supermarket,"Meat, Seafood & Deli",Arlingtons Beetroot Hommus Snack Pot 95g,804278,$2.49,$2.62 / 100G,https://www.woolworths.com.au/shop/productdetails/804278/arlingtons-beetroot-hommus-snack-pot,https://cdn0.woolworths.media/content/wowproductimages/medium/804278.jpg,2020-09-21 19:17:24,,0,,True
a6a721ee-df3f-44e9-a83f-53c04e50c08e,Woolworths Supermarket,"Meat, Seafood & Deli",Arlingtons Classic Hommus Snack Pot 95g,804281,$2.49,$2.62 / 100G,https://www.woolworths.com.au/shop/productdetails/804281/arlingtons-classic-hommus-snack-pot,https://cdn0.woolworths.media/content/wowproductimages/medium/804281.jpg,2020-09-21 19:17:24,,0,,True
e69166e9-0930-48ae-bd2b-dd7e6abb537f,Woolworths Supermarket,"Meat, Seafood & Deli",Steggles Chicken Breast Schnitzel Panko & Quinoa 600g,824912,$8.00,$13.33 / 1KG,https://www.woolworths.com.au/shop/productdetails/824912/steggles-chicken-breast-schnitzel-panko-quinoa,https://cdn0.woolworths.media/content/wowproductimages/medium/824912.jpg,2020-09-21 19:17:24,,0,,True
fcfdd0df-7ca1-40d3-9714-9bdd132e7be6,Woolworths Supermarket,"Meat, Seafood & Deli",Cleaver's Organic Paleo Beef Sausages 450g,892475,,,https://www.woolworths.com.au/shop/productdetails/892475/cleaver-s-organic-paleo-beef-sausages,https://cdn0.woolworths.media/content/wowproductimages/medium/892475.jpg,2020-09-21 19:17:24,,0,,False
5fd6175a-fb51-44ed-a98e-5439e78cf829,Woolworths Supermarket,"Meat, Seafood & Deli",Fresh Tasmanian Atlantic Skin On Salmon 2.5kg,005274,$65.00,,https://www.woolworths.com.au/shop/productdetails/5274/fresh-tasmanian-atlantic-skin-on-salmon,https://cdn0.woolworths.media/content/wowproductimages/medium/005274.jpg,2020-09-21 19:17:24,,0,,True
889800a3-ebfc-48c7-89b4-a384467bdef0,Woolworths Supermarket,"Meat, Seafood & Deli",The Cheese Board Persian Fetta per kg,007344,$30.00,$30.00 / 1KG,https://www.woolworths.com.au/shop/productdetails/7344/the-cheese-board-persian-fetta,https://cdn0.woolworths.media/content/wowproductimages/medium/007344.jpg,2020-09-21 19:17:24,,0,,True
f701453e-96e1-45be-89cf-0cc057be8543,Woolworths Supermarket,"Meat, Seafood & Deli",Greek Family Farm Organic Greek Feta 200g,023218,$6.50,$32.50 / 1KG,https://www.woolworths.com.au/shop/productdetails/23218/greek-family-farm-organic-greek-feta,https://cdn0.woolworths.media/content/wowproductimages/medium/023218.jpg,2020-09-21 19:17:24,,0,,True
36f61078-7428-4c12-999d-ced69f3c3a66,Woolworths Supermarket,"Meat, Seafood & Deli",Maggie Beer Aged Vintage Cheddar 250g,023974,$8.50,$34.00 / 1KG,https://www.woolworths.com.au/shop/productdetails/23974/maggie-beer-aged-vintage-cheddar,https://cdn0.woolworths.media/content/wowproductimages/medium/023974.jpg,2020-09-21 19:17:24,,0,,True
4fcf3e5f-9927-414f-a836-b79dea29963c,Woolworths Supermarket,"Meat, Seafood & Deli",Woolworths Grass Fed Beef Burger 500g,054114,$7.00,$14.00 / 1KG,https://www.woolworths.com.au/shop/productdetails/54114/woolworths-grass-fed-beef-burger,https://cdn0.woolworths.media/content/wowproductimages/medium/054114.jpg,2020-09-21 19:17:24,,0,,True
d05d3ef4-ba86-4fa3-a725-86f9e9a1a1ba,Woolworths Supermarket,"Meat, Seafood & Deli",Lateria Soresina Gran Parmigiano Reggiano 250g,066804,$7.00,$28.00 / 1KG,https://www.woolworths.com.au/shop/productdetails/66804/lateria-soresina-gran-parmigiano-reggiano,https://cdn0.woolworths.media/content/wowproductimages/medium/066804.jpg,2020-09-21 19:17:24,,0,,True
9e9ceb92-5c75-495b-8054-33899fa7cf78,Woolworths Supermarket,"Meat, Seafood & Deli",Lateria Soresina Gran Soresina Grana Padano 250g,066985,$6.20,$24.80 / 1KG,https://www.woolworths.com.au/shop/productdetails/66985/lateria-soresina-gran-soresina-grana-padano,https://cdn0.woolworths.media/content/wowproductimages/medium/066985.jpg,2020-09-21 19:17:24,,0,,True
b7e27ec2-2d4a-482e-816c-b8e83f0d9ed2,Woolworths Supermarket,"Meat, Seafood & Deli",Vega Spanish Truffle Cheese 150g,094434,$8.00,$53.33 / 1KG,https://www.woolworths.com.au/shop/productdetails/94434/vega-spanish-truffle-cheese,https://cdn0.woolworths.media/content/wowproductimages/medium/094434.jpg,2020-09-21 19:17:24,,0,,True
ef3ac701-4eb2-4ec4-9f58-a4f83ade33f6,Woolworths Supermarket,"Meat, Seafood & Deli",Salmon Tasmanian Atlantic Fillets Skin On per kg,095171,$27.00,$27.00 / 1KG,https://www.woolworths.com.au/shop/productdetails/95171/salmon-tasmanian-atlantic-fillets-skin-on,https://cdn0.woolworths.media/content/wowproductimages/medium/095171.jpg,2020-09-21 19:17:24,,0,,True
78a05029-31c3-4678-939f-bbda2f93a4f6,Woolworths Supermarket,"Meat, Seafood & Deli",Maggie Beer Truffle Triple Cream Brie 200g,095422,$9.50,$47.50 / 1KG,https://www.woolworths.com.au/shop/productdetails/95422/maggie-beer-truffle-triple-cream-brie,https://cdn0.woolworths.media/content/wowproductimages/medium/095422.jpg,2020-09-21 19:17:24,,0,,True
7bdb98ab-aeac-4f8a-a706-d1d835549840,Woolworths Supermarket,"Meat, Seafood & Deli",Zanetti Parmigiano Reggiano 200g,097938,$12.00,$60.00 / 1KG,https://www.woolworths.com.au/shop/productdetails/97938/zanetti-parmigiano-reggiano,https://cdn0.woolworths.media/content/wowproductimages/medium/097938.jpg,2020-09-21 19:17:24,,0,,True
454a776e-795b-4a0e-bc46-b177b25dc16b,Woolworths Supermarket,"Meat, Seafood & Deli",Hans Spanish Style Tapas 100g,099833,$7.00,$70.00 / 1KG,https://www.woolworths.com.au/shop/productdetails/99833/hans-spanish-style-tapas,https://cdn0.woolworths.media/content/wowproductimages/medium/099833.jpg,2020-09-21 19:17:24,,0,,True
7eb2a2ba-58e7-4291-a10b-44a4855a4a78,Woolworths Supermarket,"Meat, Seafood & Deli",King Island Lighthouse Blue Brie Cheese 200g,217927,$12.60,$63.00 / 1KG,https://www.woolworths.com.au/shop/productdetails/217927/king-island-lighthouse-blue-brie-cheese,https://cdn0.woolworths.media/content/wowproductimages/medium/217927.jpg,2020-09-21 19:17:24,,0,,True
9179bcb1-bf14-4f20-8e58-30e473171bd5,Woolworths Supermarket,"Meat, Seafood & Deli",Tasmanian Heritage Double Brie Cheese 140g,218704,$6.00,$42.86 / 1KG,https://www.woolworths.com.au/shop/productdetails/218704/tasmanian-heritage-double-brie-cheese,https://cdn0.woolworths.media/content/wowproductimages/medium/218704.jpg,2020-09-21 19:17:24,,0,,True
15a0acba-2a26-4cf8-8f0e-5d75f161ad0d,Woolworths Supermarket,"Meat, Seafood & Deli",Tasmanian Heritage Camembert Cheese 140g,218705,$6.00,$42.86 / 1KG,https://www.woolworths.com.au/shop/productdetails/218705/tasmanian-heritage-camembert-cheese,https://cdn0.woolworths.media/content/wowproductimages/medium/218705.jpg,2020-09-21 19:17:24,,0,,True
95a82f76-de66-47ea-bfa7-fb6716c6d435,Woolworths Supermarket,"Meat, Seafood & Deli",Woolworths Beef Brisket Bones 1kg - 1.65kg,263379,$10.73,$6.50 / 1KG,https://www.woolworths.com.au/shop/productdetails/263379/woolworths-beef-brisket-bones,https://cdn0.woolworths.media/content/wowproductimages/medium/263379.jpg,2020-09-21 19:17:24,,0,,True
e6ed3932-7fc7-4887-bd33-c72584a52fd7,Woolworths Supermarket,"Meat, Seafood & Deli",Lemnos Organic Fetta Cheese 180g,287050,$6.75,$37.50 / 1KG,https://www.woolworths.com.au/shop/productdetails/287050/lemnos-organic-fetta-cheese,https://cdn0.woolworths.media/content/wowproductimages/medium/287050.jpg,2020-09-21 19:17:24,,0,,True
b1d3ce48-34aa-42a6-be77-57cc520113c9,Woolworths Supermarket,"Meat, Seafood & Deli",180 Degrees Oat Crackers Walnut 150g,289839,$4.80,$3.20 / 100G,https://www.woolworths.com.au/shop/productdetails/289839/180-degrees-oat-crackers-walnut,https://cdn0.woolworths.media/content/wowproductimages/medium/289839.jpg,2020-09-21 19:17:24,,0,,True
8af1b294-3221-4531-9902-7749b8bd79be,Woolworths Supermarket,"Meat, Seafood & Deli",180 Degrees Almond Oat Crackers 150g,289909,$4.80,$3.20 / 100G,https://www.woolworths.com.au/shop/productdetails/289909/180-degrees-almond-oat-crackers,https://cdn0.woolworths.media/content/wowproductimages/medium/289909.jpg,2020-09-21 19:17:24,,0,,True
7fef6073-b34b-4bdd-a5cb-16080adaa6e2,Woolworths Supermarket,"Meat, Seafood & Deli",Pantalica Smooth Ricotta 500g,370474,$5.00,$10.00 / 1KG,https://www.woolworths.com.au/shop/productdetails/370474/pantalica-smooth-ricotta,https://cdn0.woolworths.media/content/wowproductimages/medium/370474.jpg,2020-09-21 19:17:24,,0,Was $6.00 27/08/2018,True
38675592-fb88-44bf-aee8-9a451d1c1203,Woolworths Supermarket,"Meat, Seafood & Deli",Woolworths Smoked Beef Pastrami Freshly Sliced From The Deli per kg,407559,$26.00,$26.00 / 1KG,https://www.woolworths.com.au/shop/productdetails/407559/woolworths-smoked-beef-pastrami-freshly-sliced-from-the-deli,https://cdn0.woolworths.media/content/wowproductimages/medium/407559.jpg,2020-09-21 19:17:24,,0,,True
e3ef546e-5fca-4f34-afc4-4920c36a9917,Woolworths Supermarket,"Meat, Seafood & Deli",D'orsogna 100% Natural Double Smoked Sliced Ham 200g,434117,$5.50,$27.50 / 1KG,https://www.woolworths.com.au/shop/productdetails/434117/d-orsogna-100-natural-double-smoked-sliced-ham,https://cdn0.woolworths.media/content/wowproductimages/medium/434117.jpg,2020-09-21 19:17:24,,0,,True
bd4a7beb-9c84-4ff8-aee0-b0e4766287c9,Woolworths Supermarket,"Meat, Seafood & Deli",Woolworths Thawed Lobster Tails each,441084,$9.50,$9.50 / 1EA,https://www.woolworths.com.au/shop/productdetails/441084/woolworths-thawed-lobster-tails,https://cdn0.woolworths.media/content/wowproductimages/medium/441084.jpg,2020-09-21 19:17:24,,0,,True
6ae7ec05-558d-4307-b27c-62674845b4ae,Woolworths Supermarket,"Meat, Seafood & Deli",Castello Feta Cubes 430g,611883,$5.00,$11.63 / 1KG,https://www.woolworths.com.au/shop/productdetails/611883/castello-feta-cubes,https://cdn0.woolworths.media/content/wowproductimages/medium/611883.jpg,2020-09-21 19:17:24,,0,,True
9c8c265d-a778-4ead-a6f1-c8c00a0c206e,Woolworths Supermarket,"Meat, Seafood & Deli",Meredith Dairy Marinated Goats Cheese Jar 550g,663973,$20.00,$36.36 / 1KG,https://www.woolworths.com.au/shop/productdetails/663973/meredith-dairy-marinated-goats-cheese-jar,https://cdn0.woolworths.media/content/wowproductimages/medium/663973.jpg,2020-09-21 19:17:24,,0,,True
4a2968eb-68be-4bc1-8cf0-a5e8bc3ee92b,Woolworths Supermarket,"Meat, Seafood & Deli",The British Sausage Co Raw Unsmoked Rindless Back Bacon 200g,693436,$7.00,$35.00 / 1KG,https://www.woolworths.com.au/shop/productdetails/693436/the-british-sausage-co-raw-unsmoked-rindless-back-bacon,https://cdn0.woolworths.media/content/wowproductimages/medium/693436.jpg,2020-09-21 19:17:24,,0,,True
d32ec4cb-231c-42c5-9021-ece0483e6618,Woolworths Supermarket,"Meat, Seafood & Deli",Papillon Roquefort Portions 100g,714826,$8.00,$80.00 / 1KG,https://www.woolworths.com.au/shop/productdetails/714826/papillon-roquefort-portions,https://cdn0.woolworths.media/content/wowproductimages/medium/714826.jpg,2020-09-21 19:17:24,,0,,True
254dc52c-93cb-4a94-b035-8804f125e1dd,Woolworths Supermarket,"Meat, Seafood & Deli",La Casa Del Formaggio Fresh Mozzarella 125g,732059,$3.00,$24.00 / 1KG,https://www.woolworths.com.au/shop/productdetails/732059/la-casa-del-formaggio-fresh-mozzarella,https://cdn0.woolworths.media/content/wowproductimages/medium/732059.jpg,2020-09-21 19:17:24,,0,,True
685e88c2-fd79-41b4-9762-20cb03cba30d,Woolworths Supermarket,"Meat, Seafood & Deli",Fromager D'affinois Petit D Affinois 150g,733806,$12.00,$80.00 / 1KG,https://www.woolworths.com.au/shop/productdetails/733806/fromager-d-affinois-petit-d-affinois,https://cdn0.woolworths.media/content/wowproductimages/medium/733806.jpg,2020-09-21 19:17:24,,0,,True
e3bb764d-c82b-406e-b4c2-521bddf15f19,Woolworths Supermarket,"Meat, Seafood & Deli",Jacquin Chevre Ash 100g,739571,$5.00,$50.00 / 1KG,https://www.woolworths.com.au/shop/productdetails/739571/jacquin-chevre-ash,https://cdn0.woolworths.media/content/wowproductimages/medium/739571.jpg,2020-09-21 19:17:24,,0,,True
a917c2a5-8b42-4e87-bddc-4597b04aa8fd,Woolworths Supermarket,"Meat, Seafood & Deli",Lamb Forequarter Chops 3-4 Pieces 400g - 800g,764848,,,https://www.woolworths.com.au/shop/productdetails/764848/lamb-forequarter-chops-3-4-pieces,https://cdn0.woolworths.media/content/wowproductimages/medium/764848.jpg,2020-09-21 19:17:24,,0,,False
5710b8f4-b5cb-4941-9fc5-3de764f7df99,Woolworths Supermarket,"Meat, Seafood & Deli",Woolworths Australian Rare Roast Beef Sliced From The Deli per kg,765665,$35.00,$35.00 / 1KG,https://www.woolworths.com.au/shop/productdetails/765665/woolworths-australian-rare-roast-beef-sliced-from-the-deli,https://cdn0.woolworths.media/content/wowproductimages/medium/765665.jpg,2020-09-21 19:17:24,,0,,True
12d27673-3808-4a11-8040-301d8f79ce1d,Woolworths Supermarket,"Meat, Seafood & Deli",Woolworths Ash Brie 125g,792535,$4.50,$36.00 / 1KG,https://www.woolworths.com.au/shop/productdetails/792535/woolworths-ash-brie,https://cdn0.woolworths.media/content/wowproductimages/medium/792535.jpg,2020-09-21 19:17:24,,0,,True
c676781b-ae09-4c96-8e68-5841da23c98d,Woolworths Supermarket,"Meat, Seafood & Deli",Macro Organic Creamy Brie 125g,793009,$4.50,$36.00 / 1KG,https://www.woolworths.com.au/shop/productdetails/793009/macro-organic-creamy-brie,https://cdn0.woolworths.media/content/wowproductimages/medium/793009.jpg,2020-09-21 19:17:24,,0,,True
1712d406-99ee-4dbd-9ab3-b121c4e81ae5,Woolworths Supermarket,"Meat, Seafood & Deli",Ocean Blue Organic Sliced Smoked Salmon Sliced 100g,794906,$9.00,$90.00 / 1KG,https://www.woolworths.com.au/shop/productdetails/794906/ocean-blue-organic-sliced-smoked-salmon-sliced,https://cdn0.woolworths.media/content/wowproductimages/medium/794906.jpg,2020-09-21 19:17:24,,0,,True
209606b0-937a-4058-82df-722d2d94702c,Woolworths Supermarket,"Meat, Seafood & Deli",Woolworths Traditional Bocconcini 220g,810778,$4.00,$18.18 / 1KG,https://www.woolworths.com.au/shop/productdetails/810778/woolworths-traditional-bocconcini,https://cdn0.woolworths.media/content/wowproductimages/medium/810778.jpg,2020-09-21 19:17:24,Average product rating out of 5: 4.4. Product score is based on 526 ratings,526,,True
03fca21d-5e4d-4e88-9985-33b3b9896c06,Woolworths Supermarket,"Meat, Seafood & Deli",Bertocchi Gold Kaiserfleisch Bacon 300g,811137,$9.00,$30.00 / 1KG,https://www.woolworths.com.au/shop/productdetails/811137/bertocchi-gold-kaiserfleisch-bacon,https://cdn0.woolworths.media/content/wowproductimages/medium/811137.jpg,2020-09-21 19:17:24,,0,,True
d0e41c60-6672-4043-a3c2-5c05f4bc88e0,Woolworths Supermarket,"Meat, Seafood & Deli",Paris Creek Farms Triple Cream Brie 280g,815592,$13.50,$48.21 / 1KG,https://www.woolworths.com.au/shop/productdetails/815592/paris-creek-farms-triple-cream-brie,https://cdn0.woolworths.media/content/wowproductimages/medium/815592.jpg,2020-09-21 19:17:24,,0,,True
a31299e4-9442-430e-bfc5-ed9c5da2d333,Woolworths Supermarket,"Meat, Seafood & Deli",Paris Creek Farms Triple Cream Camembert 280g,815661,$13.50,$48.21 / 1KG,https://www.woolworths.com.au/shop/productdetails/815661/paris-creek-farms-triple-cream-camembert,https://cdn0.woolworths.media/content/wowproductimages/medium/815661.jpg,2020-09-21 19:17:24,,0,,True
da4ec634-ae82-4956-9f96-328e4f7870e0,Woolworths Supermarket,"Meat, Seafood & Deli",Fresh Salmon Skin On Teriyaki Ginger per kg,859126,$27.00,$27.00 / 1KG,https://www.woolworths.com.au/shop/productdetails/859126/fresh-salmon-skin-on-teriyaki-ginger,https://cdn0.woolworths.media/content/wowproductimages/medium/859126.jpg,2020-09-21 19:17:24,,0,,True
f8eb7a9e-860f-47f1-9784-3ee648ec3937,Woolworths Supermarket,"Meat, Seafood & Deli",Perfect Italiano Romano Cheese Block 200g,859721,$5.00,$25.00 / 1KG,https://www.woolworths.com.au/shop/productdetails/859721/perfect-italiano-romano-cheese-block,https://cdn0.woolworths.media/content/wowproductimages/medium/859721.jpg,2020-09-21 19:17:24,,0,,True
3f762ba7-1bf3-4f10-88fb-41044849f110,Woolworths Supermarket,"Meat, Seafood & Deli",Castello Double Cream Truffle 150g,964767,$7.50,$50.00 / 1KG,https://www.woolworths.com.au/shop/productdetails/964767/castello-double-cream-truffle,https://cdn0.woolworths.media/content/wowproductimages/medium/964767.jpg,2020-09-21 19:17:24,,0,,True
055ace87-54ad-42cc-b7f7-23dab3480315,Woolworths Supermarket,"Meat, Seafood & Deli",Woolworths Free From Gluten Egg & Lettuce Sandwich 124g,060029,$7.00,$5.65 / 100G,https://www.woolworths.com.au/shop/productdetails/60029/woolworths-free-from-gluten-egg-lettuce-sandwich,https://cdn0.woolworths.media/content/wowproductimages/medium/060029.jpg,2020-09-21 19:17:24,Average product rating out of 5: 3.3. Product score is based on 3 ratings,3,,True
9717f8fb-ef49-4096-962c-59b370ae19be,Woolworths Supermarket,"Meat, Seafood & Deli",180 Degrees Parmesan Oat Crackers 135g,061410,$4.80,$3.56 / 100G,https://www.woolworths.com.au/shop/productdetails/61410/180-degrees-parmesan-oat-crackers,https://cdn0.woolworths.media/content/wowproductimages/medium/061410.jpg,2020-09-21 19:17:24,,0,,True
bf4e558b-5a6d-435d-b67a-cdb6b254c5c6,Woolworths Supermarket,"Meat, Seafood & Deli",Woolworths Pork Meat Pie Small 160g,777414,$3.98,$2.49 / 100G,https://www.woolworths.com.au/shop/productdetails/777414/woolworths-pork-meat-pie-small,https://cdn0.woolworths.media/content/wowproductimages/medium/777414.jpg,2020-09-21 19:17:24,,0,,True
88f1a64d-5159-4099-a167-8c426f88a538,Woolworths Supermarket,"Meat, Seafood & Deli",Woolworths Fresh Skin On Barramundi Fillets per kg,844680,$30.00,$30.00 / 1KG,https://www.woolworths.com.au/shop/productdetails/844680/woolworths-fresh-skin-on-barramundi-fillets,https://cdn0.woolworths.media/content/wowproductimages/medium/844680.jpg,2020-09-21 19:17:24,,0,,True
502b99f8-6ae6-48cc-bb6f-2f2f94a5fdaf,Woolworths Supermarket,"Meat, Seafood & Deli",Fresh Tasmanian Atlantic Skin Off Salmon 2.5kg,005279,$72.50,,https://www.woolworths.com.au/shop/productdetails/5279/fresh-tasmanian-atlantic-skin-off-salmon,https://cdn0.woolworths.media/content/wowproductimages/medium/005279.jpg,2020-09-21 19:17:24,,0,,True
f53419d2-1f5b-4951-926e-01215599d8d9,Woolworths Supermarket,"Meat, Seafood & Deli",La Stella Cherry Bocconcini 180g,041478,$6.00,$33.33 / 1KG,https://www.woolworths.com.au/shop/productdetails/41478/la-stella-cherry-bocconcini,https://cdn0.woolworths.media/content/wowproductimages/medium/041478.jpg,2020-09-21 19:17:24,,0,,True
eedcbc43-dfe0-4236-9eef-4390d970a903,Woolworths Supermarket,"Meat, Seafood & Deli",La Stella Buffalo Mozzarella 125g,041485,$7.00,$56.00 / 1KG,https://www.woolworths.com.au/shop/productdetails/41485/la-stella-buffalo-mozzarella,https://cdn0.woolworths.media/content/wowproductimages/medium/041485.jpg,2020-09-21 19:17:24,,0,,True
22dec6ee-6bd5-4e12-9bec-e7e7ac08f2ff,Woolworths Supermarket,"Meat, Seafood & Deli",La Stella Burrata 100g,041497,$6.00,$60.00 / 1KG,https://www.woolworths.com.au/shop/productdetails/41497/la-stella-burrata,https://cdn0.woolworths.media/content/wowproductimages/medium/041497.jpg,2020-09-21 19:17:24,,0,,True
0031cb1e-0744-4386-bda4-a21bf7301eed,Woolworths Supermarket,"Meat, Seafood & Deli",La Stella Bocconcini 160g,041508,$6.00,$37.50 / 1KG,https://www.woolworths.com.au/shop/productdetails/41508/la-stella-bocconcini,https://cdn0.woolworths.media/content/wowproductimages/medium/041508.jpg,2020-09-21 19:17:24,,0,,True
c558d821-bf9f-4cd3-92b8-598d6f0c6747,Woolworths Supermarket,"Meat, Seafood & Deli",Thawed Tasmanian Scallops per kg,045973,$38.00,$38.00 / 1KG,https://www.woolworths.com.au/shop/productdetails/45973/thawed-tasmanian-scallops,https://cdn0.woolworths.media/content/wowproductimages/medium/045973.jpg,2020-09-21 19:17:24,,0,,True
fdee6dfc-2607-4d4d-b787-945513b11228,Woolworths Supermarket,"Meat, Seafood & Deli",Di Carpegna Prosciutto 80g,069134,$15.50,$193.75 / 1KG,https://www.woolworths.com.au/shop/productdetails/69134/di-carpegna-prosciutto,https://cdn0.woolworths.media/content/wowproductimages/medium/069134.jpg,2020-09-21 19:17:24,,0,,True
abb4127c-6b8d-4cd9-b8bf-57919be590ac,Woolworths Supermarket,"Meat, Seafood & Deli",Woolworths Fresh Snapper Saddletail Fillets per kg,084045,$32.00,$32.00 / 1KG,https://www.woolworths.com.au/shop/productdetails/84045/woolworths-fresh-snapper-saddletail-fillets,https://cdn0.woolworths.media/content/wowproductimages/medium/084045.jpg,2020-09-21 19:17:24,,0,,True
b1b7fb80-78de-41ee-aa27-c8cefd8b2820,Woolworths Supermarket,"Meat, Seafood & Deli",Snowdonia Amber Mist Whisky Cheddar per kg,086424,$63.00,$63.00 / 1KG,https://www.woolworths.com.au/shop/productdetails/86424/snowdonia-amber-mist-whisky-cheddar,https://cdn0.woolworths.media/content/wowproductimages/medium/086424.jpg,2020-09-21 19:17:24,,0,,True
78795ace-8ffb-4b65-8027-31b6f1f9e221,Woolworths Supermarket,"Meat, Seafood & Deli",From The Deli Chicken Kiev Bone In Herb & Garlic each,088660,$4.00,$4.00 / 1EA,https://www.woolworths.com.au/shop/productdetails/88660/from-the-deli-chicken-kiev-bone-in-herb-garlic,https://cdn0.woolworths.media/content/wowproductimages/medium/088660.jpg,2020-09-21 19:17:24,,0,,True
6cfeb7e5-3834-4eca-af80-4b01ab7403c2,Woolworths Supermarket,"Meat, Seafood & Deli",Woolworths Fresh Pacific Oysters 1 dozen,096057,$20.00,$1.67 / 1EA,https://www.woolworths.com.au/shop/productdetails/96057/woolworths-fresh-pacific-oysters,https://cdn0.woolworths.media/content/wowproductimages/medium/096057.jpg,2020-09-21 19:17:24,,0,,True
63cec00e-d419-4b03-9cbc-e5c07a3be9ea,Woolworths Supermarket,"Meat, Seafood & Deli",Salmon Tasmanian Atlantic Fillets Skinned & Boned per kg,126497,$33.00,$33.00 / 1KG,https://www.woolworths.com.au/shop/productdetails/126497/salmon-tasmanian-atlantic-fillets-skinned-boned,https://cdn0.woolworths.media/content/wowproductimages/medium/126497.jpg,2020-09-21 19:17:24,,0,,True
66cb8dad-f0ab-4d64-ace6-6476c2ee685c,Woolworths Supermarket,"Meat, Seafood & Deli",Pilpel Dip Beetroot Almond 200g,299208,$6.00,$3.00 / 100G,https://www.woolworths.com.au/shop/productdetails/299208/pilpel-dip-beetroot-almond,https://cdn0.woolworths.media/content/wowproductimages/medium/299208.jpg,2020-09-21 19:17:24,,0,,True
b107096a-c310-43e3-afc4-28173037a70e,Woolworths Supermarket,"Meat, Seafood & Deli",Pilpel Garlic Dip 200g,366200,$6.00,$3.00 / 100G,https://www.woolworths.com.au/shop/productdetails/366200/pilpel-garlic-dip,https://cdn0.woolworths.media/content/wowproductimages/medium/366200.jpg,2020-09-21 19:17:24,,0,,True
498ce208-d6ef-41ef-93d4-d0343db019af,Woolworths Supermarket,"Meat, Seafood & Deli",Singletons Black Wax Cheddar Cheese per kg,369761,$57.50,$57.50 / 1KG,https://www.woolworths.com.au/shop/productdetails/369761/singletons-black-wax-cheddar-cheese,https://cdn0.woolworths.media/content/wowproductimages/medium/369761.jpg,2020-09-21 19:17:24,,0,,True
bc9e1c00-e7a7-4486-bf0f-448abc8f9270,Woolworths Supermarket,"Meat, Seafood & Deli",Barossa Fine Foods Beef Jerky per kg,532445,$80.00,$80.00 / 1KG,https://www.woolworths.com.au/shop/productdetails/532445/barossa-fine-foods-beef-jerky,https://cdn0.woolworths.media/content/wowproductimages/medium/532445.jpg,2020-09-21 19:17:24,,0,,True
3a833c61-e86f-45a0-bacd-17ba5232aae4,Woolworths Supermarket,"Meat, Seafood & Deli",Pilpel Taramosalata Dip 180g,605216,$6.00,$3.33 / 100G,https://www.woolworths.com.au/shop/productdetails/605216/pilpel-taramosalata-dip,https://cdn0.woolworths.media/content/wowproductimages/medium/605216.jpg,2020-09-21 19:17:24,,0,,True
ac1ecdd1-a9d3-4fcb-8241-adeb580d5b13,Woolworths Supermarket,"Meat, Seafood & Deli",Woolworths Good To Go The Classic Bun Reuben On Brioche 215g,676780,$8.00,$3.51 / 100G,https://www.woolworths.com.au/shop/productdetails/676780/woolworths-good-to-go-the-classic-bun-reuben-on-brioche,https://cdn0.woolworths.media/content/wowproductimages/medium/676780.jpg,2020-09-21 19:17:24,,0,,True
79a6058c-56ed-464b-a571-9ebe3b652aec,Woolworths Supermarket,"Meat, Seafood & Deli",Dari's Table Beetroot Hummus 200g,703714,$4.50,$2.25 / 100G,https://www.woolworths.com.au/shop/productdetails/703714/dari-s-table-beetroot-hummus,https://cdn0.woolworths.media/content/wowproductimages/medium/703714.jpg,2020-09-21 19:17:24,,0,,True
75abd225-e320-4afe-a08e-c6fbef7e1b45,Woolworths Supermarket,"Meat, Seafood & Deli",Dari's Table Pinenut Hummus 200g,703752,$4.50,$2.25 / 100G,https://www.woolworths.com.au/shop/productdetails/703752/dari-s-table-pinenut-hummus,https://cdn0.woolworths.media/content/wowproductimages/medium/703752.jpg,2020-09-21 19:17:24,,0,,True
3b63912a-ae63-4a05-8382-bd3aba9ed23b,Woolworths Supermarket,"Meat, Seafood & Deli",Pilpel Hummus 200g,722151,$5.00,$2.50 / 100G,https://www.woolworths.com.au/shop/productdetails/722151/pilpel-hummus,https://cdn0.woolworths.media/content/wowproductimages/medium/722151.jpg,2020-09-21 19:17:24,,0,,True
4ffd24a2-cff0-4f7e-8aee-625d1dd3208f,Woolworths Supermarket,"Meat, Seafood & Deli",La Casa Burrata 150g,725680,$6.00,$40.00 / 1KG,https://www.woolworths.com.au/shop/productdetails/725680/la-casa-burrata,https://cdn0.woolworths.media/content/wowproductimages/medium/725680.jpg,2020-09-21 19:17:24,,0,,True
773b77ae-65c6-4f42-9809-38330cc257fd,Woolworths Supermarket,"Meat, Seafood & Deli",Le Rustique Camembert Fabrique En Normandie 250g,728407,$16.00,$64.00 / 1KG,https://www.woolworths.com.au/shop/productdetails/728407/le-rustique-camembert-fabrique-en-normandie,https://cdn0.woolworths.media/content/wowproductimages/medium/728407.jpg,2020-09-21 19:17:24,,0,,True
dd9cc9ba-1595-400a-b71a-4a6e2129f910,Woolworths Supermarket,"Meat, Seafood & Deli",Woolworths Cook Beef Strips Bulgogi Style 500g,730125,$12.00,$24.00 / 1KG,https://www.woolworths.com.au/shop/productdetails/730125/woolworths-cook-beef-strips-bulgogi-style,https://cdn0.woolworths.media/content/wowproductimages/medium/730125.jpg,2020-09-21 19:17:24,Average product rating out of 5: 4.3. Product score is based on 248 ratings,248,,True
bdd422a0-4908-4ddd-82b3-8e3c280f438c,Woolworths Supermarket,"Meat, Seafood & Deli",Dari's Table Harissa Soft Hummus 200g,747359,$4.50,$22.50 / 1KG,https://www.woolworths.com.au/shop/productdetails/747359/dari-s-table-harissa-soft-hummus,https://cdn0.woolworths.media/content/wowproductimages/medium/747359.jpg,2020-09-21 19:17:24,,0,,True
bbbca7b7-3d7a-4932-996d-484884e95e6b,Woolworths Supermarket,"Meat, Seafood & Deli",Dari's Table Olive Hummus 200g,747421,$4.50,$22.50 / 1KG,https://www.woolworths.com.au/shop/productdetails/747421/dari-s-table-olive-hummus,https://cdn0.woolworths.media/content/wowproductimages/medium/747421.jpg,2020-09-21 19:17:24,,0,,True
4c531836-82e2-4e03-9a94-9ac6eb1f87ee,Woolworths Supermarket,"Meat, Seafood & Deli",Woolworths Monterey Jack Jalapeno Cheese Jalapeno per kg,790594,$39.00,$39.00 / 1KG,https://www.woolworths.com.au/shop/productdetails/790594/woolworths-monterey-jack-jalapeno-cheese-jalapeno,https://cdn0.woolworths.media/content/wowproductimages/medium/790594.jpg,2020-09-21 19:17:24,,0,,True
762fec46-4e0d-4707-8a59-62b1217ba79f,Woolworths Supermarket,"Meat, Seafood & Deli",Fresh Saddletail Snapper Teriyaki Ginger per kg,859130,$32.00,$32.00 / 1KG,https://www.woolworths.com.au/shop/productdetails/859130/fresh-saddletail-snapper-teriyaki-ginger,https://cdn0.woolworths.media/content/wowproductimages/medium/859130.jpg,2020-09-21 19:17:24,,0,,True
d6036c66-fa1e-4986-aca0-30ab54119399,Woolworths Supermarket,"Meat, Seafood & Deli",Auricchio Pecorino Romano per kg,968359,$35.00,$35.00 / 1KG,https://www.woolworths.com.au/shop/productdetails/968359/auricchio-pecorino-romano,https://cdn0.woolworths.media/content/wowproductimages/medium/968359.jpg,2020-09-21 19:17:24,,0,,True
b87da06f-3ac6-4fb8-ac88-d774f00d6563,Woolworths Supermarket,"Meat, Seafood & Deli",Woolworths Fresh Skin Off Barramundi Fillets per kg,046479,$30.00,$30.00 / 1KG,https://www.woolworths.com.au/shop/productdetails/46479/woolworths-fresh-skin-off-barramundi-fillets,https://cdn0.woolworths.media/content/wowproductimages/medium/046479.jpg,2020-09-21 19:17:24,,0,,True
d0931688-2c91-4aeb-aae2-f784938a7e67,Woolworths Supermarket,"Meat, Seafood & Deli",Brancourts Cottage Cheese Lactose Free 250g,757133,$5.00,$20.00 / 1KG,https://www.woolworths.com.au/shop/productdetails/757133/brancourts-cottage-cheese-lactose-free,https://cdn0.woolworths.media/content/wowproductimages/medium/757133.jpg,2020-09-21 19:17:24,,0,,True
a9cd0c30-8d0d-42ee-8b34-4ac3b7270427,Woolworths Supermarket,"Meat, Seafood & Deli",La Casa Formaggio Mascarpone 250g,765116,$5.00,$20.00 / 1KG,https://www.woolworths.com.au/shop/productdetails/765116/la-casa-formaggio-mascarpone,https://cdn0.woolworths.media/content/wowproductimages/medium/765116.jpg,2020-09-21 19:17:24,,0,,True
f7bab465-8c6d-4566-a068-b0177933c240,Woolworths Supermarket,"Meat, Seafood & Deli",St Angel Triple Cream Cheese per kg,776572,$64.00,$64.00 / 1KG,https://www.woolworths.com.au/shop/productdetails/776572/st-angel-triple-cream-cheese,https://cdn0.woolworths.media/content/wowproductimages/medium/776572.jpg,2020-09-21 19:17:24,,0,,True
c0683092-e424-45cf-a552-b221d4ad20ac,Woolworths Supermarket,"Meat, Seafood & Deli",Ob Finest Bonvallis Cracker Orange Tortas 180g,777758,$4.00,$2.22 / 100G,https://www.woolworths.com.au/shop/productdetails/777758/ob-finest-bonvallis-cracker-orange-tortas,https://cdn0.woolworths.media/content/wowproductimages/medium/777758.jpg,2020-09-21 19:17:24,,0,,True
d4ffd7ba-b079-40ba-a9ba-afbf5c60aad3,Woolworths Supermarket,"Meat, Seafood & Deli",Fresh Barramundi Fillets Teriyaki Ginger per kg,859131,$30.00,$30.00 / 1KG,https://www.woolworths.com.au/shop/productdetails/859131/fresh-barramundi-fillets-teriyaki-ginger,https://cdn0.woolworths.media/content/wowproductimages/medium/859131.jpg,2020-09-21 19:17:24,,0,,True
fccb0c69-f120-469a-ae47-2b2a109a5a39,Woolworths Supermarket,"Meat, Seafood & Deli",Woolworths Ham & Cheese Kiev each,036803,,,https://www.woolworths.com.au/shop/productdetails/36803/woolworths-ham-cheese-kiev,https://cdn0.woolworths.media/content/wowproductimages/medium/036803.jpg,2020-09-21 19:17:24,,0,,False
9fbe5a3c-426a-4868-af25-86c6da3160ea,Woolworths Supermarket,"Meat, Seafood & Deli",Bertocchi Pancetta Hot Sliced From The Deli per kg,726027,$32.00,$32.00 / 1KG,https://www.woolworths.com.au/shop/productdetails/726027/bertocchi-pancetta-hot-sliced-from-the-deli,https://cdn0.woolworths.media/content/wowproductimages/medium/726027.jpg,2020-09-21 19:17:24,,0,,True
e5e96b9c-f25f-4baa-9d47-fdae2e458b4d,Woolworths Supermarket,"Meat, Seafood & Deli",Barbers Cheddar 1kg,509413,$45.00,$45.00 / 1KG,https://www.woolworths.com.au/shop/productdetails/509413/barbers-cheddar,https://cdn0.woolworths.media/content/wowproductimages/medium/509413.jpg,2020-09-21 19:17:24,,0,,True
86e62ba4-68cb-481e-a65f-5e439d4b30d0,Woolworths Supermarket,"Meat, Seafood & Deli",Pastoral Free Range Ham Off The Bone Freshly Sliced From The Deli per kg,663071,$28.00,$28.00 / 1KG,https://www.woolworths.com.au/shop/productdetails/663071/pastoral-free-range-ham-off-the-bone-freshly-sliced-from-the-deli,https://cdn0.woolworths.media/content/wowproductimages/medium/663071.jpg,2020-09-21 19:17:24,,0,,True
9cef04c1-11c7-4684-b70c-9b6ae3be325c,Woolworths Supermarket,"Meat, Seafood & Deli",Woolworths Port Salut Cheese per kg,788998,$50.00,$50.00 / 1KG,https://www.woolworths.com.au/shop/productdetails/788998/woolworths-port-salut-cheese,https://cdn0.woolworths.media/content/wowproductimages/medium/788998.jpg,2020-09-21 19:17:24,,0,,True
f07ced46-06e0-4153-a734-2ea00028d5c8,Woolworths Supermarket,"Meat, Seafood & Deli",Moira Mac's Marinated Bbq Chicken Breast Sliced per kg,011303,$25.00,$25.00 / 1KG,https://www.woolworths.com.au/shop/productdetails/11303/moira-mac-s-marinated-bbq-chicken-breast-sliced,https://cdn0.woolworths.media/content/wowproductimages/medium/011303.jpg,2020-09-21 19:17:24,,0,,True
32188018-cabb-4d85-9e52-b572499524ef,Woolworths Supermarket,"Meat, Seafood & Deli",Green King Prawns Large Thawed per kg,022200,$26.00,$26.00 / 1KG,https://www.woolworths.com.au/shop/productdetails/22200/green-king-prawns-large-thawed,https://cdn0.woolworths.media/content/wowproductimages/medium/022200.jpg,2020-09-21 19:17:24,,0,,True
84e558c9-9e8f-4692-aaa8-6754bac42b25,Woolworths Supermarket,"Meat, Seafood & Deli",Ocean Blue Smoked Ocean Trout Pieces For Cooking 200g,073310,$7.00,$35.00 / 1KG,https://www.woolworths.com.au/shop/productdetails/73310/ocean-blue-smoked-ocean-trout-pieces-for-cooking,https://cdn0.woolworths.media/content/wowproductimages/medium/073310.jpg,2020-09-21 19:17:24,,0,,True
16fa1629-a359-49f7-a3f0-15f031123c88,Woolworths Supermarket,"Meat, Seafood & Deli",Bertocchi Shortcut Bacon Rashers From The Deli per kg,346624,$17.00,$17.00 / 1KG,https://www.woolworths.com.au/shop/productdetails/346624/bertocchi-shortcut-bacon-rashers-from-the-deli,https://cdn0.woolworths.media/content/wowproductimages/medium/346624.jpg,2020-09-21 19:17:24,,0,,True
01146792-f573-4edb-9f2b-311d43e6f682,Woolworths Supermarket,"Meat, Seafood & Deli",Bertocchi Shortcut Bacon Rashers From The Deli 5kg carton,353745,$85.00,$17.00 / 1KG,https://www.woolworths.com.au/shop/productdetails/353745/bertocchi-shortcut-bacon-rashers-from-the-deli,https://cdn0.woolworths.media/content/wowproductimages/medium/353745.jpg,2020-09-21 19:17:24,,0,,True
f889b07d-a2c8-46e8-baf0-466dc814eb44,Woolworths Supermarket,"Meat, Seafood & Deli",Woolworths Cook Chicken Kebab Honey Soy 375g,700303,$7.00,$18.67 / 1KG,https://www.woolworths.com.au/shop/productdetails/700303/woolworths-cook-chicken-kebab-honey-soy,https://cdn0.woolworths.media/content/wowproductimages/medium/700303.jpg,2020-09-21 19:17:24,,0,,True
184aebcb-a6a2-480f-bf53-22d02e748f07,Woolworths Supermarket,"Meat, Seafood & Deli",From The Deli Middle Bacon Rashers From The Deli per kg,714680,$13.00,$13.00 / 1KG,https://www.woolworths.com.au/shop/productdetails/714680/from-the-deli-middle-bacon-rashers-from-the-deli,https://cdn0.woolworths.media/content/wowproductimages/medium/714680.jpg,2020-09-21 19:17:24,,0,,True
dc5b6238-6bc6-4369-9157-d989a35c2c71,Woolworths Supermarket,"Meat, Seafood & Deli",Mamma Lucia Reduced Fat Ricotta Cheese min. 1.3kg,725073,$11.67,$8.98 / 1KG,https://www.woolworths.com.au/shop/productdetails/725073/mamma-lucia-reduced-fat-ricotta-cheese,https://cdn0.woolworths.media/content/wowproductimages/medium/725073.jpg,2020-09-21 19:17:24,,0,,True
8cd2e209-dbf3-4a13-ad76-3ca426bb6f8e,Woolworths Supermarket,"Meat, Seafood & Deli",Baby Octopus Cleaned per kg,015639,$20.00,$20.00 / 1KG,https://www.woolworths.com.au/shop/productdetails/15639/baby-octopus-cleaned,https://cdn0.woolworths.media/content/wowproductimages/medium/015639.jpg,2020-09-21 19:17:24,,0,,True
fc1f9275-b2a0-4aa7-9588-552aab756447,Woolworths Supermarket,"Meat, Seafood & Deli",Macro Organic Chicken Breast Fillet 550g - 750g,365624,$23.63,$31.50 / 1KG,https://www.woolworths.com.au/shop/productdetails/365624/macro-organic-chicken-breast-fillet,https://cdn0.woolworths.media/content/wowproductimages/medium/365624.jpg,2020-09-21 19:17:24,,0,,True
079af794-b6ac-4ed0-acec-91f5c334f0d4,Woolworths Supermarket,"Meat, Seafood & Deli",Woolworths Greek Salad Kit 500g,025920,$9.00,$1.80 / 100G,https://www.woolworths.com.au/shop/productdetails/25920/woolworths-greek-salad-kit,https://cdn0.woolworths.media/content/wowproductimages/medium/025920.jpg,2020-09-21 19:17:24,Average product rating out of 5: 3.5. Product score is based on 544 ratings,544,,True
989bce9c-73d4-497d-85ff-dde309f00e43,Woolworths Supermarket,"Meat, Seafood & Deli",Don Kabana Continental From The Deli per kg,037111,$21.00,$21.00 / 1KG,https://www.woolworths.com.au/shop/productdetails/37111/don-kabana-continental-from-the-deli,https://cdn0.woolworths.media/content/wowproductimages/medium/037111.jpg,2020-09-21 19:17:24,,0,,True
08f831f3-8cbd-4895-b8d8-42af227f42e3,Woolworths Supermarket,"Meat, Seafood & Deli",Don All Natural Ham English 100g,068228,$3.75,$37.50 / 1KG,https://www.woolworths.com.au/shop/productdetails/68228/don-all-natural-ham-english,https://cdn0.woolworths.media/content/wowproductimages/medium/068228.jpg,2020-09-21 19:17:24,,0,,True
bd2320f0-102d-4612-8c37-31e41bb1619e,Woolworths Supermarket,"Meat, Seafood & Deli",Woolworths Fresh Flathead Fillets Skinned & Boned per kg,088789,$55.00,$55.00 / 1KG,https://www.woolworths.com.au/shop/productdetails/88789/woolworths-fresh-flathead-fillets-skinned-boned,https://cdn0.woolworths.media/content/wowproductimages/medium/088789.jpg,2020-09-21 19:17:24,,0,,True
d50c1d1a-3f01-43cc-9761-612f205298bc,Woolworths Supermarket,"Meat, Seafood & Deli",Rouzaire Fromage De Meaux per kg,330304,$93.00,$31.00 / 1KG,https://www.woolworths.com.au/shop/productdetails/330304/rouzaire-fromage-de-meaux,https://cdn0.woolworths.media/content/wowproductimages/medium/330304.jpg,2020-09-21 19:17:24,,0,,True
5451d4a0-9565-44b0-8097-1bc74b0ca07f,Woolworths Supermarket,"Meat, Seafood & Deli",Shaw River Smoked Buffalino Cheese 150g,352595,$10.60,$70.67 / 1KG,https://www.woolworths.com.au/shop/productdetails/352595/shaw-river-smoked-buffalino-cheese,https://cdn0.woolworths.media/content/wowproductimages/medium/352595.jpg,2020-09-21 19:17:24,,0,,True
22503155-bad3-45a0-b533-71462102b1d7,Woolworths Supermarket,"Meat, Seafood & Deli",Will Studd Aphrodite Halloumi min. 250g,728345,$10.38,$41.50 / 1KG,https://www.woolworths.com.au/shop/productdetails/728345/will-studd-aphrodite-halloumi,https://cdn0.woolworths.media/content/wowproductimages/medium/728345.jpg,2020-09-21 19:17:24,,0,,True
1b3c2e52-9734-4de5-a685-0c8e6fd5a65d,Woolworths Supermarket,"Meat, Seafood & Deli",Aphrodite Aged Fetta Portion 170g,788659,$12.40,$72.94 / 1KG,https://www.woolworths.com.au/shop/productdetails/788659/aphrodite-aged-fetta-portion,https://cdn0.woolworths.media/content/wowproductimages/medium/788659.jpg,2020-09-21 19:17:24,,0,,True
47e5e0c8-779f-4e35-ae7c-4fe199bc0245,Woolworths Supermarket,"Meat, Seafood & Deli",Fresh Ling Fillets per kg,059907,$35.00,,https://www.woolworths.com.au/shop/productdetails/59907/fresh-ling-fillets,https://cdn0.woolworths.media/content/wowproductimages/medium/059907.jpg,2020-09-21 19:17:24,,0,,True
16e81972-6d63-4dee-9f56-a02914daa8c5,Woolworths Supermarket,"Meat, Seafood & Deli",Cropwell Bishop Blue Stilton Cheese per kg,369844,$79.00,$79.00 / 1KG,https://www.woolworths.com.au/shop/productdetails/369844/cropwell-bishop-blue-stilton-cheese,https://cdn0.woolworths.media/content/wowproductimages/medium/369844.jpg,2020-09-21 19:17:24,,0,,True
3118e725-0029-41f8-9c83-6bfaa01785d5,Woolworths Supermarket,"Meat, Seafood & Deli",Le Dauphin Double Creme Cheese 200g,573380,$23.00,$115.00 / 1KG,https://www.woolworths.com.au/shop/productdetails/573380/le-dauphin-double-creme-cheese,https://cdn0.woolworths.media/content/wowproductimages/medium/573380.jpg,2020-09-21 19:17:24,,0,,True
ab8f367d-f758-4607-a026-67abbea62883,Woolworths Supermarket,"Meat, Seafood & Deli",Fresh Ling Fillets Teriyaki Ginger per kg,859283,$33.00,$33.00 / 1KG,https://www.woolworths.com.au/shop/productdetails/859283/fresh-ling-fillets-teriyaki-ginger,https://cdn0.woolworths.media/content/wowproductimages/medium/859283.jpg,2020-09-21 19:17:24,,0,,True
7f4ac244-3a54-4b70-b8c5-f9bd1a13227c,Woolworths Supermarket,"Meat, Seafood & Deli",Woolworths Bbq Pork Kebabs Italian Style 300g,097256,$6.00,$20.00 / 1KG,https://www.woolworths.com.au/shop/productdetails/97256/woolworths-bbq-pork-kebabs-italian-style,https://cdn0.woolworths.media/content/wowproductimages/medium/097256.jpg,2020-09-21 19:17:24,,0,,True
21ae3358-95a0-4268-91f8-2c0fc32ecb06,Woolworths Supermarket,"Meat, Seafood & Deli",Macro Organic Whole Chicken min. 1.3kg,365626,$16.25,$12.50 / 1KG,https://www.woolworths.com.au/shop/productdetails/365626/macro-organic-whole-chicken,https://cdn0.woolworths.media/content/wowproductimages/medium/365626.jpg,2020-09-21 19:17:24,,0,,True
228d1a92-f18d-486f-a425-ddc690745bb0,Woolworths Supermarket,"Meat, Seafood & Deli",Good To Go Lamb Souvlaki On Turkish 263g,043113,$8.00,$3.04 / 100G,https://www.woolworths.com.au/shop/productdetails/43113/good-to-go-lamb-souvlaki-on-turkish,https://cdn0.woolworths.media/content/wowproductimages/medium/043113.jpg,2020-09-21 19:17:24,Average product rating out of 5: 2.9. Product score is based on 29 ratings,29,,True
2cb4b112-d0ad-45e5-bff1-20c7fe2d80ae,Woolworths Supermarket,"Meat, Seafood & Deli",Fresh Hoki Blue Grenadier Fillets per kg,022422,$18.00,$18.00 / 1KG,https://www.woolworths.com.au/shop/productdetails/22422/fresh-hoki-blue-grenadier-fillets,https://cdn0.woolworths.media/content/wowproductimages/medium/022422.jpg,2020-09-21 19:17:24,,0,,True
e2dd0c17-257a-455a-be9d-b539c4586da9,Woolworths Supermarket,"Meat, Seafood & Deli",Fresh Hoki Fillets Teriyaki Ginger per kg,859280,$18.00,$18.00 / 1KG,https://www.woolworths.com.au/shop/productdetails/859280/fresh-hoki-fillets-teriyaki-ginger,https://cdn0.woolworths.media/content/wowproductimages/medium/859280.jpg,2020-09-21 19:17:24,,0,,True
11246651-d4db-4e13-b271-3a3f80e2e69d,Woolworths Supermarket,"Meat, Seafood & Deli",Primo Roast Pork 80g,068340,$3.25,$40.63 / 1KG,https://www.woolworths.com.au/shop/productdetails/68340/primo-roast-pork,https://cdn0.woolworths.media/content/wowproductimages/medium/068340.jpg,2020-09-21 19:17:24,,0,2 for $5.50,True
e59db933-ffad-4f35-8f1f-870e192e0685,Woolworths Supermarket,"Meat, Seafood & Deli",Woolworths Il Forteto Cacio Di Bosco per kg,825735,$80.00,$80.00 / 1KG,https://www.woolworths.com.au/shop/productdetails/825735/woolworths-il-forteto-cacio-di-bosco,https://cdn0.woolworths.media/content/wowproductimages/medium/825735.jpg,2020-09-21 19:17:24,,0,,True
3b0c3a8a-3654-461b-b000-e18d2321a281,Woolworths Supermarket,"Meat, Seafood & Deli",Yarra Valley Preserves Mango & Sweet Chilli Salad Splash 250ml,546867,$11.00,$4.40 / 100ML,https://www.woolworths.com.au/shop/productdetails/546867/yarra-valley-preserves-mango-sweet-chilli-salad-splash,https://cdn0.woolworths.media/content/wowproductimages/medium/546867.jpg,2020-09-21 19:17:24,,0,,True
98ac7239-1811-4f9c-8eb8-6505a6a9f982,Woolworths Supermarket,"Meat, Seafood & Deli",Simon Johnson Soft Pecan Brittle 280g,673536,$24.90,$8.89 / 100G,https://www.woolworths.com.au/shop/productdetails/673536/simon-johnson-soft-pecan-brittle,https://cdn0.woolworths.media/content/wowproductimages/medium/673536.jpg,2020-09-21 19:17:24,,0,,True
7f5f69ba-609d-4cb3-8266-e001e29ca845,Woolworths Supermarket,"Meat, Seafood & Deli",Simon Johnson Panforte Fruit & Almond 100g,673539,$9.80,$9.80 / 100G,https://www.woolworths.com.au/shop/productdetails/673539/simon-johnson-panforte-fruit-almond,https://cdn0.woolworths.media/content/wowproductimages/medium/673539.jpg,2020-09-21 19:17:24,,0,,True
d01736d5-ff21-478d-8561-278b4d01c175,Woolworths Supermarket,"Meat, Seafood & Deli",Simon Johnson Panforte Fig & Walnut 100g,673556,$9.80,$9.80 / 100G,https://www.woolworths.com.au/shop/productdetails/673556/simon-johnson-panforte-fig-walnut,https://cdn0.woolworths.media/content/wowproductimages/medium/673556.jpg,2020-09-21 19:17:24,,0,,True
0b5fdb1f-5f67-404c-a0bb-7289e7df94ce,Woolworths Supermarket,"Meat, Seafood & Deli",Woolworths Fresh Ocean Trout Rainbow Fillets per kg,032688,$26.50,$26.50 / 1KG,https://www.woolworths.com.au/shop/productdetails/32688/woolworths-fresh-ocean-trout-rainbow-fillets,https://cdn0.woolworths.media/content/wowproductimages/medium/032688.jpg,2020-09-21 19:17:24,,0,,True
85587993-1a5d-4791-bf7d-9941fe6c9da7,Woolworths Supermarket,"Meat, Seafood & Deli",Moira Mac's Louisiana Bbq Chicken Chunks 100g,103336,$4.00,$40.00 / 1KG,https://www.woolworths.com.au/shop/productdetails/103336/moira-mac-s-louisiana-bbq-chicken-chunks,https://cdn0.woolworths.media/content/wowproductimages/medium/103336.jpg,2020-09-21 19:17:24,,0,,True
5bd4f845-8e19-4f2c-a6fc-5597c5c02fd6,Woolworths Supermarket,"Meat, Seafood & Deli",Hans Chorizo 250g,255972,$8.00,$32.00 / 1KG,https://www.woolworths.com.au/shop/productdetails/255972/hans-chorizo,https://cdn0.woolworths.media/content/wowproductimages/medium/255972.jpg,2020-09-21 19:17:24,,0,,True
b296db89-e84f-45d5-81f4-710fb14e68ff,Woolworths Supermarket,"Meat, Seafood & Deli",Cabot Cloth Bound Cheddar per kg,377736,$99.99,$99.99 / 1KG,https://www.woolworths.com.au/shop/productdetails/377736/cabot-cloth-bound-cheddar,https://cdn0.woolworths.media/content/wowproductimages/medium/377736.jpg,2020-09-21 19:17:24,,0,,True
4560ea3c-c0a2-4c1b-8b87-913168c827d7,Woolworths Supermarket,"Meat, Seafood & Deli",Woolworths Cook Chicken Kebab Sweet & Smokey Bbq 750g,696126,,,https://www.woolworths.com.au/shop/productdetails/696126/woolworths-cook-chicken-kebab-sweet-smokey-bbq,https://cdn0.woolworths.media/content/wowproductimages/medium/696126.jpg,2020-09-21 19:17:24,Average product rating out of 5: 4.2. Product score is based on 51 ratings,51,Was $12.00 06/11/2018,False
fb33a104-24cf-481f-a2fa-d2f07c44e323,Woolworths Supermarket,"Meat, Seafood & Deli",Huon Tasmanian Smoked Salmon Deli Pieces Cold Smoked,742276,$7.00,$28.00 / 1KG,https://www.woolworths.com.au/shop/productdetails/742276/huon-tasmanian-smoked-salmon-deli-pieces-cold-smoked,https://cdn0.woolworths.media/content/wowproductimages/medium/742276.jpg,2020-09-21 19:17:24,,0,,True
65eab61a-ad69-40d4-80df-4cbebea58376,Woolworths Supermarket,"Meat, Seafood & Deli",National Curried Chicken Pies 2 pack,520213,$7.50,$2.08 / 100G,https://www.woolworths.com.au/shop/productdetails/520213/national-curried-chicken-pies,https://cdn0.woolworths.media/content/wowproductimages/medium/520213.jpg,2020-09-21 19:17:24,,0,,True
5fc88006-d455-463e-89a1-e101e53c9e9a,Woolworths Supermarket,"Meat, Seafood & Deli",National Pies Meat Pie 2 pack,159266,$7.00,$3.50 / 1EA,https://www.woolworths.com.au/shop/productdetails/159266/national-pies-meat-pie,https://cdn0.woolworths.media/content/wowproductimages/medium/159266.jpg,2020-09-21 19:17:24,,0,,True
bb92fd5e-43dd-4d35-9545-2322e790311c,Woolworths Supermarket,"Meat, Seafood & Deli","Sunfresh Spiced Quinoa, Carrot & Chickpea Salad 300g",012749,$4.50,$1.50 / 100G,https://www.woolworths.com.au/shop/productdetails/12749/sunfresh-spiced-quinoa-carrot-chickpea-salad,https://cdn0.woolworths.media/content/wowproductimages/medium/012749.jpg,2020-09-21 19:17:24,,0,,True
162f7a15-b32d-43eb-a26a-fcfc8314febe,Woolworths Supermarket,"Meat, Seafood & Deli",Don Hungarian Salami Traditional White Sliced per kg,024089,$31.50,$31.50 / 1KG,https://www.woolworths.com.au/shop/productdetails/24089/don-hungarian-salami-traditional-white-sliced,https://cdn0.woolworths.media/content/wowproductimages/medium/024089.jpg,2020-09-21 19:17:24,,0,,True
8a3caf42-11ec-40fb-a55b-1610f511b15a,Woolworths Supermarket,"Meat, Seafood & Deli",Sunfresh Thai Coconut & Lime Chicken 275g,062819,$7.00,$2.55 / 100G,https://www.woolworths.com.au/shop/productdetails/62819/sunfresh-thai-coconut-lime-chicken,https://cdn0.woolworths.media/content/wowproductimages/medium/062819.jpg,2020-09-21 19:17:24,,0,,True
3a16596b-40ed-4005-b224-f8b4fbce9684,Woolworths Supermarket,"Meat, Seafood & Deli",D'orsogna Cabanossi 375g,327981,$5.00,$13.33 / 1KG,https://www.woolworths.com.au/shop/productdetails/327981/d-orsogna-cabanossi,https://cdn0.woolworths.media/content/wowproductimages/medium/327981.jpg,2020-09-21 19:17:24,,0,,True
36e6c45c-d897-429d-9709-16c9875bdce5,Woolworths Supermarket,"Meat, Seafood & Deli",Maria Island Smoked Mussels 120g,662131,$8.00,$66.67 / 1KG,https://www.woolworths.com.au/shop/productdetails/662131/maria-island-smoked-mussels,https://cdn0.woolworths.media/content/wowproductimages/medium/662131.jpg,2020-09-21 19:17:24,,0,,True
a4d69e2e-4240-4173-8cbc-6e72fdb0cef9,Woolworths Supermarket,"Meat, Seafood & Deli",Bertocchi Strasburg Roll Plain 600g,712835,$8.00,$13.33 / 1KG,https://www.woolworths.com.au/shop/productdetails/712835/bertocchi-strasburg-roll-plain,https://cdn0.woolworths.media/content/wowproductimages/medium/712835.jpg,2020-09-21 19:17:24,,0,,True
df7ecad3-5d45-417b-883b-743bd897907c,Woolworths Supermarket,"Meat, Seafood & Deli",Woolworths Premium Pub Style Schnitzel each,807560,$4.00,$4.00 / 1EA,https://www.woolworths.com.au/shop/productdetails/807560/woolworths-premium-pub-style-schnitzel,https://cdn0.woolworths.media/content/wowproductimages/medium/807560.jpg,2020-09-21 19:17:24,,0,,True
898635c7-e1ec-4022-9ef6-885c0cdb2a31,Woolworths Supermarket,"Meat, Seafood & Deli",Bertocchi Classic Leg Ham Virginian Sliced per kg,716097,$23.00,$23.00 / 1KG,https://www.woolworths.com.au/shop/productdetails/716097/bertocchi-classic-leg-ham-virginian-sliced,https://cdn0.woolworths.media/content/wowproductimages/medium/716097.jpg,2020-09-21 19:17:24,,0,,True
61ca4277-6be6-44ff-95c2-bc852f5dd0f2,Woolworths Supermarket,"Meat, Seafood & Deli",Bertocchi Pork Bones Smoked 500g,262374,$9.00,$18.00 / 1KG,https://www.woolworths.com.au/shop/productdetails/262374/bertocchi-pork-bones-smoked,https://cdn0.woolworths.media/content/wowproductimages/medium/262374.jpg,2020-09-21 19:17:24,,0,,True
8cfead0e-b816-40e9-af1a-2a02c5731533,Woolworths Supermarket,"Meat, Seafood & Deli",Woolworths Chicken Tenderloins 500g - 700g,340821,$11.20,$16.00 / 1KG,https://www.woolworths.com.au/shop/productdetails/340821/woolworths-chicken-tenderloins,https://cdn0.woolworths.media/content/wowproductimages/medium/340821.jpg,2020-09-21 19:17:24,,0,,True
ab7668ed-ae2c-41de-8c1c-5ab6593f30e5,Woolworths Supermarket,"Meat, Seafood & Deli",Woolworths Chicken Whole Marinated & Seasoned 2kg - 2.7kg,340936,$17.55,$6.50 / 1KG,https://www.woolworths.com.au/shop/productdetails/340936/woolworths-chicken-whole-marinated-seasoned,https://cdn0.woolworths.media/content/wowproductimages/medium/340936.jpg,2020-09-21 19:17:24,,0,,True
dab582be-a4ae-4f43-8b14-34f63a9764a2,Woolworths Supermarket,"Meat, Seafood & Deli",Chicken Thigh Fillet per kg,340975,$12.00,$12.00 / 1KG,https://www.woolworths.com.au/shop/productdetails/340975/chicken-thigh-fillet,https://cdn0.woolworths.media/content/wowproductimages/medium/340975.jpg,2020-09-21 19:17:24,,0,,True
33bbe239-22b5-4bfd-8971-1ba82a95b3e7,Woolworths Supermarket,"Meat, Seafood & Deli",Chicken Drumsticks per kg,340976,$4.00,$4.00 / 1KG,https://www.woolworths.com.au/shop/productdetails/340976/chicken-drumsticks,https://cdn0.woolworths.media/content/wowproductimages/medium/340976.jpg,2020-09-21 19:17:24,,0,,True
c88bd80e-c7d5-4804-aa35-423a3a3cebf2,Woolworths Supermarket,"Meat, Seafood & Deli",Golden Farms Whole Chicken 1kg - 1.6kg,485238,$6.24,$3.90 / 1KG,https://www.woolworths.com.au/shop/productdetails/485238/golden-farms-whole-chicken,https://cdn0.woolworths.media/content/wowproductimages/medium/485238.jpg,2020-09-21 19:17:24,,0,Was $4.50kg 18/09/2019,True
3822e1fe-3015-4826-8396-84f094df18cf,Woolworths Supermarket,"Meat, Seafood & Deli",Chicken Wings Three Joint per kg,713233,$5.50,$5.50 / 1KG,https://www.woolworths.com.au/shop/productdetails/713233/chicken-wings-three-joint,https://cdn0.woolworths.media/content/wowproductimages/medium/713233.jpg,2020-09-21 19:17:24,,0,,True
76869757-4b48-4715-a631-4c6624078d41,Woolworths Supermarket,"Meat, Seafood & Deli",Woolworths Rspca Approved Chicken Breast Fillet min. 350g,713234,$9.00,$9.00 / 1KG,https://www.woolworths.com.au/shop/productdetails/713234/woolworths-rspca-approved-chicken-breast-fillet,https://cdn0.woolworths.media/content/wowproductimages/medium/713234.jpg,2020-09-21 19:17:24,,0,,True
7259bbcd-13db-47c3-ae62-22fb7e448673,Woolworths Supermarket,"Meat, Seafood & Deli",Woolworths Rspca Approved Fresh Chicken Thigh Fillets Skinless Tray 1kg - 1.5kg,721116,$16.50,$11.00 / 1KG,https://www.woolworths.com.au/shop/productdetails/721116/woolworths-rspca-approved-fresh-chicken-thigh-fillets-skinless-tray,https://cdn0.woolworths.media/content/wowproductimages/medium/721116.jpg,2020-09-21 19:17:24,,0,Was $12.00kg 18/09/2019,True
367d3af5-99de-4b10-98af-7aab7cb448a0,Woolworths Supermarket,"Meat, Seafood & Deli",Woolworths Rspca Chicken Breast Fillet 1kg - 1.5kg,969724,$14.25,$9.50 / 1KG,https://www.woolworths.com.au/shop/productdetails/969724/woolworths-rspca-chicken-breast-fillet,https://cdn0.woolworths.media/content/wowproductimages/medium/969724.jpg,2020-09-21 19:17:24,,0,,True
6fe11ff2-b9a7-41dc-aa09-d62b009eae24,Woolworths Supermarket,"Meat, Seafood & Deli",Woolworths Sweet & Smokey Bbq Chicken Wings per kg,036217,$8.00,$8.00 / 1KG,https://www.woolworths.com.au/shop/productdetails/36217/woolworths-sweet-smokey-bbq-chicken-wings,https://cdn0.woolworths.media/content/wowproductimages/medium/036217.jpg,2020-09-21 19:17:24,,0,,True
125774d2-e61f-4f28-989f-8561d0f4d453,Woolworths Supermarket,"Meat, Seafood & Deli",Woolworths Chicken Thigh Fillets Skinless Small 450g - 750g,340824,$10.13,$13.50 / 1KG,https://www.woolworths.com.au/shop/productdetails/340824/woolworths-chicken-thigh-fillets-skinless-small,https://cdn0.woolworths.media/content/wowproductimages/medium/340824.jpg,2020-09-21 19:17:24,,0,,True
9adbc2f7-1530-447b-9bb7-894fdb2a8a5d,Woolworths Supermarket,"Meat, Seafood & Deli",Woolworths Chicken Breast Fillet Skinless Small 400g - 850g,340853,$10.20,$12.00 / 1KG,https://www.woolworths.com.au/shop/productdetails/340853/woolworths-chicken-breast-fillet-skinless-small,https://cdn0.woolworths.media/content/wowproductimages/medium/340853.jpg,2020-09-21 19:17:24,,0,,True
0fa393dc-cd58-4337-93bb-c35f38443f68,Woolworths Supermarket,"Meat, Seafood & Deli",Woolworths Rspca Approved Chicken Mini Fillets per kg,340973,$13.50,$13.50 / 1KG,https://www.woolworths.com.au/shop/productdetails/340973/woolworths-rspca-approved-chicken-mini-fillets,https://cdn0.woolworths.media/content/wowproductimages/medium/340973.jpg,2020-09-21 19:17:24,,0,,True
42204445-a2b0-4d6c-9e49-72e3549d03ec,Woolworths Supermarket,"Meat, Seafood & Deli",Chicken Wings Honey Soy per kg,341592,,,https://www.woolworths.com.au/shop/productdetails/341592/chicken-wings-honey-soy,https://cdn0.woolworths.media/content/wowproductimages/medium/341592.jpg,2020-09-21 19:17:24,,0,,False
822c41ad-5175-4f0e-81a7-5457f3566fff,Woolworths Supermarket,"Meat, Seafood & Deli",Chicken Maryland Supreme per kg,353996,$5.50,$5.50 / 1KG,https://www.woolworths.com.au/shop/productdetails/353996/chicken-maryland-supreme,https://cdn0.woolworths.media/content/wowproductimages/medium/353996.jpg,2020-09-21 19:17:24,,0,,True
967dd52d-e022-4142-a14b-c3ae9a62ec8e,Woolworths Supermarket,"Meat, Seafood & Deli",Chicken Thigh Cutlets Skin On per kg,354007,$5.50,$5.50 / 1KG,https://www.woolworths.com.au/shop/productdetails/354007/chicken-thigh-cutlets-skin-on,https://cdn0.woolworths.media/content/wowproductimages/medium/354007.jpg,2020-09-21 19:17:24,,0,,True
572980af-82f1-45b4-b5c2-c7be09e31ed2,Woolworths Supermarket,"Meat, Seafood & Deli",Woolworths Chicken Mince 500g,360324,$6.00,$12.00 / 1KG,https://www.woolworths.com.au/shop/productdetails/360324/woolworths-chicken-mince,https://cdn0.woolworths.media/content/wowproductimages/medium/360324.jpg,2020-09-21 19:17:24,,0,2 for $11.00,True
3c8e5bb9-f22d-4e59-8d43-30d6fc1ca9f2,Woolworths Supermarket,"Meat, Seafood & Deli",Woolworths Chicken Sausages 600g,825129,$5.50,$9.17 / 1KG,https://www.woolworths.com.au/shop/productdetails/825129/woolworths-chicken-sausages,https://cdn0.woolworths.media/content/wowproductimages/medium/825129.jpg,2020-09-21 19:17:24,,0,2 for $10.00 $8.33/1KG,True
602b3c79-bb5f-4c60-bd04-7a5b250ac057,Woolworths Supermarket,"Meat, Seafood & Deli",Boscastle Gourmet Beef Rolls 12 pack,728199,$17.99,$3.00 / 100G,https://www.woolworths.com.au/shop/productdetails/728199/boscastle-gourmet-beef-rolls,https://cdn0.woolworths.media/content/wowproductimages/medium/728199.jpg,2020-09-21 19:17:24,,0,,True
ca87128f-73f2-4e80-ab73-5b0450250971,Woolworths Supermarket,"Meat, Seafood & Deli",Boscastle Butter Chicken Gourmet Pie 12 pack,774445,$17.99,$2.73 / 100G,https://www.woolworths.com.au/shop/productdetails/774445/boscastle-butter-chicken-gourmet-pie,https://cdn0.woolworths.media/content/wowproductimages/medium/774445.jpg,2020-09-21 19:17:24,,0,,True
56994192-2ffb-4401-8fd8-3807434a0623,Woolworths Supermarket,"Meat, Seafood & Deli",D'orsogna Flame Roasted Carolina Sweet Honey Mustard Ham 125g,067719,$5.00,$40.00 / 1KG,https://www.woolworths.com.au/shop/productdetails/67719/d-orsogna-flame-roasted-carolina-sweet-honey-mustard-ham,https://cdn0.woolworths.media/content/wowproductimages/medium/067719.jpg,2020-09-21 19:17:24,,0,,True
0834e41b-ccf3-4027-ae79-1fb4d82a979b,Woolworths Supermarket,"Meat, Seafood & Deli",Simon Johnson Salted Butter Caramels 75g,673538,$7.90,$10.53 / 100G,https://www.woolworths.com.au/shop/productdetails/673538/simon-johnson-salted-butter-caramels,https://cdn0.woolworths.media/content/wowproductimages/medium/673538.jpg,2020-09-21 19:17:24,,0,,True
48986d1c-0d34-47a3-9b86-9fb8ee9912fb,Woolworths Supermarket,"Meat, Seafood & Deli",Simon Johnson Dark Choc Coated Salted Butter Caramels 125g,673582,$12.90,$10.32 / 100G,https://www.woolworths.com.au/shop/productdetails/673582/simon-johnson-dark-choc-coated-salted-butter-caramels,https://cdn0.woolworths.media/content/wowproductimages/medium/673582.jpg,2020-09-21 19:17:24,,0,,True
