id,supermarket,category,product_name,product_id,price,cup_price,product_url,img_url,viewed_date,ratings,rating_count,product_specials,available_in_stock
ff2aed05-de1a-4b26-84f4-fa3fcaeb436e,Woolworths Supermarket,Pantry,Essentials Coconut Cream 400ml,031370,$1.00,$0.25 / 100ML,https://www.woolworths.com.au/shop/productdetails/31370/essentials-coconut-cream,https://cdn0.woolworths.media/content/wowproductimages/medium/031370.jpg,2020-09-21 17:27:05,Average product rating out of 5: 4.3. Product score is based on 247 ratings,247,,True
f32cc212-15b5-4ac1-ab03-c3fa6f7ab709,Woolworths Supermarket,Pantry,Annalisa Tomatoes Diced 400g,038153,$1.40,$3.50 / 1KG,https://www.woolworths.com.au/shop/productdetails/38153/annalisa-tomatoes-diced,https://cdn0.woolworths.media/content/wowproductimages/medium/038153.jpg,2020-09-21 17:27:05,,0,,True
cf67fa9e-aed7-4625-8260-9f9098d6384a,Woolworths Supermarket,Pantry,Essentials Plain Flour 1kg,033282,$1.00,$1.00 / 1KG,https://www.woolworths.com.au/shop/productdetails/33282/essentials-plain-flour,https://cdn0.woolworths.media/content/wowproductimages/medium/033282.jpg,2020-09-21 17:27:05,Average product rating out of 5: 4.8. Product score is based on 420 ratings,420,,True
ec197670-9572-44d1-84dc-dedfe57e69f3,Woolworths Supermarket,Pantry,Essentials Packet Soup Mix French Onion 40g,094699,$0.45,$1.13 / 100G,https://www.woolworths.com.au/shop/productdetails/94699/essentials-packet-soup-mix-french-onion,https://cdn0.woolworths.media/content/wowproductimages/medium/094699.jpg,2020-09-21 17:27:05,,0,,True
adf41399-60b9-47ff-92bd-b2315a506732,Woolworths Supermarket,Pantry,Golden Circle Beetroot Sliced 850g,034133,$2.00,$2.35 / 1KG,https://www.woolworths.com.au/shop/productdetails/34133/golden-circle-beetroot-sliced,https://cdn0.woolworths.media/content/wowproductimages/medium/034133.jpg,2020-09-21 17:27:05,,0,,True
079199ca-5b28-4d14-a55d-d1ba9d86b8fd,Woolworths Supermarket,Pantry,Woolworths White Rice Long Grain 1kg,035007,$1.40,$0.14 / 100G,https://www.woolworths.com.au/shop/productdetails/35007/woolworths-white-rice-long-grain,https://cdn0.woolworths.media/content/wowproductimages/medium/035007.jpg,2020-09-21 17:27:05,Average product rating out of 5: 4.5. Product score is based on 432 ratings,432,,True
d0742274-533f-434a-b70a-9013b20a9d3d,Woolworths Supermarket,Pantry,Arnott's Tim Tam Chocolate Original 200g,036066,$3.65,$1.83 / 100G,https://www.woolworths.com.au/shop/productdetails/36066/arnott-s-tim-tam-chocolate-original,https://cdn0.woolworths.media/content/wowproductimages/medium/036066.jpg,2020-09-21 17:27:05,,0,,True
9b4d2c7c-67ae-4321-9d0e-88e208d2f1a9,Woolworths Supermarket,Pantry,Essentials Chunky Pasta Sauce 700g,000326,$2.00,$0.29 / 100G,https://www.woolworths.com.au/shop/productdetails/326/essentials-chunky-pasta-sauce,https://cdn0.woolworths.media/content/wowproductimages/medium/000326.jpg,2020-09-21 17:27:05,,0,,True
96ac6d50-f499-42af-847d-ec11e3a4f7fb,Woolworths Supermarket,Pantry,Green's Pancake Mix Original Shake 375g,033305,$2.90,$0.77 / 100G,https://www.woolworths.com.au/shop/productdetails/33305/green-s-pancake-mix-original-shake,https://cdn0.woolworths.media/content/wowproductimages/medium/033305.jpg,2020-09-21 17:27:05,,0,,True
5306ba88-fb21-4d36-9627-794da38f303c,Woolworths Supermarket,Pantry,Welch's Mixed Fruit Snacks 160g,068001,$5.00,$3.13 / 100G,https://www.woolworths.com.au/shop/productdetails/68001/welch-s-mixed-fruit-snacks,https://cdn0.woolworths.media/content/wowproductimages/medium/068001.jpg,2020-09-21 17:27:05,,0,,True
aa148445-20f8-4550-8354-29a8d7351d2d,Woolworths Supermarket,Pantry,Smith's Multipack Crinkle Cut Variety 20 pack,245856,$5.50,$1.45 / 100G,https://www.woolworths.com.au/shop/productdetails/245856/smith-s-multipack-crinkle-cut-variety,https://cdn0.woolworths.media/content/wowproductimages/medium/245856.jpg,2020-09-21 17:27:05,,0,2 for $9.80,True
e3f180af-7bdf-4174-bcc3-5b5808c6cb75,Woolworths Supermarket,Pantry,Zooper Dooper 8 Cosmic Flavours 24x70ml,021662,$2.90,$0.17 / 100ML,https://www.woolworths.com.au/shop/productdetails/21662/zooper-dooper-8-cosmic-flavours,https://cdn0.woolworths.media/content/wowproductimages/medium/021662.jpg,2020-09-21 17:27:05,,0,,True
87506a89-fcfb-4166-8460-50c09bf706fe,Woolworths Supermarket,Pantry,Cottee's Strawberry Jam 500g,033565,$2.80,$0.56 / 100G,https://www.woolworths.com.au/shop/productdetails/33565/cottee-s-strawberry-jam,https://cdn0.woolworths.media/content/wowproductimages/medium/033565.jpg,2020-09-21 17:27:05,,0,,True
f3f46075-09b5-46f5-837d-f8befd950886,Woolworths Supermarket,Pantry,Bega Peanut Butter Crunchy 375g,033604,$4.90,$1.31 / 100G,https://www.woolworths.com.au/shop/productdetails/33604/bega-peanut-butter-crunchy,https://cdn0.woolworths.media/content/wowproductimages/medium/033604.jpg,2020-09-21 17:27:05,,0,,True
6bb32ac9-09f0-40ba-acef-fa637cb0590b,Woolworths Supermarket,Pantry,Arnott's Monte Carlo 250g,036031,$3.00,$1.20 / 100G,https://www.woolworths.com.au/shop/productdetails/36031/arnott-s-monte-carlo,https://cdn0.woolworths.media/content/wowproductimages/medium/036031.jpg,2020-09-21 17:27:05,,0,,True
2d9a32b2-c123-4856-98ef-f46747025a96,Woolworths Supermarket,Pantry,Woolworths Minced Garlic 250g,077384,$1.25,$0.05 / 10G,https://www.woolworths.com.au/shop/productdetails/77384/woolworths-minced-garlic,https://cdn0.woolworths.media/content/wowproductimages/medium/077384.jpg,2020-09-21 17:27:05,,0,,True
7311cb39-7a2f-46c9-9db8-15ae318cc7ba,Woolworths Supermarket,Pantry,Woolworths Chocolate Creme Wafers 125g,497649,$0.57,$0.46 / 100G,https://www.woolworths.com.au/shop/productdetails/497649/woolworths-chocolate-creme-wafers,https://cdn0.woolworths.media/content/wowproductimages/medium/497649.jpg,2020-09-21 17:27:05,Average product rating out of 5: 4.0. Product score is based on 490 ratings,490,,True
e94f4534-f35f-49f9-b627-fd2a0b2c96f4,Woolworths Supermarket,Pantry,Woolworths Choc Chip Minis 8pk 180g,587116,$2.50,$1.39 / 100G,https://www.woolworths.com.au/shop/productdetails/587116/woolworths-choc-chip-minis,https://cdn0.woolworths.media/content/wowproductimages/medium/587116.jpg,2020-09-21 17:27:05,Average product rating out of 5: 4.4. Product score is based on 1255 ratings,1255,,True
61a752b5-3a83-4aa6-8436-38af8d6b9122,Woolworths Supermarket,Pantry,Edgell Corn Kernels Whole 420g,034437,$1.50,$3.57 / 1KG,https://www.woolworths.com.au/shop/productdetails/34437/edgell-corn-kernels-whole,https://cdn0.woolworths.media/content/wowproductimages/medium/034437.jpg,2020-09-21 17:27:05,,0,Was $1.80 14/05/2018,True
99ff0776-836b-4061-97cf-9d049f4c37a4,Woolworths Supermarket,Pantry,Welch's Super Fruit Mix Fruit Snacks 160g,068032,$5.00,$3.13 / 100G,https://www.woolworths.com.au/shop/productdetails/68032/welch-s-super-fruit-mix-fruit-snacks,https://cdn0.woolworths.media/content/wowproductimages/medium/068032.jpg,2020-09-21 17:27:05,,0,,True
4636a631-cc16-4ddb-88ea-499105021cf2,Woolworths Supermarket,Pantry,Welch's Tropical Fruits Fruit Snacks 160g,068052,$5.00,$3.13 / 100G,https://www.woolworths.com.au/shop/productdetails/68052/welch-s-tropical-fruits-fruit-snacks,https://cdn0.woolworths.media/content/wowproductimages/medium/068052.jpg,2020-09-21 17:27:05,,0,,True
7bfb5e6a-81f0-483b-9ecc-8eb9dcc0a667,Woolworths Supermarket,Pantry,Raguletto Pasta Sauce Napolitana 500g,004533,$1.80,$0.36 / 100G,https://www.woolworths.com.au/shop/productdetails/4533/raguletto-pasta-sauce-napolitana,https://cdn0.woolworths.media/content/wowproductimages/medium/004533.jpg,2020-09-21 17:27:05,,0,,True
01a8b3ff-49f3-4bf7-8468-3d1e90820a8d,Woolworths Supermarket,Pantry,Essentials Butter Cake Mix 340g,018093,$0.75,$0.22 / 100G,https://www.woolworths.com.au/shop/productdetails/18093/essentials-butter-cake-mix,https://cdn0.woolworths.media/content/wowproductimages/medium/018093.jpg,2020-09-21 17:27:05,Average product rating out of 5: 4.3. Product score is based on 152 ratings,152,,True
f971482c-85cb-499b-99de-719492b6225d,Woolworths Supermarket,Pantry,San Remo Penne Pasta No 18 500g,035742,$2.60,$0.52 / 100G,https://www.woolworths.com.au/shop/productdetails/35742/san-remo-penne-pasta-no-18,https://cdn0.woolworths.media/content/wowproductimages/medium/035742.jpg,2020-09-21 17:27:05,,0,,True
818c56bd-68ff-459c-a7bf-eda2db5c75f8,Woolworths Supermarket,Pantry,Masterfoods Barbecue Sauce 500ml,099696,$2.50,$0.50 / 100ML,https://www.woolworths.com.au/shop/productdetails/99696/masterfoods-barbecue-sauce,https://cdn0.woolworths.media/content/wowproductimages/medium/099696.jpg,2020-09-21 17:27:05,,0,,True
714889c3-8a04-42d6-97c9-47ac4507ed67,Woolworths Supermarket,Pantry,Doritos Share Pack Cheese Supreme 170g,826731,$2.75,$1.62 / 100G,https://www.woolworths.com.au/shop/productdetails/826731/doritos-share-pack-cheese-supreme,https://cdn0.woolworths.media/content/wowproductimages/medium/826731.jpg,2020-09-21 17:27:05,,0,,True
ea2f4854-63aa-4301-af01-bac1075c520e,Woolworths Supermarket,Pantry,Arnott's Shortbread 250g,008838,$2.50,$1.00 / 100G,https://www.woolworths.com.au/shop/productdetails/8838/arnott-s-shortbread,https://cdn0.woolworths.media/content/wowproductimages/medium/008838.jpg,2020-09-21 17:27:05,,0,,True
2ca5f43b-ab0e-4313-9c40-b1743fa381c4,Woolworths Supermarket,Pantry,Twisties Cheese Chips 90g,081659,$2.00,$2.22 / 100G,https://www.woolworths.com.au/shop/productdetails/81659/twisties-cheese-chips,https://cdn0.woolworths.media/content/wowproductimages/medium/081659.jpg,2020-09-21 17:27:05,,0,,True
07dec76a-f0ea-4495-9225-3e009b5fcb8a,Woolworths Supermarket,Pantry,Bertolli Extra Virgin Olive Oil Originale 750ml,502951,$6.50,$0.87 / 100ML,https://www.woolworths.com.au/shop/productdetails/502951/bertolli-extra-virgin-olive-oil-originale,https://cdn0.woolworths.media/content/wowproductimages/medium/502951.jpg,2020-09-21 17:27:05,,0,,True
f2472848-819e-4f0b-834a-e723fe9e68e6,Woolworths Supermarket,Pantry,Valcom Canned Bamboo Shoots Sliced 225g,097730,$1.10,$4.89 / 1KG,https://www.woolworths.com.au/shop/productdetails/97730/valcom-canned-bamboo-shoots-sliced,https://cdn0.woolworths.media/content/wowproductimages/medium/097730.jpg,2020-09-21 17:27:05,,0,,True
9ad18194-d751-405a-a6fd-ad5f455398e5,Woolworths Supermarket,Pantry,Kellogg's Nutri-grain Protein Breakfast Cereal 290g,701706,$4.95,$1.71 / 100G,https://www.woolworths.com.au/shop/productdetails/701706/kellogg-s-nutri-grain-protein-breakfast-cereal,https://cdn0.woolworths.media/content/wowproductimages/medium/701706.jpg,2020-09-21 17:27:05,,0,,True
1217cf29-8287-4240-9eeb-a4c245fdf318,Woolworths Supermarket,Pantry,Arnott's Malt O' Milk 250g,036036,$2.50,$1.00 / 100G,https://www.woolworths.com.au/shop/productdetails/36036/arnott-s-malt-o-milk,https://cdn0.woolworths.media/content/wowproductimages/medium/036036.jpg,2020-09-21 17:27:05,,0,,True
562f1aca-5629-49d9-8fe8-70caaf9d1426,Woolworths Supermarket,Pantry,Smith's Share Pack Crinkle Cut Salt & Vinegar 170g,826738,$2.75,$1.62 / 100G,https://www.woolworths.com.au/shop/productdetails/826738/smith-s-share-pack-crinkle-cut-salt-vinegar,https://cdn0.woolworths.media/content/wowproductimages/medium/826738.jpg,2020-09-21 17:27:05,,0,,True
4c88eeff-7ba3-4356-b295-93119232a63f,Woolworths Supermarket,Pantry,Arnott's Snack Right Sultana 250g,182697,$3.00,$1.20 / 100G,https://www.woolworths.com.au/shop/productdetails/182697/arnott-s-snack-right-sultana,https://cdn0.woolworths.media/content/wowproductimages/medium/182697.jpg,2020-09-21 17:27:05,,0,Was $4.20 11/02/2019,True
13a929c6-2a46-4a59-917c-ff465fd4ed38,Woolworths Supermarket,Pantry,Toblerone Milk Chocolate Bar 50g,047011,$1.00,$2.00 / 100G,https://www.woolworths.com.au/shop/productdetails/47011/toblerone-milk-chocolate-bar,https://cdn0.woolworths.media/content/wowproductimages/medium/047011.jpg,2020-09-21 17:27:05,,0,,True
5c1bc329-fa0b-4e99-a54a-3334291875b7,Woolworths Supermarket,Pantry,Kooka's Country Cookies Lemon 200g,347837,$2.00,$1.00 / 100G,https://www.woolworths.com.au/shop/productdetails/347837/kooka-s-country-cookies-lemon,https://cdn0.woolworths.media/content/wowproductimages/medium/347837.jpg,2020-09-21 17:27:05,,0,,True
7c8022fe-a83d-49ea-b294-3558fdae8c69,Woolworths Supermarket,Pantry,Uncle Tobys Roll-ups Strawberry Fun Prints 6 pack,324231,$4.00,$4.26 / 100G,https://www.woolworths.com.au/shop/productdetails/324231/uncle-tobys-roll-ups-strawberry-fun-prints,https://cdn0.woolworths.media/content/wowproductimages/medium/324231.jpg,2020-09-21 17:27:05,,0,,True
01a88a33-5133-48fe-905a-d2b6e3d0964a,Woolworths Supermarket,Pantry,Woolworths Corn Sweet Kernels 420g,218926,$1.00,$2.38 / 1KG,https://www.woolworths.com.au/shop/productdetails/218926/woolworths-corn-sweet-kernels,https://cdn0.woolworths.media/content/wowproductimages/medium/218926.jpg,2020-09-21 17:27:05,Average product rating out of 5: 4.1. Product score is based on 215 ratings,215,,True
7266fde8-ae45-4a1a-87fc-d4440326eb89,Woolworths Supermarket,Pantry,Moccona Freeze Dried Instant Coffee Classic Medium Roast 400g,208575,$24.00,$6.00 / 100G,https://www.woolworths.com.au/shop/productdetails/208575/moccona-freeze-dried-instant-coffee-classic-medium-roast,https://cdn0.woolworths.media/content/wowproductimages/medium/208575.jpg,2020-09-21 17:27:05,,0,,True
e8a02fbc-47b7-46a2-941f-e4c3f30bea50,Woolworths Supermarket,Pantry,Macro Organic Quinoa Tri Colour 500g,717631,$7.00,$1.40 / 100G,https://www.woolworths.com.au/shop/productdetails/717631/macro-organic-quinoa-tri-colour,https://cdn0.woolworths.media/content/wowproductimages/medium/717631.jpg,2020-09-21 17:27:05,Average product rating out of 5: 4.6. Product score is based on 274 ratings,274,Was $9.99 09/01/2017,True
83f04f2e-585d-4ab6-8986-e25712d7d684,Woolworths Supermarket,Pantry,Arnott's Shapes Cheddar 175g,384244,$2.50,$1.43 / 100G,https://www.woolworths.com.au/shop/productdetails/384244/arnott-s-shapes-cheddar,https://cdn0.woolworths.media/content/wowproductimages/medium/384244.jpg,2020-09-21 17:27:05,,0,,True
94ee6e66-13b9-4109-bba1-2cdfeeebef7b,Woolworths Supermarket,Pantry,Uncle Ben's Microwave Mexican Style Brown Rice 250g,727257,$3.00,$1.20 / 100G,https://www.woolworths.com.au/shop/productdetails/727257/uncle-ben-s-microwave-mexican-style-brown-rice,https://cdn0.woolworths.media/content/wowproductimages/medium/727257.jpg,2020-09-21 17:27:05,,0,,True
da24cc0e-d036-43a1-a6c0-deca17fc2db1,Woolworths Supermarket,Pantry,Pringles Sour Cream And Onion Chips 134g,479502,$2.50,$1.87 / 100G,https://www.woolworths.com.au/shop/productdetails/479502/pringles-sour-cream-and-onion-chips,https://cdn0.woolworths.media/content/wowproductimages/medium/479502.jpg,2020-09-21 17:27:05,,0,,True
912c896d-4865-4365-a9de-67153bb5c99c,Woolworths Supermarket,Pantry,Arnott's Scotch Finger 250g,036013,$3.00,$1.20 / 100G,https://www.woolworths.com.au/shop/productdetails/36013/arnott-s-scotch-finger,https://cdn0.woolworths.media/content/wowproductimages/medium/036013.jpg,2020-09-21 17:27:05,,0,,True
e9fb92b1-540e-4ac2-8303-3c230f06d89e,Woolworths Supermarket,Pantry,Woolworths Pear In Raspberry Flavoured Jelly 4x120g,245393,$2.20,$4.58 / 1KG,https://www.woolworths.com.au/shop/productdetails/245393/woolworths-pear-in-raspberry-flavoured-jelly,https://cdn0.woolworths.media/content/wowproductimages/medium/245393.jpg,2020-09-21 17:27:05,Average product rating out of 5: 3.4. Product score is based on 275 ratings,275,Was $3.49 08/08/16,True
5e743771-f6e3-4dfd-a277-b11af2ef8b1e,Woolworths Supermarket,Pantry,Woolworths Original Gluten Free Popcorn 10 pack,510726,$2.75,$1.38 / 100G,https://www.woolworths.com.au/shop/productdetails/510726/woolworths-original-gluten-free-popcorn,https://cdn0.woolworths.media/content/wowproductimages/medium/510726.jpg,2020-09-21 17:27:05,Average product rating out of 5: 4.3. Product score is based on 410 ratings,410,Was $3.00 27/11/2017,True
4f0f90d6-9059-476a-aebf-e5a4af91b885,Woolworths Supermarket,Pantry,Oreo Milk Chocolate Wafer Sticks 27 pack,639494,$5.00,$1.45 / 100G,https://www.woolworths.com.au/shop/productdetails/639494/oreo-milk-chocolate-wafer-sticks,https://cdn0.woolworths.media/content/wowproductimages/medium/639494.jpg,2020-09-21 17:27:05,,0,Was $5.80 08/01/2018,True
6a00c028-efd7-4104-87a0-ac4eec82b0c1,Woolworths Supermarket,Pantry,Woolworths Peanut Cookies 175g,014165,$1.75,$1.00 / 100G,https://www.woolworths.com.au/shop/productdetails/14165/woolworths-peanut-cookies,https://cdn0.woolworths.media/content/wowproductimages/medium/014165.jpg,2020-09-21 17:27:05,,0,,True
72f1076e-2f3f-43a5-9e32-c43f603d4293,Woolworths Supermarket,Pantry,Essentials Self Raising Flour 1kg,033296,$1.00,$1.00 / 1KG,https://www.woolworths.com.au/shop/productdetails/33296/essentials-self-raising-flour,https://cdn0.woolworths.media/content/wowproductimages/medium/033296.jpg,2020-09-21 17:27:05,Average product rating out of 5: 4.8. Product score is based on 389 ratings,389,,True
42ead2ae-1432-489f-b525-ee7dc7072b60,Woolworths Supermarket,Pantry,Uncle Tobys Muesli Bars Chewy Forest Fruits 6 pack,248251,$4.30,$2.32 / 100G,https://www.woolworths.com.au/shop/productdetails/248251/uncle-tobys-muesli-bars-chewy-forest-fruits,https://cdn0.woolworths.media/content/wowproductimages/medium/248251.jpg,2020-09-21 17:27:05,,0,,True
b512bdba-7b1e-4918-a92b-4ee34a7e31e9,Woolworths Supermarket,Pantry,Woolworths Vanilla Creme Wafers 125g,497685,$0.57,$0.46 / 100G,https://www.woolworths.com.au/shop/productdetails/497685/woolworths-vanilla-creme-wafers,https://cdn0.woolworths.media/content/wowproductimages/medium/497685.jpg,2020-09-21 17:27:05,Average product rating out of 5: 4.2. Product score is based on 576 ratings,576,,True
6141f7d9-b325-447f-9b6b-86a37e546b56,Woolworths Supermarket,Pantry,Woolworths Four Bean Mix No Added Salt Can 420g,663580,$0.80,$0.19 / 100G,https://www.woolworths.com.au/shop/productdetails/663580/woolworths-four-bean-mix-no-added-salt-can,https://cdn0.woolworths.media/content/wowproductimages/medium/663580.jpg,2020-09-21 17:27:05,Average product rating out of 5: 4.4. Product score is based on 329 ratings,329,,True
4e7ff499-16f4-465e-bfc6-30fac15d1259,Woolworths Supermarket,Pantry,Masterfoods Chicken Salt 200g,012344,$3.70,$0.19 / 10G,https://www.woolworths.com.au/shop/productdetails/12344/masterfoods-chicken-salt,https://cdn0.woolworths.media/content/wowproductimages/medium/012344.jpg,2020-09-21 17:27:05,,0,,True
778814b7-2e2e-4f7d-8151-176c5fa421a2,Woolworths Supermarket,Pantry,St.dalfour Thick Apricot Spread 284g,017347,$4.00,$1.41 / 100G,https://www.woolworths.com.au/shop/productdetails/17347/st-dalfour-thick-apricot-spread,https://cdn0.woolworths.media/content/wowproductimages/medium/017347.jpg,2020-09-21 17:27:05,,0,,True
55ba7f37-3183-4118-ad63-9e50da2eca83,Woolworths Supermarket,Pantry,Woolworths Coconut Fine Desiccated 250g,018159,$1.40,$5.60 / 1KG,https://www.woolworths.com.au/shop/productdetails/18159/woolworths-coconut-fine-desiccated,https://cdn0.woolworths.media/content/wowproductimages/medium/018159.jpg,2020-09-21 17:27:05,Average product rating out of 5: 4.7. Product score is based on 325 ratings,325,,True
01877b2b-4063-4024-8109-86efc3130d6e,Woolworths Supermarket,Pantry,Heinz Canned Soup Creamy Tomato 300g,018161,$1.98,$0.66 / 100G,https://www.woolworths.com.au/shop/productdetails/18161/heinz-canned-soup-creamy-tomato,https://cdn0.woolworths.media/content/wowproductimages/medium/018161.jpg,2020-09-21 17:27:05,,0,,True
f10882ea-bcb4-4f21-9783-f9f1f6ed631a,Woolworths Supermarket,Pantry,Parker's Pretzels Twists 200g,024378,$3.55,$1.78 / 100G,https://www.woolworths.com.au/shop/productdetails/24378/parker-s-pretzels-twists,https://cdn0.woolworths.media/content/wowproductimages/medium/024378.jpg,2020-09-21 17:27:05,,0,,True
c0cdd05e-13a2-4eae-b787-55ac84b42bd0,Woolworths Supermarket,Pantry,Sanitarium Up&go Liquid Breakfast Choc Ice 3 pack,032306,$4.80,$6.40 / 1L,https://www.woolworths.com.au/shop/productdetails/32306/sanitarium-up-go-liquid-breakfast-choc-ice,https://cdn0.woolworths.media/content/wowproductimages/medium/032306.jpg,2020-09-21 17:27:05,,0,,True
a92fb15d-faf2-4875-90e4-758dc7b32847,Woolworths Supermarket,Pantry,Dairylea Cheddar Cheese 500g,033500,$5.50,$11.00 / 1KG,https://www.woolworths.com.au/shop/productdetails/33500/dairylea-cheddar-cheese,https://cdn0.woolworths.media/content/wowproductimages/medium/033500.jpg,2020-09-21 17:27:05,,0,,True
1f2cf0be-172b-47e0-8af2-550cb949d0a9,Woolworths Supermarket,Pantry,Arnott's Chocolate Teddy Bear 200g,036064,$2.00,$1.00 / 100G,https://www.woolworths.com.au/shop/productdetails/36064/arnott-s-chocolate-teddy-bear,https://cdn0.woolworths.media/content/wowproductimages/medium/036064.jpg,2020-09-21 17:27:05,,0,,True
816b6395-a147-49b0-8217-5a55db6698f1,Woolworths Supermarket,Pantry,Essentials Packet Soup Mix Chicken Noodle 50g,037613,$0.45,$0.90 / 100G,https://www.woolworths.com.au/shop/productdetails/37613/essentials-packet-soup-mix-chicken-noodle,https://cdn0.woolworths.media/content/wowproductimages/medium/037613.jpg,2020-09-21 17:27:05,,0,,True
2fbfd709-c81b-4612-9ca0-f0e4e63ab9e2,Woolworths Supermarket,Pantry,Tcc Coconut Milk 400ml,000168,$1.50,$0.38 / 100ML,https://www.woolworths.com.au/shop/productdetails/168/tcc-coconut-milk,https://cdn0.woolworths.media/content/wowproductimages/medium/000168.jpg,2020-09-21 17:27:05,,0,,True
f610218d-e520-4b56-b75c-119e6c19ee0d,Woolworths Supermarket,Pantry,John West Kipper Fillets In Brine 200g,001471,$3.25,$16.25 / 1KG,https://www.woolworths.com.au/shop/productdetails/1471/john-west-kipper-fillets-in-brine,https://cdn0.woolworths.media/content/wowproductimages/medium/001471.jpg,2020-09-21 17:27:05,,0,,True
a850f2fc-5a8b-4632-9c10-252263b512c9,Woolworths Supermarket,Pantry,Old El Paso Soft Taco Dinner Kit 405g,002037,$6.50,$1.60 / 100G,https://www.woolworths.com.au/shop/productdetails/2037/old-el-paso-soft-taco-dinner-kit,https://cdn0.woolworths.media/content/wowproductimages/medium/002037.jpg,2020-09-21 17:27:05,,0,,True
3e1f0b1e-531a-44e8-ba81-b3a5c92b416f,Woolworths Supermarket,Pantry,Spc Spaghetti Rich Tomato 4x140g,002883,$3.60,$0.64 / 100G,https://www.woolworths.com.au/shop/productdetails/2883/spc-spaghetti-rich-tomato,https://cdn0.woolworths.media/content/wowproductimages/medium/002883.jpg,2020-09-21 17:27:05,,0,,True
3b45d104-8b56-47bc-bbf3-8224f02340a7,Woolworths Supermarket,Pantry,Beerenberg Hot Tomato Chutney 260g,004412,$5.40,$2.08 / 100G,https://www.woolworths.com.au/shop/productdetails/4412/beerenberg-hot-tomato-chutney,https://cdn0.woolworths.media/content/wowproductimages/medium/004412.jpg,2020-09-21 17:27:05,,0,,True
122a8527-e152-4c16-912d-e039327c35ad,Woolworths Supermarket,Pantry,Aeroplane Jelly Original Strawberry 85g,006089,$1.15,$1.35 / 100G,https://www.woolworths.com.au/shop/productdetails/6089/aeroplane-jelly-original-strawberry,https://cdn0.woolworths.media/content/wowproductimages/medium/006089.jpg,2020-09-21 17:27:05,,0,,True
478e8412-fdd3-468d-8c3c-806352fe3090,Woolworths Supermarket,Pantry,Sunbites Grain Waves Sour Cream & Chives 5 pack,720220,$3.10,$2.82 / 100G,https://www.woolworths.com.au/shop/productdetails/720220/sunbites-grain-waves-sour-cream-chives,https://cdn0.woolworths.media/content/wowproductimages/medium/720220.jpg,2020-09-21 17:27:05,,0,2 for $5.00,True
68aba9ea-0e13-4758-b3d7-8dad6ed08da9,Woolworths Supermarket,Pantry,Sanitarium Weet-bix Breakfast Cereal 1.2kg,200695,$5.00,$0.42 / 100G,https://www.woolworths.com.au/shop/productdetails/200695/sanitarium-weet-bix-breakfast-cereal,https://cdn0.woolworths.media/content/wowproductimages/medium/200695.jpg,2020-09-21 17:27:05,,0,,True
12593d75-c283-4be7-aef6-6b66bc13af97,Woolworths Supermarket,Pantry,Woolworths Walnuts Kernel 500g,749540,$11.00,$22.00 / 1KG,https://www.woolworths.com.au/shop/productdetails/749540/woolworths-walnuts-kernel,https://cdn0.woolworths.media/content/wowproductimages/medium/749540.jpg,2020-09-21 17:27:05,Average product rating out of 5: 4.8. Product score is based on 360 ratings,360,,True
38c3fd45-4da9-4b81-bcd0-ba31a9420a89,Woolworths Supermarket,Pantry,Beechworth Pure Honey 1.5kg,250371,$22.00,$1.47 / 100G,https://www.woolworths.com.au/shop/productdetails/250371/beechworth-pure-honey,https://cdn0.woolworths.media/content/wowproductimages/medium/250371.jpg,2020-09-21 17:27:05,,0,,True
fa58ba0e-91a5-4ace-b266-001880bb97e8,Woolworths Supermarket,Pantry,Vege Chips Chicken Style 100g,793382,$3.80,$3.80 / 100G,https://www.woolworths.com.au/shop/productdetails/793382/vege-chips-chicken-style,https://cdn0.woolworths.media/content/wowproductimages/medium/793382.jpg,2020-09-21 17:27:05,Average product rating out of 5: 4.7. Product score is based on 20 ratings,20,,True
aa69a882-baae-45a5-9c9c-bc2b27fb2cb8,Woolworths Supermarket,Pantry,Ritz Crackers Original 300g,660562,$2.50,$0.83 / 100G,https://www.woolworths.com.au/shop/productdetails/660562/ritz-crackers-original,https://cdn0.woolworths.media/content/wowproductimages/medium/660562.jpg,2020-09-21 17:27:05,,0,,True
123facca-9173-48a0-8e62-6dadb01f88cf,Woolworths Supermarket,Pantry,Macro Organic Quinoa Tri Colour 500g,717631,$7.00,$1.40 / 100G,https://www.woolworths.com.au/shop/productdetails/717631/macro-organic-quinoa-tri-colour,https://cdn0.woolworths.media/content/wowproductimages/medium/717631.jpg,2020-09-21 17:27:05,Average product rating out of 5: 4.6. Product score is based on 274 ratings,274,Was $9.99 09/01/2017,True
ef69acea-292f-4419-b89f-e3ce2d1620c8,Woolworths Supermarket,Pantry,Woolworths White Rice Long Grain 5kg,072779,$6.70,$0.13 / 100G,https://www.woolworths.com.au/shop/productdetails/72779/woolworths-white-rice-long-grain,https://cdn0.woolworths.media/content/wowproductimages/medium/072779.jpg,2020-09-21 17:27:05,Average product rating out of 5: 4.8. Product score is based on 14 ratings,14,,True
3583a799-1a62-4697-8983-a3a722c13f36,Woolworths Supermarket,Pantry,Moccona Freeze Dried Instant Coffee Classic Medium Roast 400g,208575,$24.00,$6.00 / 100G,https://www.woolworths.com.au/shop/productdetails/208575/moccona-freeze-dried-instant-coffee-classic-medium-roast,https://cdn0.woolworths.media/content/wowproductimages/medium/208575.jpg,2020-09-21 17:27:05,,0,,True
b50e3471-abc7-48cf-a92d-f4908225c1d6,Woolworths Supermarket,Pantry,Mckenzie's Himalayan Salt Rock Pink 400g,749926,$5.95,$0.15 / 10G,https://www.woolworths.com.au/shop/productdetails/749926/mckenzie-s-himalayan-salt-rock-pink,https://cdn0.woolworths.media/content/wowproductimages/medium/749926.jpg,2020-09-21 17:27:05,,0,,True
20465421-7c4f-4f43-8f5b-369eac1628ea,Woolworths Supermarket,Pantry,Nescafe Blend 43 Soluble Instant Coffee 500g,035694,$20.00,$4.00 / 100G,https://www.woolworths.com.au/shop/productdetails/35694/nescafe-blend-43-soluble-instant-coffee,https://cdn0.woolworths.media/content/wowproductimages/medium/035694.jpg,2020-09-21 17:27:05,,0,,True
6660dc98-a763-436d-b773-5a823c343b2f,Woolworths Supermarket,Pantry,Woolworths Diced Italian Tomatoes No Added Salt 400g,770320,$0.80,$2.00 / 1KG,https://www.woolworths.com.au/shop/productdetails/770320/woolworths-diced-italian-tomatoes-no-added-salt,https://cdn0.woolworths.media/content/wowproductimages/medium/770320.jpg,2020-09-21 17:27:05,Average product rating out of 5: 4.7. Product score is based on 311 ratings,311,,True
7089ddbe-d04a-4813-ab85-bafa7415fa76,Woolworths Supermarket,Pantry,Queen Organic Vanilla Bean Paste 65g,225399,$11.80,$18.15 / 100G,https://www.woolworths.com.au/shop/productdetails/225399/queen-organic-vanilla-bean-paste,https://cdn0.woolworths.media/content/wowproductimages/medium/225399.jpg,2020-09-21 17:27:05,,0,,True
6cfa4fa1-1c29-46a6-ae6a-68c10dc0cfc5,Woolworths Supermarket,Pantry,Arnott's Monte Carlo 250g,036031,$3.00,$1.20 / 100G,https://www.woolworths.com.au/shop/productdetails/36031/arnott-s-monte-carlo,https://cdn0.woolworths.media/content/wowproductimages/medium/036031.jpg,2020-09-21 17:27:05,,0,,True
86f5f765-5294-43da-b685-c2f2b2e0453c,Woolworths Supermarket,Pantry,Cadbury Dairy Milk Chocolate Fair Trade 350g,757883,$5.00,$1.43 / 100G,https://www.woolworths.com.au/shop/productdetails/757883/cadbury-dairy-milk-chocolate-fair-trade,https://cdn0.woolworths.media/content/wowproductimages/medium/757883.jpg,2020-09-21 17:27:05,,0,Was $6.30 16/01/2017,True
a713b407-66c5-4ada-b538-49dd98edb1bb,Woolworths Supermarket,Pantry,Woolworths Almond Meal 400g,610610,$7.50,$18.75 / 1KG,https://www.woolworths.com.au/shop/productdetails/610610/woolworths-almond-meal,https://cdn0.woolworths.media/content/wowproductimages/medium/610610.jpg,2020-09-21 17:27:05,Average product rating out of 5: 4.6. Product score is based on 326 ratings,326,Was $9.00 22/07/2020,True
c7831473-b10e-40df-891d-42bdabf764f8,Woolworths Supermarket,Pantry,Continental Cup A Soup Creamy Chicken With Lots Of Noodles 2 pack,026649,$2.00,$3.33 / 100G,https://www.woolworths.com.au/shop/productdetails/26649/continental-cup-a-soup-creamy-chicken-with-lots-of-noodles,https://cdn0.woolworths.media/content/wowproductimages/medium/026649.jpg,2020-09-21 17:27:05,,0,,True
c7a6ebb9-434b-483b-9238-bab23f0d2405,Woolworths Supermarket,Pantry,Bertolli Extra Virgin Olive Oil Originale 750ml,502951,$6.50,$0.87 / 100ML,https://www.woolworths.com.au/shop/productdetails/502951/bertolli-extra-virgin-olive-oil-originale,https://cdn0.woolworths.media/content/wowproductimages/medium/502951.jpg,2020-09-21 17:27:05,,0,,True
0d24694f-5219-41fa-8025-704bc5c8dd55,Woolworths Supermarket,Pantry,Cobram Estate Extra Virgin Light Olive Oil 750ml,345955,$15.00,$2.00 / 100ML,https://www.woolworths.com.au/shop/productdetails/345955/cobram-estate-extra-virgin-light-olive-oil,https://cdn0.woolworths.media/content/wowproductimages/medium/345955.jpg,2020-09-21 17:27:05,,0,,True
6a81c798-9f24-4f72-8efc-d4f9348dd7db,Woolworths Supermarket,Pantry,Woolworths Rolled Traditional Oats 750g,321220,$1.40,$0.19 / 100G,https://www.woolworths.com.au/shop/productdetails/321220/woolworths-rolled-traditional-oats,https://cdn0.woolworths.media/content/wowproductimages/medium/321220.jpg,2020-09-21 17:27:05,Average product rating out of 5: 4.6. Product score is based on 748 ratings,748,,True
8c97070d-c26d-45fb-ac68-77ca8d8116f9,Woolworths Supermarket,Pantry,Aeroplane Jelly Original Raspberry 85g,006094,$1.15,$1.35 / 100G,https://www.woolworths.com.au/shop/productdetails/6094/aeroplane-jelly-original-raspberry,https://cdn0.woolworths.media/content/wowproductimages/medium/006094.jpg,2020-09-21 17:27:05,,0,,True
84561b60-da75-45ca-a3fb-7020393231ba,Woolworths Supermarket,Pantry,Moccona Double Shot Latte 10 pack,006248,$4.50,$0.45 / 1EA,https://www.woolworths.com.au/shop/productdetails/6248/moccona-double-shot-latte,https://cdn0.woolworths.media/content/wowproductimages/medium/006248.jpg,2020-09-21 17:27:05,,0,,True
2c7f78d3-dc9e-43f9-957f-0403414faf60,Woolworths Supermarket,Pantry,Buderim Ginger Crystallised 250g,007620,$5.25,$21.00 / 1KG,https://www.woolworths.com.au/shop/productdetails/7620/buderim-ginger-crystallised,https://cdn0.woolworths.media/content/wowproductimages/medium/007620.jpg,2020-09-21 17:27:05,,0,,True
be546830-9d6c-4dc0-8207-61ea9a556e05,Woolworths Supermarket,Pantry,Suimin Oriental Chicken Cup 70g,009782,$1.50,$2.14 / 100G,https://www.woolworths.com.au/shop/productdetails/9782/suimin-oriental-chicken-cup,https://cdn0.woolworths.media/content/wowproductimages/medium/009782.jpg,2020-09-21 17:27:05,,0,,True
9c65117b-71e7-458e-8f4a-8a69d964e0dc,Woolworths Supermarket,Pantry,Gravox Cheese Sauce Mix Mild And Creamy 120g,013509,$2.70,$0.23 / 10G,https://www.woolworths.com.au/shop/productdetails/13509/gravox-cheese-sauce-mix-mild-and-creamy,https://cdn0.woolworths.media/content/wowproductimages/medium/013509.jpg,2020-09-21 17:27:05,,0,,True
d58ebea4-ca48-4fd0-82ff-bdb12ece79fa,Woolworths Supermarket,Pantry,Arnott's Salada 97% Fat Free 250g,021830,$3.20,$1.28 / 100G,https://www.woolworths.com.au/shop/productdetails/21830/arnott-s-salada-97-fat-free,https://cdn0.woolworths.media/content/wowproductimages/medium/021830.jpg,2020-09-21 17:27:05,,0,,True
e50e918b-e43a-400d-a3f0-f28d6f91d522,Woolworths Supermarket,Pantry,Tom Piper Beef Savoury Mince Vegetable 400g,028229,$3.00,$7.50 / 1KG,https://www.woolworths.com.au/shop/productdetails/28229/tom-piper-beef-savoury-mince-vegetable,https://cdn0.woolworths.media/content/wowproductimages/medium/028229.jpg,2020-09-21 17:27:05,,0,Was $4.19 21/08/2017,True
5f9ddb28-b0a3-4d19-afe1-5319791b980e,Woolworths Supermarket,Pantry,Arnott's Delta Creams 250g,030949,$3.00,$1.20 / 100G,https://www.woolworths.com.au/shop/productdetails/30949/arnott-s-delta-creams,https://cdn0.woolworths.media/content/wowproductimages/medium/030949.jpg,2020-09-21 17:27:05,,0,,True
0cc976bb-c87b-4302-ac85-d4c407fb5908,Woolworths Supermarket,Pantry,Golden Circle Pineapple Sliced In Syrup 450g,033429,$3.75,$8.33 / 1KG,https://www.woolworths.com.au/shop/productdetails/33429/golden-circle-pineapple-sliced-in-syrup,https://cdn0.woolworths.media/content/wowproductimages/medium/033429.jpg,2020-09-21 17:27:05,,0,,True
58882b70-4fce-4da4-b1ed-af8f7aaf3836,Woolworths Supermarket,Pantry,Capilano Honey Jar 500g,033642,$8.60,$1.72 / 100G,https://www.woolworths.com.au/shop/productdetails/33642/capilano-honey-jar,https://cdn0.woolworths.media/content/wowproductimages/medium/033642.jpg,2020-09-21 17:27:05,,0,,True
06e9eb0e-f608-4d79-9c8a-c59111796bea,Woolworths Supermarket,Pantry,Three Threes Pickles Mustard 250g,034497,$1.50,$6.00 / 1KG,https://www.woolworths.com.au/shop/productdetails/34497/three-threes-pickles-mustard,https://cdn0.woolworths.media/content/wowproductimages/medium/034497.jpg,2020-09-21 17:27:05,,0,,True
fcaa5de2-0121-4669-b762-fa77db5a3703,Woolworths Supermarket,Pantry,Essentials Assorted Flavours Fruit Bars 25 pack,295228,$3.70,$0.74 / 100G,https://www.woolworths.com.au/shop/productdetails/295228/essentials-assorted-flavours-fruit-bars,https://cdn0.woolworths.media/content/wowproductimages/medium/295228.jpg,2020-09-21 17:27:05,Average product rating out of 5: 3.4. Product score is based on 367 ratings,367,,True
f95bca39-8d29-496d-9311-964ea35e02b7,Woolworths Supermarket,Pantry,Choice Beef Noodle Cup 70g,521390,$0.75,$1.07 / 100G,https://www.woolworths.com.au/shop/productdetails/521390/choice-beef-noodle-cup,https://cdn0.woolworths.media/content/wowproductimages/medium/521390.jpg,2020-09-21 17:27:05,,0,,True
84dc9778-afd3-4180-a922-b7d53570848d,Woolworths Supermarket,Pantry,Arnott's Chocolate Caramel Crowns 200g,000025,$2.00,$1.00 / 100G,https://www.woolworths.com.au/shop/productdetails/25/arnott-s-chocolate-caramel-crowns,https://cdn0.woolworths.media/content/wowproductimages/medium/000025.jpg,2020-09-21 17:27:05,,0,,True
0afa9ca4-3c89-4ee2-b11e-782cda953855,Woolworths Supermarket,Pantry,Bellis Bars Apricot 45g,000079,$0.75,$1.67 / 100G,https://www.woolworths.com.au/shop/productdetails/79/bellis-bars-apricot,https://cdn0.woolworths.media/content/wowproductimages/medium/000079.jpg,2020-09-21 17:27:05,Average product rating out of 5: 4.6. Product score is based on 13 ratings,13,,True
e55954f2-171f-4f4e-8149-79ce54c84653,Woolworths Supermarket,Pantry,Pearl River Bridge Soy Sauce Superior Light 500ml,000086,$2.85,$0.57 / 100ML,https://www.woolworths.com.au/shop/productdetails/86/pearl-river-bridge-soy-sauce-superior-light,https://cdn0.woolworths.media/content/wowproductimages/medium/000086.jpg,2020-09-21 17:27:05,,0,,True
5c6df1a0-7dd8-48b5-bd76-c4c24fe65dbc,Woolworths Supermarket,Pantry,Sun Health Bars Macadamia & Honey 35g,000097,$1.75,$5.00 / 100G,https://www.woolworths.com.au/shop/productdetails/97/sun-health-bars-macadamia-honey,https://cdn0.woolworths.media/content/wowproductimages/medium/000097.jpg,2020-09-21 17:27:05,Average product rating out of 5: 5.0. Product score is based on 4 ratings,4,,True
3026762a-c2e3-49f4-aae4-0c9d2c8ee88c,Woolworths Supermarket,Pantry,Golden Days Fruit Snacks Bites Apricot Delight 150g,000131,$2.45,$1.63 / 100G,https://www.woolworths.com.au/shop/productdetails/131/golden-days-fruit-snacks-bites-apricot-delight,https://cdn0.woolworths.media/content/wowproductimages/medium/000131.jpg,2020-09-21 17:27:05,Average product rating out of 5: 4.6. Product score is based on 29 ratings,29,,True
8772136a-004a-4636-bf64-ba84b022ae3e,Woolworths Supermarket,Pantry,Leatherwood Organic Honey 500g,000287,$14.00,$2.80 / 100G,https://www.woolworths.com.au/shop/productdetails/287/leatherwood-organic-honey,https://cdn0.woolworths.media/content/wowproductimages/medium/000287.jpg,2020-09-21 17:27:05,,0,,True
3ecb2e37-0f20-4aea-a8ce-b4942e8c3ba3,Woolworths Supermarket,Pantry,Mckenzie's Acid Citric 75g,000344,$2.30,$3.07 / 100G,https://www.woolworths.com.au/shop/productdetails/344/mckenzie-s-acid-citric,https://cdn0.woolworths.media/content/wowproductimages/medium/000344.jpg,2020-09-21 17:27:05,,0,,True
9aaf804f-07f2-40dd-beb0-0ffd653f7512,Woolworths Supermarket,Pantry,M&m's Mini's Chocolate Tube 35g,000579,$1.50,$4.29 / 100G,https://www.woolworths.com.au/shop/productdetails/579/m-m-s-mini-s-chocolate-tube,https://cdn0.woolworths.media/content/wowproductimages/medium/000579.jpg,2020-09-21 17:27:05,,0,,True
c3bd1c3a-fc75-4377-80f3-a665e9f19215,Woolworths Supermarket,Pantry,Heinz Baked Beans Salt Reduced Tomato Sauce 220g,000873,$1.65,$0.75 / 100G,https://www.woolworths.com.au/shop/productdetails/873/heinz-baked-beans-salt-reduced-tomato-sauce,https://cdn0.woolworths.media/content/wowproductimages/medium/000873.jpg,2020-09-21 17:27:05,,0,,True
9b2d5300-382a-4cdd-bd68-0666ec1dbcb1,Woolworths Supermarket,Pantry,Masterfoods Dijonnaise Mustard 250g,001563,$3.50,$1.40 / 100G,https://www.woolworths.com.au/shop/productdetails/1563/masterfoods-dijonnaise-mustard,https://cdn0.woolworths.media/content/wowproductimages/medium/001563.jpg,2020-09-21 17:27:05,,0,,True
2eee9ceb-cb6c-41d1-be51-4dff34928396,Woolworths Supermarket,Pantry,Kellogg's Variety Assorted Breakfast Cereals 8 pack,001762,$6.00,$2.18 / 100G,https://www.woolworths.com.au/shop/productdetails/1762/kellogg-s-variety-assorted-breakfast-cereals,https://cdn0.woolworths.media/content/wowproductimages/medium/001762.jpg,2020-09-21 17:27:05,,0,Was $6.25 07/06/2018,True
37677c40-f195-4a66-934e-18489920c6a1,Woolworths Supermarket,Pantry,Masterfoods Barbecue Sauce 500ml,099696,$2.50,$0.50 / 100ML,https://www.woolworths.com.au/shop/productdetails/99696/masterfoods-barbecue-sauce,https://cdn0.woolworths.media/content/wowproductimages/medium/099696.jpg,2020-09-21 17:27:05,,0,,True
84639e3f-69a9-41c1-8574-28712e870740,Woolworths Supermarket,Pantry,Doritos Share Pack Cheese Supreme 170g,826731,$2.75,$1.62 / 100G,https://www.woolworths.com.au/shop/productdetails/826731/doritos-share-pack-cheese-supreme,https://cdn0.woolworths.media/content/wowproductimages/medium/826731.jpg,2020-09-21 17:27:05,,0,,True
c41c2734-ad03-40a8-a2ee-e29bf4914ea5,Woolworths Supermarket,Pantry,Arnott's Shortbread 250g,008838,$2.50,$1.00 / 100G,https://www.woolworths.com.au/shop/productdetails/8838/arnott-s-shortbread,https://cdn0.woolworths.media/content/wowproductimages/medium/008838.jpg,2020-09-21 17:27:05,,0,,True
9d456c8a-eda9-45a8-ae91-785d5db506f1,Woolworths Supermarket,Pantry,Twisties Cheese Chips 90g,081659,$2.00,$2.22 / 100G,https://www.woolworths.com.au/shop/productdetails/81659/twisties-cheese-chips,https://cdn0.woolworths.media/content/wowproductimages/medium/081659.jpg,2020-09-21 17:27:05,,0,,True
d62df6d5-cbff-44f6-be55-e929412fdf44,Woolworths Supermarket,Pantry,Bertolli Extra Virgin Olive Oil Originale 750ml,502951,$6.50,$0.87 / 100ML,https://www.woolworths.com.au/shop/productdetails/502951/bertolli-extra-virgin-olive-oil-originale,https://cdn0.woolworths.media/content/wowproductimages/medium/502951.jpg,2020-09-21 17:27:05,,0,,True
038b260f-1f57-4551-a55d-622a8a307a2f,Woolworths Supermarket,Pantry,Valcom Canned Bamboo Shoots Sliced 225g,097730,$1.10,$4.89 / 1KG,https://www.woolworths.com.au/shop/productdetails/97730/valcom-canned-bamboo-shoots-sliced,https://cdn0.woolworths.media/content/wowproductimages/medium/097730.jpg,2020-09-21 17:27:05,,0,,True
75d8f232-630b-4e87-9ab5-73d437cc699e,Woolworths Supermarket,Pantry,Kellogg's Nutri-grain Protein Breakfast Cereal 290g,701706,$4.95,$1.71 / 100G,https://www.woolworths.com.au/shop/productdetails/701706/kellogg-s-nutri-grain-protein-breakfast-cereal,https://cdn0.woolworths.media/content/wowproductimages/medium/701706.jpg,2020-09-21 17:27:05,,0,,True
ee4d3986-3e21-4c0a-b9c9-143386acaa63,Woolworths Supermarket,Pantry,Arnott's Malt O' Milk 250g,036036,$2.50,$1.00 / 100G,https://www.woolworths.com.au/shop/productdetails/36036/arnott-s-malt-o-milk,https://cdn0.woolworths.media/content/wowproductimages/medium/036036.jpg,2020-09-21 17:27:05,,0,,True
e22bf0f1-bd54-4aeb-91f9-8f14e62111a4,Woolworths Supermarket,Pantry,Smith's Share Pack Crinkle Cut Salt & Vinegar 170g,826738,$2.75,$1.62 / 100G,https://www.woolworths.com.au/shop/productdetails/826738/smith-s-share-pack-crinkle-cut-salt-vinegar,https://cdn0.woolworths.media/content/wowproductimages/medium/826738.jpg,2020-09-21 17:27:05,,0,,True
278a30a3-4d9a-4974-9b77-5acaf7af2d80,Woolworths Supermarket,Pantry,Arnott's Snack Right Sultana 250g,182697,$3.00,$1.20 / 100G,https://www.woolworths.com.au/shop/productdetails/182697/arnott-s-snack-right-sultana,https://cdn0.woolworths.media/content/wowproductimages/medium/182697.jpg,2020-09-21 17:27:05,,0,Was $4.20 11/02/2019,True
b9bc0792-1d1f-41e7-a7d1-9d714aefaad0,Woolworths Supermarket,Pantry,Toblerone Milk Chocolate Bar 50g,047011,$1.00,$2.00 / 100G,https://www.woolworths.com.au/shop/productdetails/47011/toblerone-milk-chocolate-bar,https://cdn0.woolworths.media/content/wowproductimages/medium/047011.jpg,2020-09-21 17:27:05,,0,,True
e7329325-cf07-4589-8f05-fabd6e2b19f4,Woolworths Supermarket,Pantry,Kooka's Country Cookies Lemon 200g,347837,$2.00,$1.00 / 100G,https://www.woolworths.com.au/shop/productdetails/347837/kooka-s-country-cookies-lemon,https://cdn0.woolworths.media/content/wowproductimages/medium/347837.jpg,2020-09-21 17:27:05,,0,,True
bf72ff2b-a6ab-48ae-9c74-cf7a163a5d84,Woolworths Supermarket,Pantry,Uncle Tobys Roll-ups Strawberry Fun Prints 6 pack,324231,$4.00,$4.26 / 100G,https://www.woolworths.com.au/shop/productdetails/324231/uncle-tobys-roll-ups-strawberry-fun-prints,https://cdn0.woolworths.media/content/wowproductimages/medium/324231.jpg,2020-09-21 17:27:05,,0,,True
5ea1bbc3-d24b-4adc-bbbc-9c4e8ce378f9,Woolworths Supermarket,Pantry,Woolworths Corn Sweet Kernels 420g,218926,$1.00,$2.38 / 1KG,https://www.woolworths.com.au/shop/productdetails/218926/woolworths-corn-sweet-kernels,https://cdn0.woolworths.media/content/wowproductimages/medium/218926.jpg,2020-09-21 17:27:05,Average product rating out of 5: 4.1. Product score is based on 215 ratings,215,,True
c49f0041-75f4-4d07-9124-57d7959c4637,Woolworths Supermarket,Pantry,Moccona Freeze Dried Instant Coffee Classic Medium Roast 400g,208575,$24.00,$6.00 / 100G,https://www.woolworths.com.au/shop/productdetails/208575/moccona-freeze-dried-instant-coffee-classic-medium-roast,https://cdn0.woolworths.media/content/wowproductimages/medium/208575.jpg,2020-09-21 17:27:05,,0,,True
885f1a6f-6c93-4ea3-aed8-2894cbbd04d5,Woolworths Supermarket,Pantry,Macro Organic Quinoa Tri Colour 500g,717631,$7.00,$1.40 / 100G,https://www.woolworths.com.au/shop/productdetails/717631/macro-organic-quinoa-tri-colour,https://cdn0.woolworths.media/content/wowproductimages/medium/717631.jpg,2020-09-21 17:27:05,Average product rating out of 5: 4.6. Product score is based on 274 ratings,274,Was $9.99 09/01/2017,True
78db465b-8c47-4138-8736-ec89a07ddd03,Woolworths Supermarket,Pantry,Arnott's Shapes Cheddar 175g,384244,$2.50,$1.43 / 100G,https://www.woolworths.com.au/shop/productdetails/384244/arnott-s-shapes-cheddar,https://cdn0.woolworths.media/content/wowproductimages/medium/384244.jpg,2020-09-21 17:27:05,,0,,True
beff8c80-eb74-4655-91e2-de2f808cd343,Woolworths Supermarket,Pantry,Uncle Ben's Microwave Mexican Style Brown Rice 250g,727257,$3.00,$1.20 / 100G,https://www.woolworths.com.au/shop/productdetails/727257/uncle-ben-s-microwave-mexican-style-brown-rice,https://cdn0.woolworths.media/content/wowproductimages/medium/727257.jpg,2020-09-21 17:27:05,,0,,True
aabe8778-3774-4b4f-91d5-d2a36a321716,Woolworths Supermarket,Pantry,Pringles Sour Cream And Onion Chips 134g,479502,$2.50,$1.87 / 100G,https://www.woolworths.com.au/shop/productdetails/479502/pringles-sour-cream-and-onion-chips,https://cdn0.woolworths.media/content/wowproductimages/medium/479502.jpg,2020-09-21 17:27:05,,0,,True
df9623eb-8fe5-4c24-bd09-768e7203ab0c,Woolworths Supermarket,Pantry,Green & Black's Organic Dark Chocolate 70% Cocoa 90g,002514,$2.12,$2.36 / 100G,https://www.woolworths.com.au/shop/productdetails/2514/green-black-s-organic-dark-chocolate-70-cocoa,https://cdn0.woolworths.media/content/wowproductimages/medium/002514.jpg,2020-09-21 17:27:05,,0,,True
9d9b72d8-9d6c-40b8-bfbe-6b48f04b39a8,Woolworths Supermarket,Pantry,Spc Baked Beans In Rich Tomato 4x140g,002595,$3.60,$0.64 / 100G,https://www.woolworths.com.au/shop/productdetails/2595/spc-baked-beans-in-rich-tomato,https://cdn0.woolworths.media/content/wowproductimages/medium/002595.jpg,2020-09-21 17:27:05,,0,,True
d67aa0b3-0399-4d4c-bcae-274cecbc43ab,Woolworths Supermarket,Pantry,John West Salmon Red 415g,002623,$13.00,$31.33 / 1KG,https://www.woolworths.com.au/shop/productdetails/2623/john-west-salmon-red,https://cdn0.woolworths.media/content/wowproductimages/medium/002623.jpg,2020-09-21 17:27:05,,0,,True
b5ca93c4-0787-46f4-8328-36e36e4faed4,Woolworths Supermarket,Pantry,Crisco Canola Oil 2l,002633,$6.00,$0.30 / 100ML,https://www.woolworths.com.au/shop/productdetails/2633/crisco-canola-oil,https://cdn0.woolworths.media/content/wowproductimages/medium/002633.jpg,2020-09-21 17:27:05,,0,Was $9.52 27/01/2020,True
3cb20caf-318d-416d-8c5b-344d223e8b6b,Woolworths Supermarket,Pantry,Heinz Baked Beans No Added Sugar 220g,002861,$1.65,$0.75 / 100G,https://www.woolworths.com.au/shop/productdetails/2861/heinz-baked-beans-no-added-sugar,https://cdn0.woolworths.media/content/wowproductimages/medium/002861.jpg,2020-09-21 17:27:05,,0,,True
ee77e3f5-f45f-49be-859d-9041bf0fb734,Woolworths Supermarket,Pantry,Allen's Butter-menthol Throat Lozenge 3 pack,002867,$4.00,$0.13 / 1EA,https://www.woolworths.com.au/shop/productdetails/2867/allen-s-butter-menthol-throat-lozenge,https://cdn0.woolworths.media/content/wowproductimages/medium/002867.jpg,2020-09-21 17:27:05,,0,,True
0480d275-f927-4104-9e4b-ab1ba6c0fc96,Woolworths Supermarket,Pantry,Allen's Anticol Throat Lozenge 3 pack,002955,$4.00,$0.13 / 1EA,https://www.woolworths.com.au/shop/productdetails/2955/allen-s-anticol-throat-lozenge,https://cdn0.woolworths.media/content/wowproductimages/medium/002955.jpg,2020-09-21 17:27:05,,0,,True
aad4816f-037e-40fa-81e1-e78ca846c43c,Woolworths Supermarket,Pantry,Nestle Soothers Throat Lozenge Eucalyptus & Menthol 3 pack,002979,$4.00,$0.13 / 1EA,https://www.woolworths.com.au/shop/productdetails/2979/nestle-soothers-throat-lozenge-eucalyptus-menthol,https://cdn0.woolworths.media/content/wowproductimages/medium/002979.jpg,2020-09-21 17:27:05,,0,,True
ecc9b378-ca64-4d51-9908-bb092e4c2cbc,Woolworths Supermarket,Pantry,Heinz Spaghetti No Added Sugar 220g,003007,$1.65,$0.75 / 100G,https://www.woolworths.com.au/shop/productdetails/3007/heinz-spaghetti-no-added-sugar,https://cdn0.woolworths.media/content/wowproductimages/medium/003007.jpg,2020-09-21 17:27:05,,0,,True
1d5eda5f-9a96-4f31-9cd7-9a6908df9d73,Woolworths Supermarket,Pantry,Beerenberg Tomato Chutney 260g,003151,$5.40,$2.08 / 100G,https://www.woolworths.com.au/shop/productdetails/3151/beerenberg-tomato-chutney,https://cdn0.woolworths.media/content/wowproductimages/medium/003151.jpg,2020-09-21 17:27:05,,0,,True
2e4fcb11-a4e4-4564-be48-204ef5fa2aca,Woolworths Supermarket,Pantry,Cadbury Dairy Milk Chocolate 55g roll,003158,$1.00,$1.82 / 100G,https://www.woolworths.com.au/shop/productdetails/3158/cadbury-dairy-milk-chocolate,https://cdn0.woolworths.media/content/wowproductimages/medium/003158.jpg,2020-09-21 17:27:05,,0,,True
848c649c-8661-4625-805e-44ca2c61cf47,Woolworths Supermarket,Pantry,Old El Paso Mild Salsa Thick & Chunky 375g,003356,$4.45,$1.19 / 100G,https://www.woolworths.com.au/shop/productdetails/3356/old-el-paso-mild-salsa-thick-chunky,https://cdn0.woolworths.media/content/wowproductimages/medium/003356.jpg,2020-09-21 17:27:05,,0,,True
5a90089b-579c-4db8-b192-9d96484234ff,Woolworths Supermarket,Pantry,Spc Baked Beans In Rich Tomato Salt Reduced 4x140g,003384,,,https://www.woolworths.com.au/shop/productdetails/3384/spc-baked-beans-in-rich-tomato-salt-reduced,https://cdn0.woolworths.media/content/wowproductimages/medium/003384.jpg,2020-09-21 17:27:05,,0,,False
07284b2c-26ea-4f77-9b9f-e7b2e43d7cf8,Woolworths Supermarket,Pantry,The Spice Tailor Thai Massaman Curry Kit 275g,003414,$4.00,$1.45 / 100G,https://www.woolworths.com.au/shop/productdetails/3414/the-spice-tailor-thai-massaman-curry-kit,https://cdn0.woolworths.media/content/wowproductimages/medium/003414.jpg,2020-09-21 17:27:05,,0,,True
75d6408b-e85d-4183-aa80-16ee628d9dee,Woolworths Supermarket,Pantry,Barilla Pesto Alla Genovese 190g,003466,$4.00,$2.11 / 100G,https://www.woolworths.com.au/shop/productdetails/3466/barilla-pesto-alla-genovese,https://cdn0.woolworths.media/content/wowproductimages/medium/003466.jpg,2020-09-21 17:27:05,,0,,True
06695fa9-bfc1-4a63-828b-1ea9578f3a56,Woolworths Supermarket,Pantry,Heinz Baked Beans No Added Sugar 220g x3 pack,003471,$4.00,$0.61 / 100G,https://www.woolworths.com.au/shop/productdetails/3471/heinz-baked-beans-no-added-sugar,https://cdn0.woolworths.media/content/wowproductimages/medium/003471.jpg,2020-09-21 17:27:05,,0,,True
6426fdab-ea5d-47a3-855c-36187c013e62,Woolworths Supermarket,Pantry,Maharajah's Choice Garlic Pappadams 100g,003925,$1.50,$1.50 / 100G,https://www.woolworths.com.au/shop/productdetails/3925/maharajah-s-choice-garlic-pappadams,https://cdn0.woolworths.media/content/wowproductimages/medium/003925.jpg,2020-09-21 17:27:05,,0,,True
5c0797be-9df5-441b-8937-2e7a709cabb5,Woolworths Supermarket,Pantry,Maharajah's Choice Plain Pappadams 100g,003927,$1.50,$1.50 / 100G,https://www.woolworths.com.au/shop/productdetails/3927/maharajah-s-choice-plain-pappadams,https://cdn0.woolworths.media/content/wowproductimages/medium/003927.jpg,2020-09-21 17:27:05,,0,,True
0a65d97a-222c-4cf1-9faa-78ee2291ee43,Woolworths Supermarket,Pantry,Real Foods Corn Thins Soy And Linseed 150g,003961,$2.00,$1.33 / 100G,https://www.woolworths.com.au/shop/productdetails/3961/real-foods-corn-thins-soy-and-linseed,https://cdn0.woolworths.media/content/wowproductimages/medium/003961.jpg,2020-09-21 17:27:05,,0,,True
c382a830-a920-4c43-9faf-0ac5e28ea685,Woolworths Supermarket,Pantry,Real Foods Corn Thins Multigrain 150g,004021,$2.00,$1.33 / 100G,https://www.woolworths.com.au/shop/productdetails/4021/real-foods-corn-thins-multigrain,https://cdn0.woolworths.media/content/wowproductimages/medium/004021.jpg,2020-09-21 17:27:05,,0,,True
ae120a43-8638-4d5f-90d1-33d53c5f1693,Woolworths Supermarket,Pantry,Fisherman's Friend Mints Fresh Sugar Free 25g pack,004432,$2.30,$9.20 / 100G,https://www.woolworths.com.au/shop/productdetails/4432/fisherman-s-friend-mints-fresh-sugar-free,https://cdn0.woolworths.media/content/wowproductimages/medium/004432.jpg,2020-09-21 17:27:05,,0,,True
c2f8a286-ced1-4121-9123-2fe1f490559d,Woolworths Supermarket,Pantry,Spam Ham Low Salt 340g,004516,$5.50,$16.18 / 1KG,https://www.woolworths.com.au/shop/productdetails/4516/spam-ham-low-salt,https://cdn0.woolworths.media/content/wowproductimages/medium/004516.jpg,2020-09-21 17:27:05,,0,,True
8a87ae28-bca0-48db-b4e1-378838587a76,Woolworths Supermarket,Pantry,Darrell Lea Rocklea Road Block 180g,004559,$3.00,$1.67 / 100G,https://www.woolworths.com.au/shop/productdetails/4559/darrell-lea-rocklea-road-block,https://cdn0.woolworths.media/content/wowproductimages/medium/004559.jpg,2020-09-21 17:27:05,,0,,True
62c62a1e-2e85-41d1-b358-7e9884844a77,Woolworths Supermarket,Pantry,Darrell Lea Caramel Craving Block 180g,004572,$3.00,$1.67 / 100G,https://www.woolworths.com.au/shop/productdetails/4572/darrell-lea-caramel-craving-block,https://cdn0.woolworths.media/content/wowproductimages/medium/004572.jpg,2020-09-21 17:27:05,,0,,True
1a505591-8f87-4ba1-8813-96e2bc1fc0c0,Woolworths Supermarket,Pantry,Arnott's Shapes Chicken Crimpy 175g,384245,$2.50,$1.43 / 100G,https://www.woolworths.com.au/shop/productdetails/384245/arnott-s-shapes-chicken-crimpy,https://cdn0.woolworths.media/content/wowproductimages/medium/384245.jpg,2020-09-21 17:27:05,,0,,True
e9057471-8014-40cf-bdb4-7ca69d3fa066,Woolworths Supermarket,Pantry,Woolworths Diced Italian Tomatoes No Added Salt 400g,770320,$0.80,$2.00 / 1KG,https://www.woolworths.com.au/shop/productdetails/770320/woolworths-diced-italian-tomatoes-no-added-salt,https://cdn0.woolworths.media/content/wowproductimages/medium/770320.jpg,2020-09-21 17:27:05,Average product rating out of 5: 4.7. Product score is based on 311 ratings,311,,True
e49a67f9-709f-4edb-a867-e2261a7e2801,Woolworths Supermarket,Pantry,Sunbites Grain Waves Sour Cream & Chives 170g,082361,$3.50,$2.06 / 100G,https://www.woolworths.com.au/shop/productdetails/82361/sunbites-grain-waves-sour-cream-chives,https://cdn0.woolworths.media/content/wowproductimages/medium/082361.jpg,2020-09-21 17:27:05,,0,,True
75804cf4-3323-4784-b800-8306f0d8ed7e,Woolworths Supermarket,Pantry,Cadbury Dairy Milk Chocolate Fair Trade 350g,757883,$5.00,$1.43 / 100G,https://www.woolworths.com.au/shop/productdetails/757883/cadbury-dairy-milk-chocolate-fair-trade,https://cdn0.woolworths.media/content/wowproductimages/medium/757883.jpg,2020-09-21 17:27:05,,0,Was $6.30 16/01/2017,True
785d5976-7ab5-4586-8e78-de93196066b9,Woolworths Supermarket,Pantry,Fantastic Rice Crackers Original 100g,035231,$1.50,$1.50 / 100G,https://www.woolworths.com.au/shop/productdetails/35231/fantastic-rice-crackers-original,https://cdn0.woolworths.media/content/wowproductimages/medium/035231.jpg,2020-09-21 17:27:05,,0,,True
59503c26-2753-4164-9470-07eb875af5b9,Woolworths Supermarket,Pantry,Masterfoods Barbecue Sauce 500ml,099696,$2.50,$0.50 / 100ML,https://www.woolworths.com.au/shop/productdetails/99696/masterfoods-barbecue-sauce,https://cdn0.woolworths.media/content/wowproductimages/medium/099696.jpg,2020-09-21 17:27:05,,0,,True
6ca516c5-6761-484b-998b-00feca0ed528,Woolworths Supermarket,Pantry,Mckenzie's Rice Flour 375g,094275,$1.50,$4.00 / 1KG,https://www.woolworths.com.au/shop/productdetails/94275/mckenzie-s-rice-flour,https://cdn0.woolworths.media/content/wowproductimages/medium/094275.jpg,2020-09-21 17:27:05,,0,,True
0fffb160-fadf-485c-8193-e85fb7e13903,Woolworths Supermarket,Pantry,Ardmona Tomatoes Diced No Added Salt 400g,226849,$1.40,$3.50 / 1KG,https://www.woolworths.com.au/shop/productdetails/226849/ardmona-tomatoes-diced-no-added-salt,https://cdn0.woolworths.media/content/wowproductimages/medium/226849.jpg,2020-09-21 17:27:05,,0,,True
1c58e3b9-496d-4874-960e-446a634aedbb,Woolworths Supermarket,Pantry,Macro Organic Quinoa Tri Colour 500g,717631,$7.00,$1.40 / 100G,https://www.woolworths.com.au/shop/productdetails/717631/macro-organic-quinoa-tri-colour,https://cdn0.woolworths.media/content/wowproductimages/medium/717631.jpg,2020-09-21 17:27:05,Average product rating out of 5: 4.6. Product score is based on 274 ratings,274,Was $9.99 09/01/2017,True
117d7cd2-09c9-46f2-bbd5-1c921ba8acbd,Woolworths Supermarket,Pantry,Ritz Crackers Original 300g,660562,$2.50,$0.83 / 100G,https://www.woolworths.com.au/shop/productdetails/660562/ritz-crackers-original,https://cdn0.woolworths.media/content/wowproductimages/medium/660562.jpg,2020-09-21 17:27:05,,0,,True
d6c0d39b-0093-4a85-a10c-bea060fe83d5,Woolworths Supermarket,Pantry,Woolworths Rolled Traditional Oats 750g,321220,$1.40,$0.19 / 100G,https://www.woolworths.com.au/shop/productdetails/321220/woolworths-rolled-traditional-oats,https://cdn0.woolworths.media/content/wowproductimages/medium/321220.jpg,2020-09-21 17:27:05,Average product rating out of 5: 4.6. Product score is based on 748 ratings,748,,True
f838dcf3-50b1-4e3c-9686-92ec4e64b1ab,Woolworths Supermarket,Pantry,Mckenzie's Himalayan Salt Rock Pink 400g,749926,$5.95,$0.15 / 10G,https://www.woolworths.com.au/shop/productdetails/749926/mckenzie-s-himalayan-salt-rock-pink,https://cdn0.woolworths.media/content/wowproductimages/medium/749926.jpg,2020-09-21 17:27:05,,0,,True
356af5c2-a3e9-4e93-9896-e55b26261922,Woolworths Supermarket,Pantry,Heinz Canned Soup Big Red Tomato 420g,034331,$2.20,$0.52 / 100G,https://www.woolworths.com.au/shop/productdetails/34331/heinz-canned-soup-big-red-tomato,https://cdn0.woolworths.media/content/wowproductimages/medium/034331.jpg,2020-09-21 17:27:05,,0,,True
3ae0dd5e-c420-4f76-8eea-55cee56f39ac,Woolworths Supermarket,Pantry,Cadbury Fry's Turkish Delight 55g bar,098390,$1.00,$1.82 / 100G,https://www.woolworths.com.au/shop/productdetails/98390/cadbury-fry-s-turkish-delight,https://cdn0.woolworths.media/content/wowproductimages/medium/098390.jpg,2020-09-21 17:27:05,,0,,True
c45238a7-1f77-46e3-a7e2-43c2e4b96da5,Woolworths Supermarket,Pantry,Essentials Pasta Penne 500g,188800,$0.80,$0.16 / 100G,https://www.woolworths.com.au/shop/productdetails/188800/essentials-pasta-penne,https://cdn0.woolworths.media/content/wowproductimages/medium/188800.jpg,2020-09-21 17:27:05,,0,,True
b98b6427-9db4-46b9-9bc8-7650fa591177,Woolworths Supermarket,Pantry,Essentials Raw Sugar 2kg,018174,$2.10,$0.11 / 100G,https://www.woolworths.com.au/shop/productdetails/18174/essentials-raw-sugar,https://cdn0.woolworths.media/content/wowproductimages/medium/018174.jpg,2020-09-21 17:27:05,,0,,True
26a8a96f-f598-4f0b-8680-416bc25530f7,Woolworths Supermarket,Pantry,Sunbites Grain Waves Sour Cream & Chives 5 pack,720220,$3.10,$2.82 / 100G,https://www.woolworths.com.au/shop/productdetails/720220/sunbites-grain-waves-sour-cream-chives,https://cdn0.woolworths.media/content/wowproductimages/medium/720220.jpg,2020-09-21 17:27:05,,0,2 for $5.00,True
e517691a-f2a5-468e-a32f-34faedd9342d,Woolworths Supermarket,Pantry,Indomie Mi Goreng Instant Noodles 5pk 425g,177972,$2.75,$0.65 / 100G,https://www.woolworths.com.au/shop/productdetails/177972/indomie-mi-goreng-instant-noodles,https://cdn0.woolworths.media/content/wowproductimages/medium/177972.jpg,2020-09-21 17:27:05,,0,,True
e050aa64-ce6f-4d8c-b377-8cc2bc68fe95,Woolworths Supermarket,Pantry,Continental Cup A Soup Creamy Chicken With Lots Of Noodles 2 pack,026649,$2.00,$3.33 / 100G,https://www.woolworths.com.au/shop/productdetails/26649/continental-cup-a-soup-creamy-chicken-with-lots-of-noodles,https://cdn0.woolworths.media/content/wowproductimages/medium/026649.jpg,2020-09-21 17:27:05,,0,,True
64b4b188-5b67-4e65-9268-05cd3e41e143,Woolworths Supermarket,Pantry,Arnott's Monte Carlo 250g,036031,$3.00,$1.20 / 100G,https://www.woolworths.com.au/shop/productdetails/36031/arnott-s-monte-carlo,https://cdn0.woolworths.media/content/wowproductimages/medium/036031.jpg,2020-09-21 17:27:05,,0,,True
def3d649-b1b0-4ba2-890b-05dfab512c6c,Woolworths Supermarket,Pantry,Darrell Lea Peppermint Party Time Block 180g,004704,$3.00,$1.67 / 100G,https://www.woolworths.com.au/shop/productdetails/4704/darrell-lea-peppermint-party-time-block,https://cdn0.woolworths.media/content/wowproductimages/medium/004704.jpg,2020-09-21 17:27:05,,0,,True
edd971ea-b0e2-4a82-8936-0692edd67f0a,Woolworths Supermarket,Pantry,Darrell Lea Traditional Liquorice Block 180g,004712,$3.00,$1.67 / 100G,https://www.woolworths.com.au/shop/productdetails/4712/darrell-lea-traditional-liquorice-block,https://cdn0.woolworths.media/content/wowproductimages/medium/004712.jpg,2020-09-21 17:27:05,,0,,True
93d7f046-f6ed-4fa1-a624-f0db2c1a4424,Woolworths Supermarket,Pantry,Lindt Excellence 95% Cocoa Block 80g,004758,$3.00,$3.75 / 100G,https://www.woolworths.com.au/shop/productdetails/4758/lindt-excellence-95-cocoa-block,https://cdn0.woolworths.media/content/wowproductimages/medium/004758.jpg,2020-09-21 17:27:05,,0,,True
f27e7a68-abd5-4752-891c-9edee9831d0a,Woolworths Supermarket,Pantry,Raffaello Raffaello 3 pack,004779,$1.00,$3.33 / 100G,https://www.woolworths.com.au/shop/productdetails/4779/raffaello-raffaello,https://cdn0.woolworths.media/content/wowproductimages/medium/004779.jpg,2020-09-21 17:27:05,,0,,True
1c5f0869-9cfb-49a2-8786-5d67f80e6fff,Woolworths Supermarket,Pantry,Kikkoman Soy Sauce Soy 1l,004840,$8.00,$0.80 / 100ML,https://www.woolworths.com.au/shop/productdetails/4840/kikkoman-soy-sauce-soy,https://cdn0.woolworths.media/content/wowproductimages/medium/004840.jpg,2020-09-21 17:27:05,,0,Was $9.50 19/03/2018,True
3de39d97-f58a-4350-8eb2-7aa27cdff689,Woolworths Supermarket,Pantry,Essentials Raw Sugar 3kg,004897,$3.09,$0.10 / 100G,https://www.woolworths.com.au/shop/productdetails/4897/essentials-raw-sugar,https://cdn0.woolworths.media/content/wowproductimages/medium/004897.jpg,2020-09-21 17:27:05,,0,,True
4c3b4c58-bc51-4dce-b5c5-ed1b12f4557f,Woolworths Supermarket,Pantry,Extra Spearmint Chewing Gum Sugar Free Multipack 3x14 Piece 81g,005180,$4.00,$4.94 / 100G,https://www.woolworths.com.au/shop/productdetails/5180/extra-spearmint-chewing-gum-sugar-free-multipack-3x14-piece,https://cdn0.woolworths.media/content/wowproductimages/medium/005180.jpg,2020-09-21 17:27:05,,0,Was $4.30 24/04/2017,True
dcdc5151-aa1b-43c7-8ac6-61893309ccdf,Woolworths Supermarket,Pantry,Dilmah Ceylon Tea Bags 50 pack,005306,$3.60,$0.07 / 1EA,https://www.woolworths.com.au/shop/productdetails/5306/dilmah-ceylon-tea-bags,https://cdn0.woolworths.media/content/wowproductimages/medium/005306.jpg,2020-09-21 17:27:05,,0,,True
ec57ee92-2a92-4c5b-8767-59063da36b39,Woolworths Supermarket,Pantry,Extra Peppermint Chewing Gum Sugar Free Multipack 3x14 Piece 81g,005311,$4.00,$4.94 / 100G,https://www.woolworths.com.au/shop/productdetails/5311/extra-peppermint-chewing-gum-sugar-free-multipack-3x14-piece,https://cdn0.woolworths.media/content/wowproductimages/medium/005311.jpg,2020-09-21 17:27:05,,0,Was $4.30 24/04/2017,True
c8b39e40-7f13-4a14-bbe6-8713b1b2e882,Woolworths Supermarket,Pantry,Maille Mustard Wholegrain Mild 210g,005556,$4.20,$2.00 / 100G,https://www.woolworths.com.au/shop/productdetails/5556/maille-mustard-wholegrain-mild,https://cdn0.woolworths.media/content/wowproductimages/medium/005556.jpg,2020-09-21 17:27:05,,0,,True
1f5a80a3-d51e-4566-a4c6-0c4b5d507202,Woolworths Supermarket,Pantry,Maille Mustard Dijon 215g,005558,$4.20,$1.95 / 100G,https://www.woolworths.com.au/shop/productdetails/5558/maille-mustard-dijon,https://cdn0.woolworths.media/content/wowproductimages/medium/005558.jpg,2020-09-21 17:27:05,,0,,True
592eddc0-3096-4452-9b42-4c268c6417e4,Woolworths Supermarket,Pantry,Green's Gravy Granules For Roast Meat 120g,005612,$3.80,$0.32 / 10G,https://www.woolworths.com.au/shop/productdetails/5612/green-s-gravy-granules-for-roast-meat,https://cdn0.woolworths.media/content/wowproductimages/medium/005612.jpg,2020-09-21 17:27:05,,0,,True
9ca02750-6520-41b5-8e81-06eded6a8f70,Woolworths Supermarket,Pantry,Green's Gravy Granules For Chicken 120g,005649,$3.80,$0.32 / 10G,https://www.woolworths.com.au/shop/productdetails/5649/green-s-gravy-granules-for-chicken,https://cdn0.woolworths.media/content/wowproductimages/medium/005649.jpg,2020-09-21 17:27:05,,0,,True
0c1cfb99-ec80-46fd-b76b-4648f48be6aa,Woolworths Supermarket,Pantry,Aeroplane Jelly Lite Strawberry 2x9g,005665,$1.90,$10.56 / 100G,https://www.woolworths.com.au/shop/productdetails/5665/aeroplane-jelly-lite-strawberry,https://cdn0.woolworths.media/content/wowproductimages/medium/005665.jpg,2020-09-21 17:27:05,,0,,True
0a57a78c-793b-42aa-b9ca-fb3ab0d5929b,Woolworths Supermarket,Pantry,Aeroplane Jelly Lite Lime 2x9g,005669,$1.90,$10.56 / 100G,https://www.woolworths.com.au/shop/productdetails/5669/aeroplane-jelly-lite-lime,https://cdn0.woolworths.media/content/wowproductimages/medium/005669.jpg,2020-09-21 17:27:05,,0,,True
e35b3980-20b8-4ae0-a796-e83a44793d87,Woolworths Supermarket,Pantry,Aeroplane Jelly Lite Orange Mango 2x9g,005678,$1.90,$10.56 / 100G,https://www.woolworths.com.au/shop/productdetails/5678/aeroplane-jelly-lite-orange-mango,https://cdn0.woolworths.media/content/wowproductimages/medium/005678.jpg,2020-09-21 17:27:05,,0,,True
b496fa18-6903-4f25-a451-715cf257bbff,Woolworths Supermarket,Pantry,Essentials White Sugar 2kg,005743,$1.79,$0.09 / 100G,https://www.woolworths.com.au/shop/productdetails/5743/essentials-white-sugar,https://cdn0.woolworths.media/content/wowproductimages/medium/005743.jpg,2020-09-21 17:27:05,,0,,True
ead9e698-c9ac-4342-8afe-d442f17fab30,Woolworths Supermarket,Pantry,Aeroplane Jelly Original Orange 85g,006081,$1.15,$1.35 / 100G,https://www.woolworths.com.au/shop/productdetails/6081/aeroplane-jelly-original-orange,https://cdn0.woolworths.media/content/wowproductimages/medium/006081.jpg,2020-09-21 17:27:05,,0,,True
759425dd-a1df-46fe-b55a-b83a5247670f,Woolworths Supermarket,Pantry,Aeroplane Jelly Original Port Wine 85g,006082,$1.15,$1.35 / 100G,https://www.woolworths.com.au/shop/productdetails/6082/aeroplane-jelly-original-port-wine,https://cdn0.woolworths.media/content/wowproductimages/medium/006082.jpg,2020-09-21 17:27:05,,0,,True
991e6704-f092-4bc6-9f5a-6dcdfedfe3c8,Woolworths Supermarket,Pantry,Aeroplane Jelly Berry Blue 85g,006086,$1.15,$1.35 / 100G,https://www.woolworths.com.au/shop/productdetails/6086/aeroplane-jelly-berry-blue,https://cdn0.woolworths.media/content/wowproductimages/medium/006086.jpg,2020-09-21 17:27:05,,0,,True
32b8916e-78ed-4d48-8ef5-364a7fc6a819,Woolworths Supermarket,Pantry,Aeroplane Jelly Original Lime 85g,006092,$1.15,$1.35 / 100G,https://www.woolworths.com.au/shop/productdetails/6092/aeroplane-jelly-original-lime,https://cdn0.woolworths.media/content/wowproductimages/medium/006092.jpg,2020-09-21 17:27:05,,0,,True
7f02747f-71ab-41f2-8778-801ab96b66eb,Woolworths Supermarket,Pantry,L'or Espresso India Coffee Capsules 10 pack,006224,$4.50,$0.45 / 1EA,https://www.woolworths.com.au/shop/productdetails/6224/l-or-espresso-india-coffee-capsules,https://cdn0.woolworths.media/content/wowproductimages/medium/006224.jpg,2020-09-21 17:27:05,,0,,True
a0099896-f4eb-42a1-8e06-6b0d7d6a8890,Woolworths Supermarket,Pantry,L'or Espresso Ristretto Coffee Capsules 40 pack,006232,$18.00,$0.45 / 1EA,https://www.woolworths.com.au/shop/productdetails/6232/l-or-espresso-ristretto-coffee-capsules,https://cdn0.woolworths.media/content/wowproductimages/medium/006232.jpg,2020-09-21 17:27:05,,0,,True
b3d6fa84-dc11-42d3-a743-b28128de43a9,Woolworths Supermarket,Pantry,L'or Double Barista Selection Coffee Capsules 10 pack,006233,$11.00,$1.10 / 1EA,https://www.woolworths.com.au/shop/productdetails/6233/l-or-double-barista-selection-coffee-capsules,https://cdn0.woolworths.media/content/wowproductimages/medium/006233.jpg,2020-09-21 17:27:05,,0,,True
e0dfe2e2-d1ac-4d43-96a2-3431372f5b19,Woolworths Supermarket,Pantry,Moccona Ristretto 200g,006247,$13.00,$6.50 / 100G,https://www.woolworths.com.au/shop/productdetails/6247/moccona-ristretto,https://cdn0.woolworths.media/content/wowproductimages/medium/006247.jpg,2020-09-21 17:27:05,,0,,True
7db2819b-6266-4af7-93ce-0a30288db580,Woolworths Supermarket,Pantry,Hong Gong Chili Oil 150ml,006255,$3.00,$2.00 / 100ML,https://www.woolworths.com.au/shop/productdetails/6255/hong-gong-chili-oil,https://cdn0.woolworths.media/content/wowproductimages/medium/006255.jpg,2020-09-21 17:27:05,,0,,True
abf4107d-f015-40ee-9c36-a7fcbaff7db9,Woolworths Supermarket,Pantry,Westmont Pickles Dill Sour 500g,007351,$6.50,$1.30 / 100G,https://www.woolworths.com.au/shop/productdetails/7351/westmont-pickles-dill-sour,https://cdn0.woolworths.media/content/wowproductimages/medium/007351.jpg,2020-09-21 17:27:05,,0,,True
22c39dc3-ed84-4de0-bef3-9ccd550b146c,Woolworths Supermarket,Pantry,Westmont Pickles Chilli 500g,007368,$6.50,$1.30 / 100G,https://www.woolworths.com.au/shop/productdetails/7368/westmont-pickles-chilli,https://cdn0.woolworths.media/content/wowproductimages/medium/007368.jpg,2020-09-21 17:27:05,,0,,True
dde01991-b02f-4bce-877f-c6c7e80f3449,Woolworths Supermarket,Pantry,Greenseas Tuna Tomato & Onion 95g,007648,$2.00,$21.05 / 1KG,https://www.woolworths.com.au/shop/productdetails/7648/greenseas-tuna-tomato-onion,https://cdn0.woolworths.media/content/wowproductimages/medium/007648.jpg,2020-09-21 17:27:05,,0,,True
899ee72f-80a5-4268-b827-2de9d7d6b322,Woolworths Supermarket,Pantry,Greenseas Tuna Natural Smoked Flavour 95g,007707,$2.00,$21.05 / 1KG,https://www.woolworths.com.au/shop/productdetails/7707/greenseas-tuna-natural-smoked-flavour,https://cdn0.woolworths.media/content/wowproductimages/medium/007707.jpg,2020-09-21 17:27:05,,0,,True
e76454b4-a9d0-4e2e-ad97-8d6a48a92731,Woolworths Supermarket,Pantry,Greenseas Tuna Lemon Pepper 95g,007733,$2.00,$21.05 / 1KG,https://www.woolworths.com.au/shop/productdetails/7733/greenseas-tuna-lemon-pepper,https://cdn0.woolworths.media/content/wowproductimages/medium/007733.jpg,2020-09-21 17:27:05,,0,,True
5dd2b17d-62c2-4688-bebd-d744c3d05e1e,Woolworths Supermarket,Pantry,Macro Cereal Granules Lecithin 250g,007809,$6.00,$2.40 / 100G,https://www.woolworths.com.au/shop/productdetails/7809/macro-cereal-granules-lecithin,https://cdn0.woolworths.media/content/wowproductimages/medium/007809.jpg,2020-09-21 17:27:05,Average product rating out of 5: 4.3. Product score is based on 3 ratings,3,,True
49613547-234f-4180-97a3-c592d6939dbc,Woolworths Supermarket,Pantry,Mckenzie's Baking Powder 125g,007932,$2.50,$2.00 / 100G,https://www.woolworths.com.au/shop/productdetails/7932/mckenzie-s-baking-powder,https://cdn0.woolworths.media/content/wowproductimages/medium/007932.jpg,2020-09-21 17:27:05,,0,,True
28a9b1a1-494e-4e1e-b9e5-1022dc6d3ea2,Woolworths Supermarket,Pantry,Mckenzie's Dried Veg Borlotti Beans 375g,008077,$2.69,$7.17 / 1KG,https://www.woolworths.com.au/shop/productdetails/8077/mckenzie-s-dried-veg-borlotti-beans,https://cdn0.woolworths.media/content/wowproductimages/medium/008077.jpg,2020-09-21 17:27:05,,0,,True
249a0d4e-70e7-4729-9f12-72c21db95304,Woolworths Supermarket,Pantry,Mckenzie's Lentils Whole Green 375g,008086,$2.30,$6.13 / 1KG,https://www.woolworths.com.au/shop/productdetails/8086/mckenzie-s-lentils-whole-green,https://cdn0.woolworths.media/content/wowproductimages/medium/008086.jpg,2020-09-21 17:27:05,,0,,True
5cf63a70-38d9-446a-818b-22f04244d739,Woolworths Supermarket,Pantry,Mckenzie's Lentils Red 375g,008088,$2.30,$0.61 / 100G,https://www.woolworths.com.au/shop/productdetails/8088/mckenzie-s-lentils-red,https://cdn0.woolworths.media/content/wowproductimages/medium/008088.jpg,2020-09-21 17:27:05,,0,,True
28b9fa51-3d2e-4fbc-9637-3266b56c7836,Woolworths Supermarket,Pantry,Harvest Beef Braised Steak & Onion 425g,008229,$4.00,$9.41 / 1KG,https://www.woolworths.com.au/shop/productdetails/8229/harvest-beef-braised-steak-onion,https://cdn0.woolworths.media/content/wowproductimages/medium/008229.jpg,2020-09-21 17:27:05,,0,,True
66082bc1-2620-464d-92b7-c556da182e09,Woolworths Supermarket,Pantry,Maggi Fish Sauce 300ml,008242,$2.40,$0.80 / 100ML,https://www.woolworths.com.au/shop/productdetails/8242/maggi-fish-sauce,https://cdn0.woolworths.media/content/wowproductimages/medium/008242.jpg,2020-09-21 17:27:05,,0,,True
8842f44a-0469-433c-93a1-d315dad9f864,Woolworths Supermarket,Pantry,Sunrice Brown Rice Medium Grain 2kg,008254,$6.50,$0.33 / 100G,https://www.woolworths.com.au/shop/productdetails/8254/sunrice-brown-rice-medium-grain,https://cdn0.woolworths.media/content/wowproductimages/medium/008254.jpg,2020-09-21 17:27:05,,0,,True
2376df24-04ce-42ae-b7fa-1e35bba9facb,Woolworths Supermarket,Pantry,Old El Paso Bulk Hard & Soft Kit 560g,008317,$9.00,$1.61 / 100G,https://www.woolworths.com.au/shop/productdetails/8317/old-el-paso-bulk-hard-soft-kit,https://cdn0.woolworths.media/content/wowproductimages/medium/008317.jpg,2020-09-21 17:27:05,,0,,True
f72e72e8-dbed-4dfa-a1c1-d07455095957,Woolworths Supermarket,Pantry,Allen's Xxx Mints 45g,008333,$1.50,$3.33 / 100G,https://www.woolworths.com.au/shop/productdetails/8333/allen-s-xxx-mints,https://cdn0.woolworths.media/content/wowproductimages/medium/008333.jpg,2020-09-21 17:27:05,,0,,True
93192183-4a79-44ee-a6a4-ffbaffc0c9b1,Woolworths Supermarket,Pantry,Old El Paso Family Taco Shell 202g,008386,$4.50,$2.23 / 100G,https://www.woolworths.com.au/shop/productdetails/8386/old-el-paso-family-taco-shell,https://cdn0.woolworths.media/content/wowproductimages/medium/008386.jpg,2020-09-21 17:27:05,,0,,True
4652d9bf-eb8c-4b6f-b79e-6321d4ad4178,Woolworths Supermarket,Pantry,Old El Paso Gluten Free Enchilada Kit 518g,008396,$7.00,$1.35 / 100G,https://www.woolworths.com.au/shop/productdetails/8396/old-el-paso-gluten-free-enchilada-kit,https://cdn0.woolworths.media/content/wowproductimages/medium/008396.jpg,2020-09-21 17:27:05,,0,,True
af7be17a-ba56-47ce-9137-022df3f95159,Woolworths Supermarket,Pantry,Dole Pineapple Chunks In Juice 822g,008449,$3.00,$3.65 / 1KG,https://www.woolworths.com.au/shop/productdetails/8449/dole-pineapple-chunks-in-juice,https://cdn0.woolworths.media/content/wowproductimages/medium/008449.jpg,2020-09-21 17:27:05,,0,,True
2c1edc2f-614a-4b49-883c-0dfe61aea6da,Woolworths Supermarket,Pantry,Eloments Egyptian Mint Tea 14 pack,008463,$5.90,$0.42 / 1EA,https://www.woolworths.com.au/shop/productdetails/8463/eloments-egyptian-mint-tea,https://cdn0.woolworths.media/content/wowproductimages/medium/008463.jpg,2020-09-21 17:27:05,,0,,True
9e175d20-48d8-4d40-bea0-1f710d73bf89,Woolworths Supermarket,Pantry,Golden Days Snacks Sesame Snaps 3x40g,008519,$2.50,$2.08 / 100G,https://www.woolworths.com.au/shop/productdetails/8519/golden-days-snacks-sesame-snaps,https://cdn0.woolworths.media/content/wowproductimages/medium/008519.jpg,2020-09-21 17:27:05,Average product rating out of 5: 4.8. Product score is based on 32 ratings,32,,True
32813abd-5552-47bf-bba9-77eabdcbedb4,Woolworths Supermarket,Pantry,Symington's Instant Dandelion Tea No Caffeine 250g,008552,$13.20,$5.28 / 100G,https://www.woolworths.com.au/shop/productdetails/8552/symington-s-instant-dandelion-tea-no-caffeine,https://cdn0.woolworths.media/content/wowproductimages/medium/008552.jpg,2020-09-21 17:27:05,,0,,True
6ee27bad-c444-4ca3-b43a-5bde57da0546,Woolworths Supermarket,Pantry,Eloments Double Lemon Tea 14 pack,008597,$5.90,$0.42 / 1EA,https://www.woolworths.com.au/shop/productdetails/8597/eloments-double-lemon-tea,https://cdn0.woolworths.media/content/wowproductimages/medium/008597.jpg,2020-09-21 17:27:05,,0,,True
213db8b5-0a79-4a00-a2a6-a846d2f09a13,Woolworths Supermarket,Pantry,One Night In Mexico Tortilla Corn 6 pack,008606,$4.00,$1.48 / 100G,https://www.woolworths.com.au/shop/productdetails/8606/one-night-in-mexico-tortilla-corn,https://cdn0.woolworths.media/content/wowproductimages/medium/008606.jpg,2020-09-21 17:27:05,,0,,True
cde010a2-5326-4b18-8fe4-2100f07edd1c,Woolworths Supermarket,Pantry,Twinings Irish Breakfast Tea Bags 100pk 200g,008647,$11.00,$0.11 / 1EA,https://www.woolworths.com.au/shop/productdetails/8647/twinings-irish-breakfast-tea-bags,https://cdn0.woolworths.media/content/wowproductimages/medium/008647.jpg,2020-09-21 17:27:05,,0,,True
a159d4da-52ad-4081-ac3e-5990c1a038e1,Woolworths Supermarket,Pantry,Hoyt's Sesame Seeds Jar 230g,008675,$4.50,$0.20 / 10G,https://www.woolworths.com.au/shop/productdetails/8675/hoyt-s-sesame-seeds-jar,https://cdn0.woolworths.media/content/wowproductimages/medium/008675.jpg,2020-09-21 17:27:05,,0,,True
e62dfce2-f6f3-4645-9359-039cb32f0e83,Woolworths Supermarket,Pantry,Arnott's Shortbread 250g,008838,$2.50,$1.00 / 100G,https://www.woolworths.com.au/shop/productdetails/8838/arnott-s-shortbread,https://cdn0.woolworths.media/content/wowproductimages/medium/008838.jpg,2020-09-21 17:27:05,,0,,True
3769ee7e-c690-4a60-806b-abaa116f72a6,Woolworths Supermarket,Pantry,Cadbury Dairy Milk Chocolate Hazelnut 55g bar,008874,$1.00,$1.82 / 100G,https://www.woolworths.com.au/shop/productdetails/8874/cadbury-dairy-milk-chocolate-hazelnut,https://cdn0.woolworths.media/content/wowproductimages/medium/008874.jpg,2020-09-21 17:27:05,,0,,True
daeb5cf2-570f-418f-a2ad-88b4bf154ad8,Woolworths Supermarket,Pantry,Cadbury Dairy Milk Chocolate Caramello 55g bar,008877,$1.00,$1.82 / 100G,https://www.woolworths.com.au/shop/productdetails/8877/cadbury-dairy-milk-chocolate-caramello,https://cdn0.woolworths.media/content/wowproductimages/medium/008877.jpg,2020-09-21 17:27:05,,0,,True
4df4a175-d020-4fbb-97aa-5991f27925c5,Woolworths Supermarket,Pantry,Ferrero Rocher Chocolates 16 pack,008896,$13.50,$6.75 / 100G,https://www.woolworths.com.au/shop/productdetails/8896/ferrero-rocher-chocolates,https://cdn0.woolworths.media/content/wowproductimages/medium/008896.jpg,2020-09-21 17:27:05,,0,,True
0f8f1f3c-d11c-42a0-a253-6e2e0bdd101c,Woolworths Supermarket,Pantry,Prochef Canola Spray 400g,009004,$3.00,$0.75 / 100G,https://www.woolworths.com.au/shop/productdetails/9004/prochef-canola-spray,https://cdn0.woolworths.media/content/wowproductimages/medium/009004.jpg,2020-09-21 17:27:05,,0,Was $3.85 04/10/2017,True
bbb1bff9-c2b2-4f9a-81b9-0a95e8dd8fe9,Woolworths Supermarket,Pantry,Ferrero Rocher Chocolates 30 pack,009023,$20.00,$5.33 / 100G,https://www.woolworths.com.au/shop/productdetails/9023/ferrero-rocher-chocolates,https://cdn0.woolworths.media/content/wowproductimages/medium/009023.jpg,2020-09-21 17:27:05,,0,,True
e7d36645-1360-4199-b71d-be622435d5c1,Woolworths Supermarket,Pantry,Masterfoods Finely Crushed Garlic 170g,009096,$3.00,$0.18 / 10G,https://www.woolworths.com.au/shop/productdetails/9096/masterfoods-finely-crushed-garlic,https://cdn0.woolworths.media/content/wowproductimages/medium/009096.jpg,2020-09-21 17:27:05,,0,,True
17792031-013d-496f-a5ac-f8e3bcb84711,Woolworths Supermarket,Pantry,Kong Foo Sing Snacks Fortune Cookies 100g,009105,$4.50,$4.50 / 100G,https://www.woolworths.com.au/shop/productdetails/9105/kong-foo-sing-snacks-fortune-cookies,https://cdn0.woolworths.media/content/wowproductimages/medium/009105.jpg,2020-09-21 17:27:05,,0,,True
2310f316-c19b-4fe7-8e42-0cd06011446a,Woolworths Supermarket,Pantry,Masterfoods Finely Chopped Ginger 160g,009185,$3.00,$0.19 / 10G,https://www.woolworths.com.au/shop/productdetails/9185/masterfoods-finely-chopped-ginger,https://cdn0.woolworths.media/content/wowproductimages/medium/009185.jpg,2020-09-21 17:27:05,,0,,True
e2c2d6e5-245a-4ff3-85f0-2ee33b1e8741,Woolworths Supermarket,Pantry,Fehlbergs Burger Pickles 490g,009228,$3.80,$7.76 / 1KG,https://www.woolworths.com.au/shop/productdetails/9228/fehlbergs-burger-pickles,https://cdn0.woolworths.media/content/wowproductimages/medium/009228.jpg,2020-09-21 17:27:05,,0,,True
0bf50c99-0147-4ba4-9026-51d6bfd2ba85,Woolworths Supermarket,Pantry,Beerenberg Tomato Sauce 300ml,009297,$4.75,$1.58 / 100ML,https://www.woolworths.com.au/shop/productdetails/9297/beerenberg-tomato-sauce,https://cdn0.woolworths.media/content/wowproductimages/medium/009297.jpg,2020-09-21 17:27:05,,0,,True
8306ccf3-5957-4ac3-a358-75dfbcc527ed,Woolworths Supermarket,Pantry,Dole Pineapple Slices In Syrup 836g,009446,$3.00,$3.59 / 1KG,https://www.woolworths.com.au/shop/productdetails/9446/dole-pineapple-slices-in-syrup,https://cdn0.woolworths.media/content/wowproductimages/medium/009446.jpg,2020-09-21 17:27:05,,0,,True
418517bb-30c9-4d76-b3a9-cb4d615379f7,Woolworths Supermarket,Pantry,Masterfoods Freshly Chopped Chilli 160g,009591,$3.00,$0.19 / 10G,https://www.woolworths.com.au/shop/productdetails/9591/masterfoods-freshly-chopped-chilli,https://cdn0.woolworths.media/content/wowproductimages/medium/009591.jpg,2020-09-21 17:27:05,,0,,True
241927de-626c-4b78-ad77-e82c0bab6194,Woolworths Supermarket,Pantry,Mission Blue Corn Chip 200g,009759,$4.00,$2.00 / 100G,https://www.woolworths.com.au/shop/productdetails/9759/mission-blue-corn-chip,https://cdn0.woolworths.media/content/wowproductimages/medium/009759.jpg,2020-09-21 17:27:05,,0,,True
46f3ee01-ac16-4e4a-b13f-94f4dbe22ab6,Woolworths Supermarket,Pantry,Mission Corn & Wheat Tortillas 384g,009833,$1.90,$0.49 / 100G,https://www.woolworths.com.au/shop/productdetails/9833/mission-corn-wheat-tortillas,https://cdn0.woolworths.media/content/wowproductimages/medium/009833.jpg,2020-09-21 17:27:05,,0,,True
59197053-0ce7-4bc8-977c-28733f55eda4,Woolworths Supermarket,Pantry,Twinings Russian Caravan Tea Bags 10pk 20g,010109,$2.70,$0.27 / 1EA,https://www.woolworths.com.au/shop/productdetails/10109/twinings-russian-caravan-tea-bags,https://cdn0.woolworths.media/content/wowproductimages/medium/010109.jpg,2020-09-21 17:27:05,,0,,True
de0a782f-1144-452a-afea-29b80ff09906,Woolworths Supermarket,Pantry,San Remo Trivelle Pasta 500g,010305,$2.60,$0.52 / 100G,https://www.woolworths.com.au/shop/productdetails/10305/san-remo-trivelle-pasta,https://cdn0.woolworths.media/content/wowproductimages/medium/010305.jpg,2020-09-21 17:27:05,,0,,True
3eba3026-edc0-49e8-86ba-900a43781a52,Woolworths Supermarket,Pantry,Spc Spaghetti Cheesy Cheddar Sauce 420g,010490,$1.15,$0.27 / 100G,https://www.woolworths.com.au/shop/productdetails/10490/spc-spaghetti-cheesy-cheddar-sauce,https://cdn0.woolworths.media/content/wowproductimages/medium/010490.jpg,2020-09-21 17:27:05,,0,Was $1.30 18/04/2016,True
d4f7d4d6-8a84-4ab7-87b6-0e34b893b21a,Woolworths Supermarket,Pantry,Kinder Surprise Chocolate Egg Pink 20g,010587,$2.20,$11.00 / 100G,https://www.woolworths.com.au/shop/productdetails/10587/kinder-surprise-chocolate-egg-pink,https://cdn0.woolworths.media/content/wowproductimages/medium/010587.jpg,2020-09-21 17:27:05,,0,,True
77b3265f-d46f-41be-bcef-e3d8ceb2f210,Woolworths Supermarket,Pantry,Baxter's Chilli Jam 225g,010788,$3.50,$1.56 / 100G,https://www.woolworths.com.au/shop/productdetails/10788/baxter-s-chilli-jam,https://cdn0.woolworths.media/content/wowproductimages/medium/010788.jpg,2020-09-21 17:27:05,,0,,True
f5f10bbc-527d-4fe4-bc24-39c8236dc412,Woolworths Supermarket,Pantry,Spam Ham Lite 340g,010848,$5.50,$16.18 / 1KG,https://www.woolworths.com.au/shop/productdetails/10848/spam-ham-lite,https://cdn0.woolworths.media/content/wowproductimages/medium/010848.jpg,2020-09-21 17:27:05,,0,,True
035bb5ec-72bf-4cdb-ad4e-8ccb06e34dec,Woolworths Supermarket,Pantry,Barilla Red Lentil Penne 250g,010892,$4.50,$1.80 / 100G,https://www.woolworths.com.au/shop/productdetails/10892/barilla-red-lentil-penne,https://cdn0.woolworths.media/content/wowproductimages/medium/010892.jpg,2020-09-21 17:27:05,,0,,True
cc8ce86f-7c29-40fd-89bf-73c681f8d9cd,Woolworths Supermarket,Pantry,Always Fresh Baby Cucumbers 680g,010921,$5.00,$7.35 / 1KG,https://www.woolworths.com.au/shop/productdetails/10921/always-fresh-baby-cucumbers,https://cdn0.woolworths.media/content/wowproductimages/medium/010921.jpg,2020-09-21 17:27:05,,0,,True
4dd457f9-a30e-49f8-a032-4549a7fa58cf,Woolworths Supermarket,Pantry,Nescafe Blend 43 Decaffeinated Instant Coffee 250g,010927,$17.50,$7.00 / 100G,https://www.woolworths.com.au/shop/productdetails/10927/nescafe-blend-43-decaffeinated-instant-coffee,https://cdn0.woolworths.media/content/wowproductimages/medium/010927.jpg,2020-09-21 17:27:05,,0,,True
17cf58d1-bf81-4097-a9ae-5219d10c86a5,Woolworths Supermarket,Pantry,Ayam Teriyaki Sauce 210ml,011062,$3.50,$1.67 / 100ML,https://www.woolworths.com.au/shop/productdetails/11062/ayam-teriyaki-sauce,https://cdn0.woolworths.media/content/wowproductimages/medium/011062.jpg,2020-09-21 17:27:05,,0,,True
5644e5c6-5a61-45fb-ae06-2742a191c294,Woolworths Supermarket,Pantry,Barilla Chickpea Casarecce 250g,011072,$4.50,$1.80 / 100G,https://www.woolworths.com.au/shop/productdetails/11072/barilla-chickpea-casarecce,https://cdn0.woolworths.media/content/wowproductimages/medium/011072.jpg,2020-09-21 17:27:05,,0,,True
84efae18-b162-4c57-a1c1-e7ddd2a17dfd,Woolworths Supermarket,Pantry,San Remo Vermicelli Egg Noodle Pasta 250g,011251,$1.50,$0.60 / 100G,https://www.woolworths.com.au/shop/productdetails/11251/san-remo-vermicelli-egg-noodle-pasta,https://cdn0.woolworths.media/content/wowproductimages/medium/011251.jpg,2020-09-21 17:27:05,,0,,True
19888972-4b3c-4356-b4a6-0df06f29309e,Woolworths Supermarket,Pantry,San Remo Tagliatelle Egg Noodle Pasta 250g,011252,$1.50,$0.60 / 100G,https://www.woolworths.com.au/shop/productdetails/11252/san-remo-tagliatelle-egg-noodle-pasta,https://cdn0.woolworths.media/content/wowproductimages/medium/011252.jpg,2020-09-21 17:27:05,,0,,True
cd927b7c-161b-4a77-ace7-d95cf73edaf3,Woolworths Supermarket,Pantry,Woolworths Fruit Free Toasted Muesli 750g,011709,$3.50,$0.47 / 100G,https://www.woolworths.com.au/shop/productdetails/11709/woolworths-fruit-free-toasted-muesli,https://cdn0.woolworths.media/content/wowproductimages/medium/011709.jpg,2020-09-21 17:27:05,,0,Was $3.85 17/05/2018,True
fee4e4a8-82a2-45a0-a56b-9bef2119eb70,Woolworths Supermarket,Pantry,Trident Hot & Spicy Flavour Thai With Noodles Soup 50g,011887,$1.10,$2.20 / 100G,https://www.woolworths.com.au/shop/productdetails/11887/trident-hot-spicy-flavour-thai-with-noodles-soup,https://cdn0.woolworths.media/content/wowproductimages/medium/011887.jpg,2020-09-21 17:27:05,,0,,True
0b96dc77-8e07-4743-ae15-a5a9cc73b55f,Woolworths Supermarket,Pantry,Chicken Tonight Simmer Sauce Honey & Mustard 485g,012079,$2.50,$0.52 / 100G,https://www.woolworths.com.au/shop/productdetails/12079/chicken-tonight-simmer-sauce-honey-mustard,https://cdn0.woolworths.media/content/wowproductimages/medium/012079.jpg,2020-09-21 17:27:05,,0,Was $3.20 22/05/2018,True
da61e3fc-523c-40ff-a957-4e9cd4c713f0,Woolworths Supermarket,Pantry,Spc Spaghetti Spagasaurus Shapes 420g,013170,$1.15,$0.27 / 100G,https://www.woolworths.com.au/shop/productdetails/13170/spc-spaghetti-spagasaurus-shapes,https://cdn0.woolworths.media/content/wowproductimages/medium/013170.jpg,2020-09-21 17:27:05,,0,Was $1.30 18/04/2016,True
743d004d-e175-4664-b846-9c1715395db8,Woolworths Supermarket,Pantry,Continental Cup A Soup Mild Chicken Curry With Lots Of Noodles 2 pack,013674,$2.00,$3.45 / 100G,https://www.woolworths.com.au/shop/productdetails/13674/continental-cup-a-soup-mild-chicken-curry-with-lots-of-noodles,https://cdn0.woolworths.media/content/wowproductimages/medium/013674.jpg,2020-09-21 17:27:05,,0,,True
1f8f2e9f-ba9c-4baa-a606-a0163e248381,Woolworths Supermarket,Pantry,Capilano Creamed Honey 500g,014039,$8.80,$1.76 / 100G,https://www.woolworths.com.au/shop/productdetails/14039/capilano-creamed-honey,https://cdn0.woolworths.media/content/wowproductimages/medium/014039.jpg,2020-09-21 17:27:05,,0,,True
68cd985a-e3b2-409e-a11c-7ea43b9c6da5,Woolworths Supermarket,Pantry,Old El Paso Mexe Beans 425g,014040,$3.00,$0.71 / 100G,https://www.woolworths.com.au/shop/productdetails/14040/old-el-paso-mexe-beans,https://cdn0.woolworths.media/content/wowproductimages/medium/014040.jpg,2020-09-21 17:27:05,,0,,True
56315ba8-8633-481a-84f9-37e9f023d23a,Woolworths Supermarket,Pantry,Spring Gully Gherkins Round 550g,014606,$4.10,$7.45 / 1KG,https://www.woolworths.com.au/shop/productdetails/14606/spring-gully-gherkins-round,https://cdn0.woolworths.media/content/wowproductimages/medium/014606.jpg,2020-09-21 17:27:05,,0,,True
bfa369fa-4f8a-4e26-a318-250c54351df6,Woolworths Supermarket,Pantry,Heinz Soup For One Big Red Tomato 300g,014615,$1.95,$0.65 / 100G,https://www.woolworths.com.au/shop/productdetails/14615/heinz-soup-for-one-big-red-tomato,https://cdn0.woolworths.media/content/wowproductimages/medium/014615.jpg,2020-09-21 17:27:05,,0,,True
52b0ff69-e3ce-48f6-a152-f868c90a62b4,Woolworths Supermarket,Pantry,Old El Paso Mexican Green Jalapenos 250g,015105,$4.45,$1.78 / 100G,https://www.woolworths.com.au/shop/productdetails/15105/old-el-paso-mexican-green-jalapenos,https://cdn0.woolworths.media/content/wowproductimages/medium/015105.jpg,2020-09-21 17:27:05,,0,,True
48b6458e-f0b7-4f7e-8343-0406dfa450fc,Woolworths Supermarket,Pantry,Lee Kum Kee Sauce Lemon Chicken 145g,015221,$1.70,$1.17 / 100G,https://www.woolworths.com.au/shop/productdetails/15221/lee-kum-kee-sauce-lemon-chicken,https://cdn0.woolworths.media/content/wowproductimages/medium/015221.jpg,2020-09-21 17:27:05,,0,,True
cc348277-6038-486e-ab07-ce2106000cfc,Woolworths Supermarket,Pantry,Lee Kum Kee Cantonese Chicken Ready Sauce Stir Fry Cantonese Chicken 120g,015226,$1.70,$1.42 / 100G,https://www.woolworths.com.au/shop/productdetails/15226/lee-kum-kee-cantonese-chicken-ready-sauce-stir-fry-cantonese-chicken,https://cdn0.woolworths.media/content/wowproductimages/medium/015226.jpg,2020-09-21 17:27:05,,0,,True
7c88f1df-2674-4a9f-a82f-e78b6a988dee,Woolworths Supermarket,Pantry,Tandaco Coating Mix Suet 250g,015260,$5.30,$0.21 / 10G,https://www.woolworths.com.au/shop/productdetails/15260/tandaco-coating-mix-suet,https://cdn0.woolworths.media/content/wowproductimages/medium/015260.jpg,2020-09-21 17:27:05,,0,,True
ea984b68-6fe9-42c6-bdc1-bf4cc15c8613,Woolworths Supermarket,Pantry,Tandaco Stuffing Mix 200g,015344,$2.45,$0.12 / 10G,https://www.woolworths.com.au/shop/productdetails/15344/tandaco-stuffing-mix,https://cdn0.woolworths.media/content/wowproductimages/medium/015344.jpg,2020-09-21 17:27:05,,0,,True
fed49962-dd26-4b51-a2d5-56940c0c69f9,Woolworths Supermarket,Pantry,Tandaco Coating Mix For Lightly Seasoned Fish 75g,015362,$2.00,$0.27 / 10G,https://www.woolworths.com.au/shop/productdetails/15362/tandaco-coating-mix-for-lightly-seasoned-fish,https://cdn0.woolworths.media/content/wowproductimages/medium/015362.jpg,2020-09-21 17:27:05,,0,,True
2b1e9a9c-306a-4fb2-9bf4-a136b3ba3a68,Woolworths Supermarket,Pantry,Tandaco Coating Mix Fried Chicken 75g,015388,$2.00,$0.27 / 10G,https://www.woolworths.com.au/shop/productdetails/15388/tandaco-coating-mix-fried-chicken,https://cdn0.woolworths.media/content/wowproductimages/medium/015388.jpg,2020-09-21 17:27:05,,0,,True
26af5dd8-90a6-41cf-acb8-e6f8ce4e37f6,Woolworths Supermarket,Pantry,Tandaco Dry Yeast 5pk 35g,015391,$2.40,$6.86 / 100G,https://www.woolworths.com.au/shop/productdetails/15391/tandaco-dry-yeast,https://cdn0.woolworths.media/content/wowproductimages/medium/015391.jpg,2020-09-21 17:27:05,,0,,True
9199df53-a629-4c07-a147-758fc813d822,Woolworths Supermarket,Pantry,Guzzi's Golden Pasta Gnocchi Potato Dry 500g,015458,$3.80,$0.76 / 100G,https://www.woolworths.com.au/shop/productdetails/15458/guzzi-s-golden-pasta-gnocchi-potato-dry,https://cdn0.woolworths.media/content/wowproductimages/medium/015458.jpg,2020-09-21 17:27:05,,0,,True
8dfb5257-6fae-4496-9994-0d7d430e1ce1,Woolworths Supermarket,Pantry,Raguletto Pasta Sauce Red Wine Garlic 500g,015479,$1.80,$0.36 / 100G,https://www.woolworths.com.au/shop/productdetails/15479/raguletto-pasta-sauce-red-wine-garlic,https://cdn0.woolworths.media/content/wowproductimages/medium/015479.jpg,2020-09-21 17:27:05,,0,,True
10ff5a06-dc68-4e77-ac94-fb8620511a13,Woolworths Supermarket,Pantry,Il Molino Pizza Flour 1kg,015616,$3.00,$3.00 / 1KG,https://www.woolworths.com.au/shop/productdetails/15616/il-molino-pizza-flour,https://cdn0.woolworths.media/content/wowproductimages/medium/015616.jpg,2020-09-21 17:27:05,,0,,True
6749abe9-eaa5-4239-bef5-57900c0f0e09,Woolworths Supermarket,Pantry,Sanitarium Natural Crunchy Peanut Butter 375g,015819,$3.50,$0.93 / 100G,https://www.woolworths.com.au/shop/productdetails/15819/sanitarium-natural-crunchy-peanut-butter,https://cdn0.woolworths.media/content/wowproductimages/medium/015819.jpg,2020-09-21 17:27:05,,0,,True
46c1cde5-1048-4d41-bc16-4086b0aefdcc,Woolworths Supermarket,Pantry,Riviana Basmati Rice Pakistan Long Grain 5kg,016119,$19.00,$0.38 / 100G,https://www.woolworths.com.au/shop/productdetails/16119/riviana-basmati-rice-pakistan-long-grain,https://cdn0.woolworths.media/content/wowproductimages/medium/016119.jpg,2020-09-21 17:27:05,,0,,True
fe0a87dd-e815-412d-b3b2-b85d644f1680,Woolworths Supermarket,Pantry,Vittoria Decaffeinated Ground Coffee Espresso 200g,016485,$10.00,$5.00 / 100G,https://www.woolworths.com.au/shop/productdetails/16485/vittoria-decaffeinated-ground-coffee-espresso,https://cdn0.woolworths.media/content/wowproductimages/medium/016485.jpg,2020-09-21 17:27:05,,0,,True
2f531c88-fd7f-4e8f-8799-019305f13479,Woolworths Supermarket,Pantry,Norganic Spreads Golden Soy Mayonnaise 475ml,016587,$7.00,$1.47 / 100ML,https://www.woolworths.com.au/shop/productdetails/16587/norganic-spreads-golden-soy-mayonnaise,https://cdn0.woolworths.media/content/wowproductimages/medium/016587.jpg,2020-09-21 17:27:05,Average product rating out of 5: 5.0. Product score is based on 22 ratings,22,,True
9677111f-67af-433d-977e-463e0f1ee92d,Woolworths Supermarket,Pantry,Double Pheonix Vermicelli Green Bean 100g,016892,$0.70,$0.70 / 100G,https://www.woolworths.com.au/shop/productdetails/16892/double-pheonix-vermicelli-green-bean,https://cdn0.woolworths.media/content/wowproductimages/medium/016892.jpg,2020-09-21 17:27:05,,0,,True
75fb7a4f-45b0-40f5-87be-aaa1e909be0c,Woolworths Supermarket,Pantry,Cornwell's Vinegar Malt 750ml,016927,$3.00,$0.40 / 100ML,https://www.woolworths.com.au/shop/productdetails/16927/cornwell-s-vinegar-malt,https://cdn0.woolworths.media/content/wowproductimages/medium/016927.jpg,2020-09-21 17:27:05,,0,,True
5ec476a7-9874-4409-8ebd-888a70b1efc5,Woolworths Supermarket,Pantry,Cornwell's White Vinegar White 750ml,016928,$3.00,$0.40 / 100ML,https://www.woolworths.com.au/shop/productdetails/16928/cornwell-s-white-vinegar-white,https://cdn0.woolworths.media/content/wowproductimages/medium/016928.jpg,2020-09-21 17:27:05,,0,,True
a63f0396-3373-4b1c-a938-d3fc5b17d2f3,Woolworths Supermarket,Pantry,Atkins Low Carb Crispbread 100g,016962,$4.00,$4.00 / 100G,https://www.woolworths.com.au/shop/productdetails/16962/atkins-low-carb-crispbread,https://cdn0.woolworths.media/content/wowproductimages/medium/016962.jpg,2020-09-21 17:27:05,Average product rating out of 5: 3.9. Product score is based on 18 ratings,18,,True
b69dfde7-1ce8-4afd-8fe0-29f6358fc63c,Woolworths Supermarket,Pantry,St.dalfour Strawberry Spread 284g,017340,$4.00,$1.41 / 100G,https://www.woolworths.com.au/shop/productdetails/17340/st-dalfour-strawberry-spread,https://cdn0.woolworths.media/content/wowproductimages/medium/017340.jpg,2020-09-21 17:27:05,,0,,True
a28bed1e-7e7f-4364-abcf-e098b8a0c482,Woolworths Supermarket,Pantry,Gravox Gravy Mix Lamb & Rosemary 29g,017456,$1.10,$0.38 / 10G,https://www.woolworths.com.au/shop/productdetails/17456/gravox-gravy-mix-lamb-rosemary,https://cdn0.woolworths.media/content/wowproductimages/medium/017456.jpg,2020-09-21 17:27:05,,0,,True
ea84f88e-b6d1-4285-8c33-200c8bc019ea,Woolworths Supermarket,Pantry,Green's Cake Mix Traditional Date Loaf 415g,017513,$2.75,$0.66 / 100G,https://www.woolworths.com.au/shop/productdetails/17513/green-s-cake-mix-traditional-date-loaf,https://cdn0.woolworths.media/content/wowproductimages/medium/017513.jpg,2020-09-21 17:27:05,,0,,True
5a36f3fe-91a6-477d-8d9b-424a0a21c155,Woolworths Supermarket,Pantry,Moccona Freeze Dried Instant Coffee Indulgence 200g,017605,$13.00,$6.50 / 100G,https://www.woolworths.com.au/shop/productdetails/17605/moccona-freeze-dried-instant-coffee-indulgence,https://cdn0.woolworths.media/content/wowproductimages/medium/017605.jpg,2020-09-21 17:27:05,,0,,True
668b4c15-c084-4680-94f5-81f4c5b7e32c,Woolworths Supermarket,Pantry,St.dalfour Orange Marmalade Spread No Added Sugar 284g,017628,$4.00,$1.41 / 100G,https://www.woolworths.com.au/shop/productdetails/17628/st-dalfour-orange-marmalade-spread-no-added-sugar,https://cdn0.woolworths.media/content/wowproductimages/medium/017628.jpg,2020-09-21 17:27:05,,0,,True
51b91611-b9f1-413d-91a3-d543d7e80774,Woolworths Supermarket,Pantry,Essentials Instant Coffee Granulated 200g,017950,$3.70,$1.85 / 100G,https://www.woolworths.com.au/shop/productdetails/17950/essentials-instant-coffee-granulated,https://cdn0.woolworths.media/content/wowproductimages/medium/017950.jpg,2020-09-21 17:27:05,,0,,True
d2bba4d4-6e8d-42d0-bf55-c1b72a051515,Woolworths Supermarket,Pantry,Woolworths Tomato Sauce 2l,018040,$4.00,$0.20 / 100ML,https://www.woolworths.com.au/shop/productdetails/18040/woolworths-tomato-sauce,https://cdn0.woolworths.media/content/wowproductimages/medium/018040.jpg,2020-09-21 17:27:05,,0,,True
4246ceaf-17c2-4b06-9a52-ccba821b70b0,Woolworths Supermarket,Pantry,Essentials Mayonnaise 770g,018041,$3.00,$0.39 / 100G,https://www.woolworths.com.au/shop/productdetails/18041/essentials-mayonnaise,https://cdn0.woolworths.media/content/wowproductimages/medium/018041.jpg,2020-09-21 17:27:05,,0,,True
d342d457-e3a7-4ff4-90eb-0af359d0d696,Woolworths Supermarket,Pantry,Woolworths Gherkins Sweet Spiced 500g,018046,$1.85,$3.70 / 1KG,https://www.woolworths.com.au/shop/productdetails/18046/woolworths-gherkins-sweet-spiced,https://cdn0.woolworths.media/content/wowproductimages/medium/018046.jpg,2020-09-21 17:27:05,Average product rating out of 5: 4.1. Product score is based on 274 ratings,274,,True
ead35806-7d5e-415d-b2a5-9f3a41f518f1,Woolworths Supermarket,Pantry,Woolworths Beef Corned 340g,018133,$2.50,$7.35 / 1KG,https://www.woolworths.com.au/shop/productdetails/18133/woolworths-beef-corned,https://cdn0.woolworths.media/content/wowproductimages/medium/018133.jpg,2020-09-21 17:27:05,,0,,True
63c2d685-d936-4cd9-934f-5cf42954a068,Woolworths Supermarket,Pantry,Essentials Cooking Chocolate Milk 375g,018145,$2.50,$0.67 / 100G,https://www.woolworths.com.au/shop/productdetails/18145/essentials-cooking-chocolate-milk,https://cdn0.woolworths.media/content/wowproductimages/medium/018145.jpg,2020-09-21 17:27:05,Average product rating out of 5: 3.3. Product score is based on 120 ratings,120,,True
e52d09c9-8cf0-42f6-b4ee-04e9330433a8,Woolworths Supermarket,Pantry,Woolworths Apricot Dried 500g,018158,$4.99,$9.98 / 1KG,https://www.woolworths.com.au/shop/productdetails/18158/woolworths-apricot-dried,https://cdn0.woolworths.media/content/wowproductimages/medium/018158.jpg,2020-09-21 17:27:05,Average product rating out of 5: 4.4. Product score is based on 347 ratings,347,Was $5.49 20/12/2018,True
ce703ebe-f82b-4bd2-a5ec-4199c0d966dd,Woolworths Supermarket,Pantry,Woolworths Pitted Dates 500g,018160,$1.75,$3.50 / 1KG,https://www.woolworths.com.au/shop/productdetails/18160/woolworths-pitted-dates,https://cdn0.woolworths.media/content/wowproductimages/medium/018160.jpg,2020-09-21 17:27:05,Average product rating out of 5: 4.2. Product score is based on 1304 ratings,1304,,True
b575238d-9e01-4b88-8475-5054aefddbec,Woolworths Supermarket,Pantry,Essentials Raw Sugar 1kg,018169,$1.10,$0.11 / 100G,https://www.woolworths.com.au/shop/productdetails/18169/essentials-raw-sugar,https://cdn0.woolworths.media/content/wowproductimages/medium/018169.jpg,2020-09-21 17:27:05,,0,,True
aa28ab7c-5534-4ea5-b3bc-ebbb1ac06dc2,Woolworths Supermarket,Pantry,Essentials Raw Sugar 2kg,018174,$2.10,$0.11 / 100G,https://www.woolworths.com.au/shop/productdetails/18174/essentials-raw-sugar,https://cdn0.woolworths.media/content/wowproductimages/medium/018174.jpg,2020-09-21 17:27:05,,0,,True
79c91452-808e-4c9e-bdd4-afac800ecc04,Woolworths Supermarket,Pantry,Dilmah Premium Quality Loose Leaf Tea 250g,018206,$5.30,$2.12 / 100G,https://www.woolworths.com.au/shop/productdetails/18206/dilmah-premium-quality-loose-leaf-tea,https://cdn0.woolworths.media/content/wowproductimages/medium/018206.jpg,2020-09-21 17:27:05,,0,,True
0697e539-21b1-4951-9261-962305702042,Woolworths Supermarket,Pantry,Kewpie Sriracha Mayo 300g,018475,$4.70,$1.57 / 100G,https://www.woolworths.com.au/shop/productdetails/18475/kewpie-sriracha-mayo,https://cdn0.woolworths.media/content/wowproductimages/medium/018475.jpg,2020-09-21 17:27:05,,0,,True
59d27a08-1012-4ace-9a14-529b5da71c63,Woolworths Supermarket,Pantry,Poppin Microwave Popcorn Butter Flavour 100g,018854,$1.75,$1.75 / 100G,https://www.woolworths.com.au/shop/productdetails/18854/poppin-microwave-popcorn-butter-flavour,https://cdn0.woolworths.media/content/wowproductimages/medium/018854.jpg,2020-09-21 17:27:05,,0,,True
1f9a4e5e-b309-4118-827d-deeb962a95e5,Woolworths Supermarket,Pantry,Ayam Hawker Char Kway Teow 205g,018975,$3.50,$1.71 / 100G,https://www.woolworths.com.au/shop/productdetails/18975/ayam-hawker-char-kway-teow,https://cdn0.woolworths.media/content/wowproductimages/medium/018975.jpg,2020-09-21 17:27:05,,0,,True
7dfa535d-8b9d-4260-bee4-60658cf0eb2c,Woolworths Supermarket,Pantry,Ayam Hawker Pad See Ew 205g,018989,$3.50,$1.71 / 100G,https://www.woolworths.com.au/shop/productdetails/18989/ayam-hawker-pad-see-ew,https://cdn0.woolworths.media/content/wowproductimages/medium/018989.jpg,2020-09-21 17:27:05,,0,,True
b16b4150-699b-48ba-a5bc-a4dae7e51c5c,Woolworths Supermarket,Pantry,Ayam Hawker Pad Thai 205g,018999,$3.50,$1.71 / 100G,https://www.woolworths.com.au/shop/productdetails/18999/ayam-hawker-pad-thai,https://cdn0.woolworths.media/content/wowproductimages/medium/018999.jpg,2020-09-21 17:27:05,,0,,True
1a53df1f-b783-4245-bab3-7ae23641211a,Woolworths Supermarket,Pantry,Ayam Hawker Mee Goreng 205g,019019,$3.50,$1.71 / 100G,https://www.woolworths.com.au/shop/productdetails/19019/ayam-hawker-mee-goreng,https://cdn0.woolworths.media/content/wowproductimages/medium/019019.jpg,2020-09-21 17:27:05,,0,,True
a10d19fd-dcbe-4a8d-9dda-75b2ab874e8e,Woolworths Supermarket,Pantry,Continental Cup A Soup Asian Laksa 51g,019138,$2.00,$3.92 / 100G,https://www.woolworths.com.au/shop/productdetails/19138/continental-cup-a-soup-asian-laksa,https://cdn0.woolworths.media/content/wowproductimages/medium/019138.jpg,2020-09-21 17:27:05,,0,,True
e2db60d3-1a73-44b4-bf80-c9c48e060efc,Woolworths Supermarket,Pantry,Heinz Classic Canned Soup Creamy Pumpkin 535g,019145,$2.50,$0.47 / 100G,https://www.woolworths.com.au/shop/productdetails/19145/heinz-classic-canned-soup-creamy-pumpkin,https://cdn0.woolworths.media/content/wowproductimages/medium/019145.jpg,2020-09-21 17:27:05,,0,Was $3.59 17/04/2017,True
09b6e18e-af5d-4852-a7f8-f3e2b85605b5,Woolworths Supermarket,Pantry,Continental Cup A Soup Creamy Chicken Noodles 43g,019149,$2.00,$4.65 / 100G,https://www.woolworths.com.au/shop/productdetails/19149/continental-cup-a-soup-creamy-chicken-noodles,https://cdn0.woolworths.media/content/wowproductimages/medium/019149.jpg,2020-09-21 17:27:05,,0,,True
3340c76e-1143-4b56-8eef-4f97f419b63b,Woolworths Supermarket,Pantry,Continental Cup A Soup Hearty Roast Chicken 2 pack,019158,$2.00,$2.67 / 100G,https://www.woolworths.com.au/shop/productdetails/19158/continental-cup-a-soup-hearty-roast-chicken,https://cdn0.woolworths.media/content/wowproductimages/medium/019158.jpg,2020-09-21 17:27:05,,0,,True
5bbf49d0-5390-4a1b-8a24-68a5b5c6f66c,Woolworths Supermarket,Pantry,Five Tastes Rice Infusions Chinese Fried Rice 160g,019179,$4.00,$2.50 / 100G,https://www.woolworths.com.au/shop/productdetails/19179/five-tastes-rice-infusions-chinese-fried-rice,https://cdn0.woolworths.media/content/wowproductimages/medium/019179.jpg,2020-09-21 17:27:05,,0,,True
9ed20c9b-05a6-46d5-830d-36cd234822c8,Woolworths Supermarket,Pantry,Five Tastes Rice Infusions Coconut & Kaffir Lime 160g,019183,$4.00,$2.50 / 100G,https://www.woolworths.com.au/shop/productdetails/19183/five-tastes-rice-infusions-coconut-kaffir-lime,https://cdn0.woolworths.media/content/wowproductimages/medium/019183.jpg,2020-09-21 17:27:05,,0,,True
4e5c8a11-1f86-4366-b428-ec64a362679f,Woolworths Supermarket,Pantry,Five Tastes Rice Infusions Nasi Goreng 160g,019194,$4.00,$2.50 / 100G,https://www.woolworths.com.au/shop/productdetails/19194/five-tastes-rice-infusions-nasi-goreng,https://cdn0.woolworths.media/content/wowproductimages/medium/019194.jpg,2020-09-21 17:27:05,,0,,True
f82137d0-e955-4e7b-b27b-49bd9daea813,Woolworths Supermarket,Pantry,Thomy Mayonnaise 470g,019274,$6.00,$1.28 / 100G,https://www.woolworths.com.au/shop/productdetails/19274/thomy-mayonnaise,https://cdn0.woolworths.media/content/wowproductimages/medium/019274.jpg,2020-09-21 17:27:05,,0,,True
c944f774-b371-4f83-afbb-dfb58a307f42,Woolworths Supermarket,Pantry,Continental Cup A Soup Creamy Chicken & Corn 35g,019498,$2.00,$5.71 / 100G,https://www.woolworths.com.au/shop/productdetails/19498/continental-cup-a-soup-creamy-chicken-corn,https://cdn0.woolworths.media/content/wowproductimages/medium/019498.jpg,2020-09-21 17:27:05,,0,,True
3e766268-ed52-4a64-8f70-f5f25091d2c6,Woolworths Supermarket,Pantry,Continental Cup A Soup Italian Minestrone 52g,019501,$2.00,$3.85 / 100G,https://www.woolworths.com.au/shop/productdetails/19501/continental-cup-a-soup-italian-minestrone,https://cdn0.woolworths.media/content/wowproductimages/medium/019501.jpg,2020-09-21 17:27:05,,0,,True
51b7a8aa-55fd-4cc0-88bb-56b5c8143a1c,Woolworths Supermarket,Pantry,Angas Park Apricot Dried 500g,019598,$14.00,$28.00 / 1KG,https://www.woolworths.com.au/shop/productdetails/19598/angas-park-apricot-dried,https://cdn0.woolworths.media/content/wowproductimages/medium/019598.jpg,2020-09-21 17:27:05,,0,,True
d2444cb2-b93b-4932-b9b2-0882bf97dd80,Woolworths Supermarket,Pantry,S&b Japanese Hot Curry Sauce With Vegetables 210g,019614,$2.80,$1.33 / 100G,https://www.woolworths.com.au/shop/productdetails/19614/s-b-japanese-hot-curry-sauce-with-vegetables,https://cdn0.woolworths.media/content/wowproductimages/medium/019614.jpg,2020-09-21 17:27:05,,0,,True
22063290-d703-4e74-9c38-5d6e732a56af,Woolworths Supermarket,Pantry,S&b Japanese Style Chilli Paste Tube 43g,019615,$3.00,$6.98 / 100G,https://www.woolworths.com.au/shop/productdetails/19615/s-b-japanese-style-chilli-paste-tube,https://cdn0.woolworths.media/content/wowproductimages/medium/019615.jpg,2020-09-21 17:27:05,,0,,True
26896842-ca25-4cb0-9159-5af90eac9697,Woolworths Supermarket,Pantry,Lindt Excellence Dark Chocolate 70% Cocoa Block 100g,019731,$3.00,$3.00 / 100G,https://www.woolworths.com.au/shop/productdetails/19731/lindt-excellence-dark-chocolate-70-cocoa-block,https://cdn0.woolworths.media/content/wowproductimages/medium/019731.jpg,2020-09-21 17:27:05,,0,,True
2d1b5b0f-87b7-429d-aec0-441f23902ea4,Woolworths Supermarket,Pantry,John West Tuna Light In Springwater 425g,019736,$4.50,$10.59 / 1KG,https://www.woolworths.com.au/shop/productdetails/19736/john-west-tuna-light-in-springwater,https://cdn0.woolworths.media/content/wowproductimages/medium/019736.jpg,2020-09-21 17:27:05,,0,,True
78ecd424-a271-47a6-8120-0b584fa3c3dc,Woolworths Supermarket,Pantry,Caffe Aurora Ground Coffee Italian Style 250g,019742,$3.00,$1.20 / 100G,https://www.woolworths.com.au/shop/productdetails/19742/caffe-aurora-ground-coffee-italian-style,https://cdn0.woolworths.media/content/wowproductimages/medium/019742.jpg,2020-09-21 17:27:05,,0,,True
33e5db35-d3eb-491f-84a9-1f4d2ffd7a25,Woolworths Supermarket,Pantry,Lindt Excellence Milk Chocolate Extra Creamy 100g block,019752,$2.70,$2.70 / 100G,https://www.woolworths.com.au/shop/productdetails/19752/lindt-excellence-milk-chocolate-extra-creamy,https://cdn0.woolworths.media/content/wowproductimages/medium/019752.jpg,2020-09-21 17:27:05,,0,,True
97548c11-f43c-447c-9e27-352dd873afc9,Woolworths Supermarket,Pantry,Old El Paso Mexican Mild Enchilada Sauce 375g,019977,$4.15,$1.11 / 100G,https://www.woolworths.com.au/shop/productdetails/19977/old-el-paso-mexican-mild-enchilada-sauce,https://cdn0.woolworths.media/content/wowproductimages/medium/019977.jpg,2020-09-21 17:27:05,,0,,True
510cae08-e6f6-49e5-bf14-2b9e0a7c6c48,Woolworths Supermarket,Pantry,Ayam Organic Soy 210ml,020245,$5.50,$2.62 / 100ML,https://www.woolworths.com.au/shop/productdetails/20245/ayam-organic-soy,https://cdn0.woolworths.media/content/wowproductimages/medium/020245.jpg,2020-09-21 17:27:05,,0,,True
c4d165b5-0771-4ecf-af4f-cd83f6c76550,Woolworths Supermarket,Pantry,Hoyt's Mustard Powder 50g,020363,$1.80,$0.36 / 10G,https://www.woolworths.com.au/shop/productdetails/20363/hoyt-s-mustard-powder,https://cdn0.woolworths.media/content/wowproductimages/medium/020363.jpg,2020-09-21 17:27:05,,0,,True
95a46130-dc57-422d-b8e1-bd38d17774b7,Woolworths Supermarket,Pantry,Hoyt's Cumin Seeds Whole 25g,020380,$1.85,$0.74 / 10G,https://www.woolworths.com.au/shop/productdetails/20380/hoyt-s-cumin-seeds-whole,https://cdn0.woolworths.media/content/wowproductimages/medium/020380.jpg,2020-09-21 17:27:05,,0,,True
458282d2-e197-4026-aa9a-f1672989ced0,Woolworths Supermarket,Pantry,Hoyt's Coriander Seed Whole 25g,020399,$1.30,$0.52 / 10G,https://www.woolworths.com.au/shop/productdetails/20399/hoyt-s-coriander-seed-whole,https://cdn0.woolworths.media/content/wowproductimages/medium/020399.jpg,2020-09-21 17:27:05,,0,,True
a9e2af65-ecbf-440e-b4f9-5bf07b41b703,Woolworths Supermarket,Pantry,Wokka Rice Noodles 440g,020439,$2.70,$0.61 / 100G,https://www.woolworths.com.au/shop/productdetails/20439/wokka-rice-noodles,https://cdn0.woolworths.media/content/wowproductimages/medium/020439.jpg,2020-09-21 17:27:05,,0,Was $3.05 13/11/2017,True
f2477c15-73b4-41a9-bd75-2f5c059419c8,Woolworths Supermarket,Pantry,Lindt Lindor Chocolate Block Milk 100g block,020747,$3.00,$3.00 / 100G,https://www.woolworths.com.au/shop/productdetails/20747/lindt-lindor-chocolate-block-milk,https://cdn0.woolworths.media/content/wowproductimages/medium/020747.jpg,2020-09-21 17:27:05,,0,,True
a5694296-ae87-45bf-9bdf-6f2ce03e7592,Woolworths Supermarket,Pantry,Heinz Soup Classic Country Chicken 535g,020749,$2.50,$0.47 / 100G,https://www.woolworths.com.au/shop/productdetails/20749/heinz-soup-classic-country-chicken,https://cdn0.woolworths.media/content/wowproductimages/medium/020749.jpg,2020-09-21 17:27:05,,0,,True
f9afffc1-be9e-494a-8d32-703682f97e30,Woolworths Supermarket,Pantry,Stagg Chili Southwest Style Chicken With Beans 425g,020789,$4.00,$0.94 / 100G,https://www.woolworths.com.au/shop/productdetails/20789/stagg-chili-southwest-style-chicken-with-beans,https://cdn0.woolworths.media/content/wowproductimages/medium/020789.jpg,2020-09-21 17:27:05,,0,,True
b4e892d2-ae33-4ad2-a76c-4d14945f957c,Woolworths Supermarket,Pantry,Safcol Tapas Smoked Rainbow Trout Fillets 105g,020909,$4.00,$38.10 / 1KG,https://www.woolworths.com.au/shop/productdetails/20909/safcol-tapas-smoked-rainbow-trout-fillets,https://cdn0.woolworths.media/content/wowproductimages/medium/020909.jpg,2020-09-21 17:27:05,,0,,True
4e101168-9aa7-4bd7-879f-98a5bab59bb0,Woolworths Supermarket,Pantry,Safcol Tapas Chilean Mussels In Spanish Escabeche Style Sauce 105g,020923,$3.00,$28.57 / 1KG,https://www.woolworths.com.au/shop/productdetails/20923/safcol-tapas-chilean-mussels-in-spanish-escabeche-style-sauce,https://cdn0.woolworths.media/content/wowproductimages/medium/020923.jpg,2020-09-21 17:27:05,,0,,True
f1b780b7-c7b3-47b4-9c93-3235d7ce0c2d,Woolworths Supermarket,Pantry,Safcol Tapas Chilean Mussels In Spanish Galician Style Sauce 105g,020933,$3.00,$28.57 / 1KG,https://www.woolworths.com.au/shop/productdetails/20933/safcol-tapas-chilean-mussels-in-spanish-galician-style-sauce,https://cdn0.woolworths.media/content/wowproductimages/medium/020933.jpg,2020-09-21 17:27:05,,0,,True
366074a5-caca-4e7e-abb8-f4d82ccd0970,Woolworths Supermarket,Pantry,Kraft Mac & Cheese Three Cheese 205g,021128,$2.90,$1.41 / 100G,https://www.woolworths.com.au/shop/productdetails/21128/kraft-mac-cheese-three-cheese,https://cdn0.woolworths.media/content/wowproductimages/medium/021128.jpg,2020-09-21 17:27:05,,0,,True
c3545680-c20b-42c2-afb8-b456e28df0c4,Woolworths Supermarket,Pantry,Kinder Chocolate Little Ones 4pk 50g,021197,$1.90,$3.80 / 100G,https://www.woolworths.com.au/shop/productdetails/21197/kinder-chocolate-little-ones,https://cdn0.woolworths.media/content/wowproductimages/medium/021197.jpg,2020-09-21 17:27:05,,0,,True
3e1d6c36-a55a-4d90-835d-8c80b0b6a762,Woolworths Supermarket,Pantry,Massel Ultracubes Chicken 105g,021356,$2.50,$0.24 / 10G,https://www.woolworths.com.au/shop/productdetails/21356/massel-ultracubes-chicken,https://cdn0.woolworths.media/content/wowproductimages/medium/021356.jpg,2020-09-21 17:27:05,,0,,True
0b6f34d0-684c-4143-8491-916f63116c02,Woolworths Supermarket,Pantry,Massel Ultracubes Beef 105g,021357,$2.50,$0.24 / 10G,https://www.woolworths.com.au/shop/productdetails/21357/massel-ultracubes-beef,https://cdn0.woolworths.media/content/wowproductimages/medium/021357.jpg,2020-09-21 17:27:05,,0,,True
afa484a1-6b37-4b1a-9cb0-0cfaca6db676,Woolworths Supermarket,Pantry,Massel Ultra Ultracubes Vegetable 105g,021358,$2.50,$0.24 / 10G,https://www.woolworths.com.au/shop/productdetails/21358/massel-ultra-ultracubes-vegetable,https://cdn0.woolworths.media/content/wowproductimages/medium/021358.jpg,2020-09-21 17:27:05,,0,,True
d8495999-798f-4153-a917-6c47aff610db,Woolworths Supermarket,Pantry,Essentials White Choc Melts 375g,021425,$2.50,$0.67 / 100G,https://www.woolworths.com.au/shop/productdetails/21425/essentials-white-choc-melts,https://cdn0.woolworths.media/content/wowproductimages/medium/021425.jpg,2020-09-21 17:27:05,,0,,True
62016bcc-1adc-4198-8622-3ccc56e9b45c,Woolworths Supermarket,Pantry,Pascall Choc Mallows Bites Vanilla 160g,021454,$4.00,$2.50 / 100G,https://www.woolworths.com.au/shop/productdetails/21454/pascall-choc-mallows-bites-vanilla,https://cdn0.woolworths.media/content/wowproductimages/medium/021454.jpg,2020-09-21 17:27:05,,0,,True
6d3789c2-858d-4a4b-b0fe-9d3434e44a7b,Woolworths Supermarket,Pantry,Wokka Organic Edamame Noodles 200g,021458,$4.00,$2.00 / 100G,https://www.woolworths.com.au/shop/productdetails/21458/wokka-organic-edamame-noodles,https://cdn0.woolworths.media/content/wowproductimages/medium/021458.jpg,2020-09-21 17:27:05,,0,,True
97cfbfc2-571c-4e40-beb9-869d7cf00d8b,Woolworths Supermarket,Pantry,Greenseas Tuna Chunk In Olive Oil 95g,021568,$2.00,$21.05 / 1KG,https://www.woolworths.com.au/shop/productdetails/21568/greenseas-tuna-chunk-in-olive-oil,https://cdn0.woolworths.media/content/wowproductimages/medium/021568.jpg,2020-09-21 17:27:05,,0,,True
89749150-c26e-465d-93b4-a76c38fa4150,Woolworths Supermarket,Pantry,Greenseas Tuna Sandwich Flakes 95g,021569,$2.00,$21.05 / 1KG,https://www.woolworths.com.au/shop/productdetails/21569/greenseas-tuna-sandwich-flakes,https://cdn0.woolworths.media/content/wowproductimages/medium/021569.jpg,2020-09-21 17:27:05,,0,,True
a0ea0c1d-3583-4823-8c4e-a66146208968,Woolworths Supermarket,Pantry,Vegeta Vegetable Gourmet Stock Powder 250g,021724,$3.70,$0.15 / 10G,https://www.woolworths.com.au/shop/productdetails/21724/vegeta-vegetable-gourmet-stock-powder,https://cdn0.woolworths.media/content/wowproductimages/medium/021724.jpg,2020-09-21 17:27:05,,0,,True
bac9aa2e-55df-4220-ae90-854f62cbc987,Woolworths Supermarket,Pantry,Leggos Tomato Paste No Salt 280g,022078,$3.00,$1.07 / 100G,https://www.woolworths.com.au/shop/productdetails/22078/leggos-tomato-paste-no-salt,https://cdn0.woolworths.media/content/wowproductimages/medium/022078.jpg,2020-09-21 17:27:05,,0,,True
53d88ae6-0f97-4e6b-8aef-ac495588dbe1,Woolworths Supermarket,Pantry,Lindt Fruit Sens Mango Passionfruit 150g,022330,$3.60,$2.40 / 100G,https://www.woolworths.com.au/shop/productdetails/22330/lindt-fruit-sens-mango-passionfruit,https://cdn0.woolworths.media/content/wowproductimages/medium/022330.jpg,2020-09-21 17:27:05,,0,,True
e62f794d-51a7-4915-a966-10b1ba24c1b6,Woolworths Supermarket,Pantry,Ferrero Rocher Chocolates Box 5 pack,022745,$4.20,$6.72 / 100G,https://www.woolworths.com.au/shop/productdetails/22745/ferrero-rocher-chocolates-box,https://cdn0.woolworths.media/content/wowproductimages/medium/022745.jpg,2020-09-21 17:27:05,,0,,True
11dfe915-1861-404b-b45e-29d70ae87f6f,Woolworths Supermarket,Pantry,Nescafe Gold Creme Brulee 8 pack,022768,$3.15,$0.39 / 1EA,https://www.woolworths.com.au/shop/productdetails/22768/nescafe-gold-creme-brulee,https://cdn0.woolworths.media/content/wowproductimages/medium/022768.jpg,2020-09-21 17:27:05,,0,,True
a5274e38-c4b9-4a09-85a2-7cdd7785f107,Woolworths Supermarket,Pantry,Nescafe Gold Cappuccino Intense 8 pack,022769,$3.15,$0.39 / 1EA,https://www.woolworths.com.au/shop/productdetails/22769/nescafe-gold-cappuccino-intense,https://cdn0.woolworths.media/content/wowproductimages/medium/022769.jpg,2020-09-21 17:27:05,,0,,True
fbf16050-a26e-4d1a-ae3b-ea9760a657b8,Woolworths Supermarket,Pantry,Nescafe Gold Cappucino 8 pack,022774,$3.15,$0.39 / 1EA,https://www.woolworths.com.au/shop/productdetails/22774/nescafe-gold-cappucino,https://cdn0.woolworths.media/content/wowproductimages/medium/022774.jpg,2020-09-21 17:27:05,,0,,True
8f2949b3-c67b-445c-b7c1-410c4f16915d,Woolworths Supermarket,Pantry,Nescafe Decaf Cappuccino Coffee Sachets 10 pack,022780,$3.15,$0.32 / 1EA,https://www.woolworths.com.au/shop/productdetails/22780/nescafe-decaf-cappuccino-coffee-sachets,https://cdn0.woolworths.media/content/wowproductimages/medium/022780.jpg,2020-09-21 17:27:05,,0,,True
a633ba9c-078d-4ca3-9b90-de0d139275b4,Woolworths Supermarket,Pantry,Nescafe Latte 10 pack,022823,$3.15,$0.32 / 1EA,https://www.woolworths.com.au/shop/productdetails/22823/nescafe-latte,https://cdn0.woolworths.media/content/wowproductimages/medium/022823.jpg,2020-09-21 17:27:05,,0,,True
8aa1eca7-e930-4683-bd54-2af1159c433f,Woolworths Supermarket,Pantry,Mckenzie's Dried Chickpeas 375g,022885,$1.80,$4.80 / 1KG,https://www.woolworths.com.au/shop/productdetails/22885/mckenzie-s-dried-chickpeas,https://cdn0.woolworths.media/content/wowproductimages/medium/022885.jpg,2020-09-21 17:27:05,,0,,True
dce9864c-1b1a-42b6-a4bd-eccd1caa91e3,Woolworths Supermarket,Pantry,Masterfoods Seasoning Spaghetti Bolognese 40g,023030,$6.00,$1.50 / 10G,https://www.woolworths.com.au/shop/productdetails/23030/masterfoods-seasoning-spaghetti-bolognese,https://cdn0.woolworths.media/content/wowproductimages/medium/023030.jpg,2020-09-21 17:27:05,,0,,True
c3809a70-d9f1-44e6-b763-4f43473bf2c3,Woolworths Supermarket,Pantry,Sanitarium Up&go Liquid Breakfast Strawberry 3 pack,023088,$4.80,$6.40 / 1L,https://www.woolworths.com.au/shop/productdetails/23088/sanitarium-up-go-liquid-breakfast-strawberry,https://cdn0.woolworths.media/content/wowproductimages/medium/023088.jpg,2020-09-21 17:27:05,,0,,True
6686912e-76aa-42b4-8186-094dd48d1612,Woolworths Supermarket,Pantry,Nobby's Beer Nuts 375g,023089,$3.50,$9.33 / 1KG,https://www.woolworths.com.au/shop/productdetails/23089/nobby-s-beer-nuts,https://cdn0.woolworths.media/content/wowproductimages/medium/023089.jpg,2020-09-21 17:27:05,,0,,True
aca882e5-0c95-4f5c-a3d1-e3e1f860210d,Woolworths Supermarket,Pantry,Queen Imitation Vanilla Flavouring 200ml,023672,$1.95,$0.10 / 10ML,https://www.woolworths.com.au/shop/productdetails/23672/queen-imitation-vanilla-flavouring,https://cdn0.woolworths.media/content/wowproductimages/medium/023672.jpg,2020-09-21 17:27:05,,0,,True
e7197586-77ec-4878-928c-e37683a11533,Woolworths Supermarket,Pantry,Chicken Tonight Simmer Sauce Creamy Mushroom 475g,023712,$2.50,$0.53 / 100G,https://www.woolworths.com.au/shop/productdetails/23712/chicken-tonight-simmer-sauce-creamy-mushroom,https://cdn0.woolworths.media/content/wowproductimages/medium/023712.jpg,2020-09-21 17:27:05,,0,Was $3.20 22/05/2018,True
d6f67194-46cd-420a-9353-f98424ccf35f,Woolworths Supermarket,Pantry,Go Natural Bars Yoghurt Coated Almond & Apricot 40g,024020,$1.95,$4.88 / 100G,https://www.woolworths.com.au/shop/productdetails/24020/go-natural-bars-yoghurt-coated-almond-apricot,https://cdn0.woolworths.media/content/wowproductimages/medium/024020.jpg,2020-09-21 17:27:05,Average product rating out of 5: 4.8. Product score is based on 5 ratings,5,,True
b23529d6-7668-493b-a6c9-e1d1ed363d61,Woolworths Supermarket,Pantry,John West Lunch Kit With Crackers Tuna With Sweetcorn In Mayonnaise 108g,024053,$3.45,$31.94 / 1KG,https://www.woolworths.com.au/shop/productdetails/24053/john-west-lunch-kit-with-crackers-tuna-with-sweetcorn-in-mayonnaise,https://cdn0.woolworths.media/content/wowproductimages/medium/024053.jpg,2020-09-21 17:27:05,,0,,True
064b19be-e31a-4c3d-b46d-37e59dc141b0,Woolworths Supermarket,Pantry,Sunbeam Currants 300g,024258,$4.90,$16.33 / 1KG,https://www.woolworths.com.au/shop/productdetails/24258/sunbeam-currants,https://cdn0.woolworths.media/content/wowproductimages/medium/024258.jpg,2020-09-21 17:27:05,,0,,True
8522540b-d886-44fa-9581-674e2d5c0e11,Woolworths Supermarket,Pantry,Patak's Tikka Masala Curry Paste Paste 283g,024275,$5.50,$1.94 / 100G,https://www.woolworths.com.au/shop/productdetails/24275/patak-s-tikka-masala-curry-paste-paste,https://cdn0.woolworths.media/content/wowproductimages/medium/024275.jpg,2020-09-21 17:27:05,,0,,True
95360b8d-7420-4825-bb74-af7dc70c8bc0,Woolworths Supermarket,Pantry,Gravox Gravy Sauce Pepper 29g,024306,$1.10,$0.38 / 10G,https://www.woolworths.com.au/shop/productdetails/24306/gravox-gravy-sauce-pepper,https://cdn0.woolworths.media/content/wowproductimages/medium/024306.jpg,2020-09-21 17:27:05,,0,,True
45eabb4d-3014-4608-8386-9ace5c998fe2,Woolworths Supermarket,Pantry,Six Fortune Snacks Rice Crackers 112g,024333,$3.60,$3.21 / 100G,https://www.woolworths.com.au/shop/productdetails/24333/six-fortune-snacks-rice-crackers,https://cdn0.woolworths.media/content/wowproductimages/medium/024333.jpg,2020-09-21 17:27:05,,0,,True
4e290169-b37b-453d-8285-da06eb6d96c9,Woolworths Supermarket,Pantry,Equal Sweetener Tablets 300pk,024488,$9.40,$3.13 / 100EA,https://www.woolworths.com.au/shop/productdetails/24488/equal-sweetener-tablets,https://cdn0.woolworths.media/content/wowproductimages/medium/024488.jpg,2020-09-21 17:27:05,,0,,True
f0ba73d1-5e2d-493a-addc-5647b54c96ec,Woolworths Supermarket,Pantry,Arnott's Custard Creams 250g,024723,$3.00,$1.20 / 100G,https://www.woolworths.com.au/shop/productdetails/24723/arnott-s-custard-creams,https://cdn0.woolworths.media/content/wowproductimages/medium/024723.jpg,2020-09-21 17:27:05,,0,,True
4302eab0-527f-4339-96cc-64758b80e8f9,Woolworths Supermarket,Pantry,Trident Chilli Sauce Sweet Chilli 285ml,024765,$2.50,$0.88 / 100ML,https://www.woolworths.com.au/shop/productdetails/24765/trident-chilli-sauce-sweet-chilli,https://cdn0.woolworths.media/content/wowproductimages/medium/024765.jpg,2020-09-21 17:27:05,,0,,True
1ed3b05a-960b-4678-9ae8-72a529fb589f,Woolworths Supermarket,Pantry,Brunswick Sardines In Springwater No Added Salt 106g,024811,$1.50,$14.15 / 1KG,https://www.woolworths.com.au/shop/productdetails/24811/brunswick-sardines-in-springwater-no-added-salt,https://cdn0.woolworths.media/content/wowproductimages/medium/024811.jpg,2020-09-21 17:27:05,,0,,True
d411de6b-f7c0-4286-b274-8066147119b4,Woolworths Supermarket,Pantry,Madura Premium Blend Tea Bags 50pk 100g,024833,$5.00,$0.10 / 1EA,https://www.woolworths.com.au/shop/productdetails/24833/madura-premium-blend-tea-bags,https://cdn0.woolworths.media/content/wowproductimages/medium/024833.jpg,2020-09-21 17:27:05,,0,,True
7103ac2f-31bb-4976-a7c0-b74ff02736a9,Woolworths Supermarket,Pantry,Paramount Red Salmon 100g,024946,$5.00,$50.00 / 1KG,https://www.woolworths.com.au/shop/productdetails/24946/paramount-red-salmon,https://cdn0.woolworths.media/content/wowproductimages/medium/024946.jpg,2020-09-21 17:27:05,,0,,True
672a2a5e-87b3-43d1-bf34-0b7587986b8a,Woolworths Supermarket,Pantry,Moro Extra Virgin Olive Oil 500ml,025065,$7.00,$1.40 / 100ML,https://www.woolworths.com.au/shop/productdetails/25065/moro-extra-virgin-olive-oil,https://cdn0.woolworths.media/content/wowproductimages/medium/025065.jpg,2020-09-21 17:27:05,,0,Was $9.99 16/08/2016,True
4f0beff4-eba1-4873-9675-9b2e004befe8,Woolworths Supermarket,Pantry,Blue Banner Onions Pickled 525g,025087,$6.00,$11.43 / 1KG,https://www.woolworths.com.au/shop/productdetails/25087/blue-banner-onions-pickled,https://cdn0.woolworths.media/content/wowproductimages/medium/025087.jpg,2020-09-21 17:27:05,,0,,True
eca14d35-5f4c-4d0d-b968-6d03d35cc825,Woolworths Supermarket,Pantry,San Remo Cous Cous Medium Grain 500g,025207,$2.20,$0.44 / 100G,https://www.woolworths.com.au/shop/productdetails/25207/san-remo-cous-cous-medium-grain,https://cdn0.woolworths.media/content/wowproductimages/medium/025207.jpg,2020-09-21 17:27:05,,0,,True
6468ec76-f7d4-4e12-89ca-5c193d5b3ebb,Woolworths Supermarket,Pantry,Ocean Spray Fruit Sauce Cranberry Whole Berry 275g,025528,$3.60,$1.31 / 100G,https://www.woolworths.com.au/shop/productdetails/25528/ocean-spray-fruit-sauce-cranberry-whole-berry,https://cdn0.woolworths.media/content/wowproductimages/medium/025528.jpg,2020-09-21 17:27:05,,0,,True
bcb8e5a6-e8c0-484b-a329-86855687edf7,Woolworths Supermarket,Pantry,Cornwell's White Vinegar White 2l,025671,$4.10,$0.21 / 100ML,https://www.woolworths.com.au/shop/productdetails/25671/cornwell-s-white-vinegar-white,https://cdn0.woolworths.media/content/wowproductimages/medium/025671.jpg,2020-09-21 17:27:05,,0,,True
799a039b-9a28-4e79-b8fd-e19c426d6606,Woolworths Supermarket,Pantry,Woolworths Fully Loaded Cookies Hazelnut 200g,025962,$2.50,$1.25 / 100G,https://www.woolworths.com.au/shop/productdetails/25962/woolworths-fully-loaded-cookies-hazelnut,https://cdn0.woolworths.media/content/wowproductimages/medium/025962.jpg,2020-09-21 17:27:05,Average product rating out of 5: 4.1. Product score is based on 530 ratings,530,,True
c88de934-a029-46e3-af9a-16be8e921092,Woolworths Supermarket,Pantry,Woolworths Fully Loaded Cookies Chocolate 210g,025963,$2.50,$1.19 / 100G,https://www.woolworths.com.au/shop/productdetails/25963/woolworths-fully-loaded-cookies-chocolate,https://cdn0.woolworths.media/content/wowproductimages/medium/025963.jpg,2020-09-21 17:27:05,Average product rating out of 5: 4.2. Product score is based on 586 ratings,586,,True
079e3577-eba5-41b5-a0c1-8ecabba84291,Woolworths Supermarket,Pantry,Woolworths Fully Loaded Cookies Salted Caramel 200g,025964,$2.50,$1.25 / 100G,https://www.woolworths.com.au/shop/productdetails/25964/woolworths-fully-loaded-cookies-salted-caramel,https://cdn0.woolworths.media/content/wowproductimages/medium/025964.jpg,2020-09-21 17:27:05,Average product rating out of 5: 4.0. Product score is based on 585 ratings,585,,True
bd09d08c-72cf-4481-9be4-4cb91e91b80f,Woolworths Supermarket,Pantry,John West Rainbow Trout Smoked Fillets In Chilli 115g,025980,$4.00,$34.78 / 1KG,https://www.woolworths.com.au/shop/productdetails/25980/john-west-rainbow-trout-smoked-fillets-in-chilli,https://cdn0.woolworths.media/content/wowproductimages/medium/025980.jpg,2020-09-21 17:27:05,,0,,True
6d763650-ed5f-4309-be7c-cd02d16b38c0,Woolworths Supermarket,Pantry,John West Rainbow Trout Smoked Fillets 115g,026040,$4.00,$34.78 / 1KG,https://www.woolworths.com.au/shop/productdetails/26040/john-west-rainbow-trout-smoked-fillets,https://cdn0.woolworths.media/content/wowproductimages/medium/026040.jpg,2020-09-21 17:27:05,,0,,True
7f082b5a-a283-417b-a167-2d7d3cee23bb,Woolworths Supermarket,Pantry,Robert Timms Gold Columbia Coffee Bags 28 pack,026128,$9.65,$0.34 / 1EA,https://www.woolworths.com.au/shop/productdetails/26128/robert-timms-gold-columbia-coffee-bags,https://cdn0.woolworths.media/content/wowproductimages/medium/026128.jpg,2020-09-21 17:27:05,,0,,True
147f61cf-8a2f-4c6a-909d-2d70403506f9,Woolworths Supermarket,Pantry,Sirena Tuna Triple Chilli 95g,026137,$2.70,$28.42 / 1KG,https://www.woolworths.com.au/shop/productdetails/26137/sirena-tuna-triple-chilli,https://cdn0.woolworths.media/content/wowproductimages/medium/026137.jpg,2020-09-21 17:27:05,,0,,True
b34d11ca-8d9b-4fa4-9fe4-624861027721,Woolworths Supermarket,Pantry,Lindt Lindor Chocolate Block 60% Dark 100g block,026493,$3.00,$3.00 / 100G,https://www.woolworths.com.au/shop/productdetails/26493/lindt-lindor-chocolate-block-60-dark,https://cdn0.woolworths.media/content/wowproductimages/medium/026493.jpg,2020-09-21 17:27:05,,0,,True
d8c26a73-0f44-4c68-b4c2-538bdcf29dd8,Woolworths Supermarket,Pantry,Macro Mixed Nuts Nuts 250g,026641,$6.50,$26.00 / 1KG,https://www.woolworths.com.au/shop/productdetails/26641/macro-mixed-nuts-nuts,https://cdn0.woolworths.media/content/wowproductimages/medium/026641.jpg,2020-09-21 17:27:05,Average product rating out of 5: 4.2. Product score is based on 245 ratings,245,,True
187287a6-f679-4bfc-81b2-1669b7b4b468,Woolworths Supermarket,Pantry,Continental Cup A Soup Creamy Chicken With Lots Of Noodles 2 pack,026649,$2.00,$3.33 / 100G,https://www.woolworths.com.au/shop/productdetails/26649/continental-cup-a-soup-creamy-chicken-with-lots-of-noodles,https://cdn0.woolworths.media/content/wowproductimages/medium/026649.jpg,2020-09-21 17:27:05,,0,,True
4c32b820-ff8c-46e5-b96a-0519682a8670,Woolworths Supermarket,Pantry,St.dalfour Wild Blueberry Spread 284g,026837,$4.00,$1.41 / 100G,https://www.woolworths.com.au/shop/productdetails/26837/st-dalfour-wild-blueberry-spread,https://cdn0.woolworths.media/content/wowproductimages/medium/026837.jpg,2020-09-21 17:27:05,,0,,True
f7e78469-43ea-4968-b051-78065cd48a6c,Woolworths Supermarket,Pantry,Always Fresh Mini Grissini Rosemary 6 pack,026963,$3.00,$2.27 / 100G,https://www.woolworths.com.au/shop/productdetails/26963/always-fresh-mini-grissini-rosemary,https://cdn0.woolworths.media/content/wowproductimages/medium/026963.jpg,2020-09-21 17:27:05,,0,,True
1f023761-e83d-4d3c-a705-5179a18cb61c,Woolworths Supermarket,Pantry,Taylor's Simmer Sauce Peanut Satay 525g,026995,$3.90,$0.74 / 100G,https://www.woolworths.com.au/shop/productdetails/26995/taylor-s-simmer-sauce-peanut-satay,https://cdn0.woolworths.media/content/wowproductimages/medium/026995.jpg,2020-09-21 17:27:05,,0,,True
9a1d91ac-39c3-45fa-8227-bb12d31efb38,Woolworths Supermarket,Pantry,Mckenzie's Soup Mix 500g,027294,$1.45,$0.29 / 100G,https://www.woolworths.com.au/shop/productdetails/27294/mckenzie-s-soup-mix,https://cdn0.woolworths.media/content/wowproductimages/medium/027294.jpg,2020-09-21 17:27:05,,0,,True
d726f92e-122d-4dd8-84bc-2198e6b05b09,Woolworths Supermarket,Pantry,Mckenzie's Dried Veg Yellow Split Peas 500g,027296,$1.45,$2.90 / 1KG,https://www.woolworths.com.au/shop/productdetails/27296/mckenzie-s-dried-veg-yellow-split-peas,https://cdn0.woolworths.media/content/wowproductimages/medium/027296.jpg,2020-09-21 17:27:05,,0,,True
22173cc8-d22d-4901-98f2-618b74bfc5ce,Woolworths Supermarket,Pantry,Mckenzie's Dried Veg Pearl Barley 500g,027298,$1.45,$2.90 / 1KG,https://www.woolworths.com.au/shop/productdetails/27298/mckenzie-s-dried-veg-pearl-barley,https://cdn0.woolworths.media/content/wowproductimages/medium/027298.jpg,2020-09-21 17:27:05,,0,,True
4662cae3-2f6e-40c5-8130-7b8e8d6e2032,Woolworths Supermarket,Pantry,John West Tempters Tuna Lemon & Cracked Pepper 95g,027570,$1.15,$12.11 / 1KG,https://www.woolworths.com.au/shop/productdetails/27570/john-west-tempters-tuna-lemon-cracked-pepper,https://cdn0.woolworths.media/content/wowproductimages/medium/027570.jpg,2020-09-21 17:27:05,,0,,True
efb89947-8f96-495b-9794-8d0b00cab9ad,Woolworths Supermarket,Pantry,John West Tempters Tuna Oven Dried Tomato Basil 95g,027574,$1.15,$12.11 / 1KG,https://www.woolworths.com.au/shop/productdetails/27574/john-west-tempters-tuna-oven-dried-tomato-basil,https://cdn0.woolworths.media/content/wowproductimages/medium/027574.jpg,2020-09-21 17:27:05,,0,,True
73b75169-6471-4fd3-b923-397a8e4579e7,Woolworths Supermarket,Pantry,Woolworths Soft Taco Kit 10 pack,027601,$3.80,$0.93 / 100G,https://www.woolworths.com.au/shop/productdetails/27601/woolworths-soft-taco-kit,https://cdn0.woolworths.media/content/wowproductimages/medium/027601.jpg,2020-09-21 17:27:05,Average product rating out of 5: 4.5. Product score is based on 2 ratings,2,,True
9608ee24-e286-4a46-8512-a1420f22db6d,Woolworths Supermarket,Pantry,Woolworths Hard Taco Kit 15 pack,027632,$4.00,$1.08 / 100G,https://www.woolworths.com.au/shop/productdetails/27632/woolworths-hard-taco-kit,https://cdn0.woolworths.media/content/wowproductimages/medium/027632.jpg,2020-09-21 17:27:05,Average product rating out of 5: 3.0. Product score is based on 1 ratings,1,,True
5fa57331-be31-4f97-a0a5-d80bcc0cac39,Woolworths Supermarket,Pantry,Angas Park Fruit Mixed Peel Oranges & Lemons 200g,027649,$3.30,$16.50 / 1KG,https://www.woolworths.com.au/shop/productdetails/27649/angas-park-fruit-mixed-peel-oranges-lemons,https://cdn0.woolworths.media/content/wowproductimages/medium/027649.jpg,2020-09-21 17:27:05,,0,,True
ff902ac6-de84-491c-a518-7348220715f7,Woolworths Supermarket,Pantry,Woolworths Stuffing Mix 200g,027855,$1.35,$0.07 / 10G,https://www.woolworths.com.au/shop/productdetails/27855/woolworths-stuffing-mix,https://cdn0.woolworths.media/content/wowproductimages/medium/027855.jpg,2020-09-21 17:27:05,Average product rating out of 5: 3.9. Product score is based on 456 ratings,456,,True
c3da3f08-9f61-4e3e-be36-30b0093e892f,Woolworths Supermarket,Pantry,Herbamare Sauce Seasoning Herb Salt 250g,027876,$7.70,$3.08 / 100G,https://www.woolworths.com.au/shop/productdetails/27876/herbamare-sauce-seasoning-herb-salt,https://cdn0.woolworths.media/content/wowproductimages/medium/027876.jpg,2020-09-21 17:27:05,Average product rating out of 5: 5.0. Product score is based on 21 ratings,21,,True
9b8933c4-1b2f-4fb4-8bbf-8ea9349bc40e,Woolworths Supermarket,Pantry,Continental Rice Indian 180g,028219,$3.00,$1.67 / 100G,https://www.woolworths.com.au/shop/productdetails/28219/continental-rice-indian,https://cdn0.woolworths.media/content/wowproductimages/medium/028219.jpg,2020-09-21 17:27:05,,0,,True
75e783db-5ee9-46e3-805e-f8fe052104a6,Woolworths Supermarket,Pantry,Continental Rice Mexican 180g,028233,$3.00,$1.67 / 100G,https://www.woolworths.com.au/shop/productdetails/28233/continental-rice-mexican,https://cdn0.woolworths.media/content/wowproductimages/medium/028233.jpg,2020-09-21 17:27:05,,0,,True
732b1d84-94ae-47b9-a3a8-c96fe1879de4,Woolworths Supermarket,Pantry,Movietime Popcorn Bag Multi Coloured 150g,028263,$2.60,$1.73 / 100G,https://www.woolworths.com.au/shop/productdetails/28263/movietime-popcorn-bag-multi-coloured,https://cdn0.woolworths.media/content/wowproductimages/medium/028263.jpg,2020-09-21 17:27:05,,0,,True
a06ac9eb-2cda-422d-b8e1-b52b7631929f,Woolworths Supermarket,Pantry,Lavazza Ristretto Capsules Intensita 11 10 pack,028344,$6.00,$0.60 / 1EA,https://www.woolworths.com.au/shop/productdetails/28344/lavazza-ristretto-capsules-intensita-11,https://cdn0.woolworths.media/content/wowproductimages/medium/028344.jpg,2020-09-21 17:27:05,,0,,True
2d934886-45c6-42dc-9d2f-ac7430bb7485,Woolworths Supermarket,Pantry,Lavazza Qualita Rossa Beans 1kg,028404,$22.00,$2.20 / 100G,https://www.woolworths.com.au/shop/productdetails/28404/lavazza-qualita-rossa-beans,https://cdn0.woolworths.media/content/wowproductimages/medium/028404.jpg,2020-09-21 17:27:05,,0,,True
a0ce9e14-f1f9-48ba-84e6-6f09df4fa1a9,Woolworths Supermarket,Pantry,Lavazza A Modo Mio Intenso 16 pack,028412,$11.00,$0.69 / 1EA,https://www.woolworths.com.au/shop/productdetails/28412/lavazza-a-modo-mio-intenso,https://cdn0.woolworths.media/content/wowproductimages/medium/028412.jpg,2020-09-21 17:27:05,,0,,True
45801bae-5c88-4f46-a403-26e0d82f5f98,Woolworths Supermarket,Pantry,Tasti Nut Butter Bars Peanut Butter 175g,028422,$5.50,$3.14 / 100G,https://www.woolworths.com.au/shop/productdetails/28422/tasti-nut-butter-bars-peanut-butter,https://cdn0.woolworths.media/content/wowproductimages/medium/028422.jpg,2020-09-21 17:27:05,,0,,True
3927acb4-f0d9-4951-bd1e-feb6ed2fb735,Woolworths Supermarket,Pantry,Uncle Tobys Oats Breakfast Bakes Honey & Roasted Almond 260g,028589,$6.00,$2.31 / 100G,https://www.woolworths.com.au/shop/productdetails/28589/uncle-tobys-oats-breakfast-bakes-honey-roasted-almond,https://cdn0.woolworths.media/content/wowproductimages/medium/028589.jpg,2020-09-21 17:27:05,,0,,True
2e614cb5-1463-4f30-bf7c-6bb40e2a3fdd,Woolworths Supermarket,Pantry,Uncle Tobys Oats Breakfast Bakes Apple & Cinnamon 260g,028617,$6.00,$2.31 / 100G,https://www.woolworths.com.au/shop/productdetails/28617/uncle-tobys-oats-breakfast-bakes-apple-cinnamon,https://cdn0.woolworths.media/content/wowproductimages/medium/028617.jpg,2020-09-21 17:27:05,,0,,True
57187df9-db8a-48ad-ab70-c4aefd83d777,Woolworths Supermarket,Pantry,Noshu 98% Sugar Free Choc Baking Chips 150g,028622,$4.00,$2.67 / 100G,https://www.woolworths.com.au/shop/productdetails/28622/noshu-98-sugar-free-choc-baking-chips,https://cdn0.woolworths.media/content/wowproductimages/medium/028622.jpg,2020-09-21 17:27:05,,0,,True
5d040c26-ad9d-426f-bbce-84bbc1e2b90e,Woolworths Supermarket,Pantry,Uncle Tobys Oats Super Blends Porridge Sachets High Protein Cranberry 368g,028625,$7.00,$1.90 / 100G,https://www.woolworths.com.au/shop/productdetails/28625/uncle-tobys-oats-super-blends-porridge-sachets-high-protein-cranberry,https://cdn0.woolworths.media/content/wowproductimages/medium/028625.jpg,2020-09-21 17:27:05,,0,,True
704d12dd-1fcd-4415-a597-ffb8b8a55f57,Woolworths Supermarket,Pantry,Mckenzie's Coconut Fine Desiccated 250g,028708,$2.60,$10.40 / 1KG,https://www.woolworths.com.au/shop/productdetails/28708/mckenzie-s-coconut-fine-desiccated,https://cdn0.woolworths.media/content/wowproductimages/medium/028708.jpg,2020-09-21 17:27:05,,0,,True
349f6b3a-a7a3-45af-9cc3-0c27e691c108,Woolworths Supermarket,Pantry,Noshu 95% Sugar Free White Choc Baking Chips 150g,028907,$4.00,$2.67 / 100G,https://www.woolworths.com.au/shop/productdetails/28907/noshu-95-sugar-free-white-choc-baking-chips,https://cdn0.woolworths.media/content/wowproductimages/medium/028907.jpg,2020-09-21 17:27:05,,0,,True
5475670b-48d6-42aa-9d40-ef26b9492b51,Woolworths Supermarket,Pantry,Uncle Tobys Oats Super Blends Porridge Sachets High Protein Almond 368g,028914,$7.00,$1.90 / 100G,https://www.woolworths.com.au/shop/productdetails/28914/uncle-tobys-oats-super-blends-porridge-sachets-high-protein-almond,https://cdn0.woolworths.media/content/wowproductimages/medium/028914.jpg,2020-09-21 17:27:05,,0,,True
32e846e7-08b9-408a-afe4-b24488d4e8d8,Woolworths Supermarket,Pantry,Mayver's Hulled Tahini Spread 385g,029348,$5.30,$1.38 / 100G,https://www.woolworths.com.au/shop/productdetails/29348/mayver-s-hulled-tahini-spread,https://cdn0.woolworths.media/content/wowproductimages/medium/029348.jpg,2020-09-21 17:27:05,Average product rating out of 5: 4.7. Product score is based on 23 ratings,23,,True
ee3ddc50-d4e8-487a-b2cd-5ac3a6f93ddf,Woolworths Supermarket,Pantry,Greenseas Tuna In Spring Water In Spring Water 425g,029372,$5.00,$11.76 / 1KG,https://www.woolworths.com.au/shop/productdetails/29372/greenseas-tuna-in-spring-water-in-spring-water,https://cdn0.woolworths.media/content/wowproductimages/medium/029372.jpg,2020-09-21 17:27:05,,0,,True
16260d10-c39d-42d0-97c4-d1f882204ab4,Woolworths Supermarket,Pantry,Oasis Ground Coffee Greek Style 200g,029734,$4.00,$2.00 / 100G,https://www.woolworths.com.au/shop/productdetails/29734/oasis-ground-coffee-greek-style,https://cdn0.woolworths.media/content/wowproductimages/medium/029734.jpg,2020-09-21 17:27:05,,0,,True
1345a200-3ac6-4af6-947c-4f21c6a05f5d,Woolworths Supermarket,Pantry,Woolworths Taco Seasoning Mix 35g,029767,$1.00,$2.86 / 100G,https://www.woolworths.com.au/shop/productdetails/29767/woolworths-taco-seasoning-mix,https://cdn0.woolworths.media/content/wowproductimages/medium/029767.jpg,2020-09-21 17:27:05,Average product rating out of 5: 4.2. Product score is based on 446 ratings,446,,True
d2ef13c2-aae2-4e43-9226-e654bc10c0f7,Woolworths Supermarket,Pantry,Clive Of India Curry Powder 100g,030015,$3.50,$0.35 / 10G,https://www.woolworths.com.au/shop/productdetails/30015/clive-of-india-curry-powder,https://cdn0.woolworths.media/content/wowproductimages/medium/030015.jpg,2020-09-21 17:27:05,,0,,True
df60f316-11b1-4760-b573-945db737c556,Woolworths Supermarket,Pantry,John West Tuna Light In Brine 425g,030023,$4.50,$10.59 / 1KG,https://www.woolworths.com.au/shop/productdetails/30023/john-west-tuna-light-in-brine,https://cdn0.woolworths.media/content/wowproductimages/medium/030023.jpg,2020-09-21 17:27:05,,0,,True
ab18480e-98d4-4e39-9a86-6d570ba6fe9c,Woolworths Supermarket,Pantry,Fowlers Baking Aids Vacola Jamsetta 50g,030309,$1.85,$3.70 / 100G,https://www.woolworths.com.au/shop/productdetails/30309/fowlers-baking-aids-vacola-jamsetta,https://cdn0.woolworths.media/content/wowproductimages/medium/030309.jpg,2020-09-21 17:27:05,,0,,True
171bd786-2701-45c8-88ef-35c2cf427015,Woolworths Supermarket,Pantry,Madura Green Tea Bags 50pk 75g,030321,$4.55,$0.09 / 1EA,https://www.woolworths.com.au/shop/productdetails/30321/madura-green-tea-bags,https://cdn0.woolworths.media/content/wowproductimages/medium/030321.jpg,2020-09-21 17:27:05,,0,,True
d46ff784-30bb-4088-b319-80907298d362,Woolworths Supermarket,Pantry,Essentials Brown Vinegar 1l,030322,$1.05,$0.11 / 100ML,https://www.woolworths.com.au/shop/productdetails/30322/essentials-brown-vinegar,https://cdn0.woolworths.media/content/wowproductimages/medium/030322.jpg,2020-09-21 17:27:05,Average product rating out of 5: 4.4. Product score is based on 239 ratings,239,,True
a930d93c-5392-4459-8ccb-777863c668bc,Woolworths Supermarket,Pantry,Essentials Tuna In Oil 425g,030438,$3.00,$7.06 / 1KG,https://www.woolworths.com.au/shop/productdetails/30438/essentials-tuna-in-oil,https://cdn0.woolworths.media/content/wowproductimages/medium/030438.jpg,2020-09-21 17:27:05,Average product rating out of 5: 3.8. Product score is based on 453 ratings,453,,True
cf3f7858-8f0e-4f01-bb56-4b81cf25112c,Woolworths Supermarket,Pantry,Leggos Stir Through Chargrilled Vegetable 350g,030515,$4.00,$1.14 / 100G,https://www.woolworths.com.au/shop/productdetails/30515/leggos-stir-through-chargrilled-vegetable,https://cdn0.woolworths.media/content/wowproductimages/medium/030515.jpg,2020-09-21 17:27:05,,0,,True
90ca7eac-9958-4076-b089-6baa84b7df02,Woolworths Supermarket,Pantry,Leggos Stir Through Sundried Tomato & Garlic 350g,030644,$4.00,$1.14 / 100G,https://www.woolworths.com.au/shop/productdetails/30644/leggos-stir-through-sundried-tomato-garlic,https://cdn0.woolworths.media/content/wowproductimages/medium/030644.jpg,2020-09-21 17:27:05,,0,,True
4bbba6d8-b938-4cbe-9097-7f91b23b0ced,Woolworths Supermarket,Pantry,Campbell's Real Beef Liquid Stock 1l,030825,$3.00,$0.30 / 100ML,https://www.woolworths.com.au/shop/productdetails/30825/campbell-s-real-beef-liquid-stock,https://cdn0.woolworths.media/content/wowproductimages/medium/030825.jpg,2020-09-21 17:27:05,,0,,True
fbe7706b-fe64-4cb2-92b2-c6d81f9f8ff8,Woolworths Supermarket,Pantry,Campbell's Real Vegetable Liquid Stock 1l,030856,$3.00,$0.30 / 100ML,https://www.woolworths.com.au/shop/productdetails/30856/campbell-s-real-vegetable-liquid-stock,https://cdn0.woolworths.media/content/wowproductimages/medium/030856.jpg,2020-09-21 17:27:05,,0,,True
67ac2ce7-1bb7-4199-8e3e-6cc7a47326b7,Woolworths Supermarket,Pantry,Arnott's Tic Toc Biscuits 250g,030872,$3.05,$1.22 / 100G,https://www.woolworths.com.au/shop/productdetails/30872/arnott-s-tic-toc-biscuits,https://cdn0.woolworths.media/content/wowproductimages/medium/030872.jpg,2020-09-21 17:27:05,,0,,True
e94279aa-306b-4f74-a7e5-1e2ccb1eacd9,Woolworths Supermarket,Pantry,Carman's Muesli Bars Fruits & Nuts 12 pack,031158,$9.00,$1.67 / 100G,https://www.woolworths.com.au/shop/productdetails/31158/carman-s-muesli-bars-fruits-nuts,https://cdn0.woolworths.media/content/wowproductimages/medium/031158.jpg,2020-09-21 17:27:05,,0,Was $10.00 08/04/2019,True
60013dbe-7650-4abc-bfae-af26881f4f98,Woolworths Supermarket,Pantry,Carman's Muesli Bars Original Fruits Free 12 pack,031169,$9.00,$1.67 / 100G,https://www.woolworths.com.au/shop/productdetails/31169/carman-s-muesli-bars-original-fruits-free,https://cdn0.woolworths.media/content/wowproductimages/medium/031169.jpg,2020-09-21 17:27:05,,0,Was $10.00 08/04/2019,True
4b055791-6bb9-4ab7-bb2c-ee63407867a1,Woolworths Supermarket,Pantry,Old El Paso Enchilada Dinner Kit 520g,031429,$6.50,$1.25 / 100G,https://www.woolworths.com.au/shop/productdetails/31429/old-el-paso-enchilada-dinner-kit,https://cdn0.woolworths.media/content/wowproductimages/medium/031429.jpg,2020-09-21 17:27:05,,0,,True
b3f7f489-0347-409d-aeb6-1649f76e1092,Woolworths Supermarket,Pantry,Queen Rainbow Food Colours 4 pack,031777,$3.70,$13.21 / 100ML,https://www.woolworths.com.au/shop/productdetails/31777/queen-rainbow-food-colours,https://cdn0.woolworths.media/content/wowproductimages/medium/031777.jpg,2020-09-21 17:27:05,,0,,True
541861b5-e56e-4e97-871d-40bf85228daf,Woolworths Supermarket,Pantry,Greenseas Tuna Chunks In Brine 95g,032153,$2.00,$21.05 / 1KG,https://www.woolworths.com.au/shop/productdetails/32153/greenseas-tuna-chunks-in-brine,https://cdn0.woolworths.media/content/wowproductimages/medium/032153.jpg,2020-09-21 17:27:05,,0,,True
3ee9c65b-f1e8-4ac2-983f-cafdb395366c,Woolworths Supermarket,Pantry,Vittoria Italian Ground 200g,032179,$5.00,$2.50 / 100G,https://www.woolworths.com.au/shop/productdetails/32179/vittoria-italian-ground,https://cdn0.woolworths.media/content/wowproductimages/medium/032179.jpg,2020-09-21 17:27:05,,0,,True
b5fdfde1-3041-4ca5-9fa8-05636d637e6a,Woolworths Supermarket,Pantry,Vittoria Espressotoria Maragogype Coffee Capsules 12 pack,032182,$4.20,$0.35 / 1EA,https://www.woolworths.com.au/shop/productdetails/32182/vittoria-espressotoria-maragogype-coffee-capsules,https://cdn0.woolworths.media/content/wowproductimages/medium/032182.jpg,2020-09-21 17:27:05,,0,,True
6b0ccd14-2e18-4f3a-a5a3-a7ace5730f5b,Woolworths Supermarket,Pantry,Vittoria Organic Beans 500g,032187,$11.40,$2.28 / 100G,https://www.woolworths.com.au/shop/productdetails/32187/vittoria-organic-beans,https://cdn0.woolworths.media/content/wowproductimages/medium/032187.jpg,2020-09-21 17:27:05,,0,,True
0d821353-fe01-428f-b55c-45e7fb3cd0d8,Woolworths Supermarket,Pantry,Woolworths Roast Chicken Flavoured Popcorn Chips 6 pack,032190,$2.80,$3.11 / 100G,https://www.woolworths.com.au/shop/productdetails/32190/woolworths-roast-chicken-flavoured-popcorn-chips,https://cdn0.woolworths.media/content/wowproductimages/medium/032190.jpg,2020-09-21 17:27:05,,0,2 for $5.00,True
b8ac43af-b9f4-474e-a0bf-f2b632dc3ead,Woolworths Supermarket,Pantry,Paul Newman's Balsamic Vinaigrette 250ml,032214,$4.00,$1.60 / 100ML,https://www.woolworths.com.au/shop/productdetails/32214/paul-newman-s-balsamic-vinaigrette,https://cdn0.woolworths.media/content/wowproductimages/medium/032214.jpg,2020-09-21 17:27:05,,0,Was $4.40 21/08/2017,True
0d533aca-0043-4bdd-a484-de654d91e646,Woolworths Supermarket,Pantry,Vittoria Mt Grown Ground 500g,032216,$15.00,$3.00 / 100G,https://www.woolworths.com.au/shop/productdetails/32216/vittoria-mt-grown-ground,https://cdn0.woolworths.media/content/wowproductimages/medium/032216.jpg,2020-09-21 17:27:05,,0,,True
20292908-2cfc-4518-a3e9-edd24d22d3e2,Woolworths Supermarket,Pantry,Nong Shim Instant Noodles Shin Ramyun 120g,032230,$1.80,$1.50 / 100G,https://www.woolworths.com.au/shop/productdetails/32230/nong-shim-instant-noodles-shin-ramyun,https://cdn0.woolworths.media/content/wowproductimages/medium/032230.jpg,2020-09-21 17:27:05,,0,,True
cb9ddc21-f585-4262-9e63-37c096480405,Woolworths Supermarket,Pantry,Woolworths Salt & Vinegar Popcorn Chips 6 pack,032243,,,https://www.woolworths.com.au/shop/productdetails/32243/woolworths-salt-vinegar-popcorn-chips,https://cdn0.woolworths.media/content/wowproductimages/medium/032243.jpg,2020-09-21 17:27:05,,0,2 for $5.00,False
627ec248-537a-4877-bfa5-b69979715f17,Woolworths Supermarket,Pantry,Arnott's Tim Tam Choc Double Coated 200g,032257,$3.65,$1.83 / 100G,https://www.woolworths.com.au/shop/productdetails/32257/arnott-s-tim-tam-choc-double-coated,https://cdn0.woolworths.media/content/wowproductimages/medium/032257.jpg,2020-09-21 17:27:05,,0,,True
dbacd68c-4d8f-4b99-a6e2-2d556105d93f,Woolworths Supermarket,Pantry,Sanitarium Up&go Liquid Breakfast Banana 3 pack,032295,$4.80,$6.40 / 1L,https://www.woolworths.com.au/shop/productdetails/32295/sanitarium-up-go-liquid-breakfast-banana,https://cdn0.woolworths.media/content/wowproductimages/medium/032295.jpg,2020-09-21 17:27:05,,0,,True
bced7cbd-8b8a-4ffd-be46-0ceeb0e205c3,Woolworths Supermarket,Pantry,Spc Peaches Sliced In Juice 825g,032321,$3.50,$4.24 / 1KG,https://www.woolworths.com.au/shop/productdetails/32321/spc-peaches-sliced-in-juice,https://cdn0.woolworths.media/content/wowproductimages/medium/032321.jpg,2020-09-21 17:27:05,,0,,True
3885f5d8-d7e4-4c07-83a5-d47f87aa44e0,Woolworths Supermarket,Pantry,Rosella Aristocrat Onions Cocktail Green 150g,032374,$2.15,$14.33 / 1KG,https://www.woolworths.com.au/shop/productdetails/32374/rosella-aristocrat-onions-cocktail-green,https://cdn0.woolworths.media/content/wowproductimages/medium/032374.jpg,2020-09-21 17:27:05,,0,,True
f0f411ef-2d6d-436b-bcab-8a8a2174c32c,Woolworths Supermarket,Pantry,Spc Two Fruits Diced Natural Juice 825g,032428,$3.50,$4.24 / 1KG,https://www.woolworths.com.au/shop/productdetails/32428/spc-two-fruits-diced-natural-juice,https://cdn0.woolworths.media/content/wowproductimages/medium/032428.jpg,2020-09-21 17:27:05,,0,,True
480def37-ddfa-40c6-bcf5-6f65fb553302,Woolworths Supermarket,Pantry,Oxo Beef Stock Cubes 71g,032465,$2.00,$0.28 / 10G,https://www.woolworths.com.au/shop/productdetails/32465/oxo-beef-stock-cubes,https://cdn0.woolworths.media/content/wowproductimages/medium/032465.jpg,2020-09-21 17:27:05,,0,Was $2.50 06/07/2020,True
3a9f0b50-772e-46dd-b441-6d0438203a64,Woolworths Supermarket,Pantry,Rosella Aristocrat Onions Cocktail Red 150g,032471,$2.15,$14.33 / 1KG,https://www.woolworths.com.au/shop/productdetails/32471/rosella-aristocrat-onions-cocktail-red,https://cdn0.woolworths.media/content/wowproductimages/medium/032471.jpg,2020-09-21 17:27:05,,0,,True
c42230fb-9990-45be-8d31-77691a23b83d,Woolworths Supermarket,Pantry,Eta Dressings Potato Salad 365g,032502,$4.00,$1.10 / 100G,https://www.woolworths.com.au/shop/productdetails/32502/eta-dressings-potato-salad,https://cdn0.woolworths.media/content/wowproductimages/medium/032502.jpg,2020-09-21 17:27:05,,0,,True
65e04dd2-0bf2-4ba0-a41b-1881e793498e,Woolworths Supermarket,Pantry,Masterfoods Ground Ginger 25g,032503,$2.20,$0.88 / 10G,https://www.woolworths.com.au/shop/productdetails/32503/masterfoods-ground-ginger,https://cdn0.woolworths.media/content/wowproductimages/medium/032503.jpg,2020-09-21 17:27:05,,0,,True
c2529e14-3ec7-4691-a3e3-fa5674c9e558,Woolworths Supermarket,Pantry,Masterfoods Nutmeg Ground 30g,032506,$3.00,$1.00 / 10G,https://www.woolworths.com.au/shop/productdetails/32506/masterfoods-nutmeg-ground,https://cdn0.woolworths.media/content/wowproductimages/medium/032506.jpg,2020-09-21 17:27:05,,0,,True
38b5d8f9-111e-4a36-8f35-6fda45a7ca3f,Woolworths Supermarket,Pantry,Masterfoods Ground Cayenne Pepper 30g,032510,$3.50,$1.17 / 10G,https://www.woolworths.com.au/shop/productdetails/32510/masterfoods-ground-cayenne-pepper,https://cdn0.woolworths.media/content/wowproductimages/medium/032510.jpg,2020-09-21 17:27:05,,0,,True
be259048-260d-4f24-94d5-3784d815d05a,Woolworths Supermarket,Pantry,Cornwell's Apple Cider Vinegar Cider 2l,032523,$5.55,$0.28 / 100ML,https://www.woolworths.com.au/shop/productdetails/32523/cornwell-s-apple-cider-vinegar-cider,https://cdn0.woolworths.media/content/wowproductimages/medium/032523.jpg,2020-09-21 17:27:05,,0,,True
44e4435b-672d-49ef-81f8-700d3c007741,Woolworths Supermarket,Pantry,Cottee's Conserve Apricot 500g,032527,$2.80,$0.56 / 100G,https://www.woolworths.com.au/shop/productdetails/32527/cottee-s-conserve-apricot,https://cdn0.woolworths.media/content/wowproductimages/medium/032527.jpg,2020-09-21 17:27:05,,0,,True
40dcc29a-6559-4a96-8a5c-064129e843e4,Woolworths Supermarket,Pantry,Plumrose Frankfurts Cocktail 400g,032593,$4.30,$10.75 / 1KG,https://www.woolworths.com.au/shop/productdetails/32593/plumrose-frankfurts-cocktail,https://cdn0.woolworths.media/content/wowproductimages/medium/032593.jpg,2020-09-21 17:27:05,,0,,True
2a20bee2-8f4e-4817-8641-26f001fa6dda,Woolworths Supermarket,Pantry,Masterfoods Ground Coriander 25g,032599,$2.30,$0.92 / 10G,https://www.woolworths.com.au/shop/productdetails/32599/masterfoods-ground-coriander,https://cdn0.woolworths.media/content/wowproductimages/medium/032599.jpg,2020-09-21 17:27:05,,0,,True
aa326f68-b3df-42c3-bc59-835fbd981823,Woolworths Supermarket,Pantry,John West Salmon Red 210g,032604,$8.00,$38.10 / 1KG,https://www.woolworths.com.au/shop/productdetails/32604/john-west-salmon-red,https://cdn0.woolworths.media/content/wowproductimages/medium/032604.jpg,2020-09-21 17:27:05,,0,,True
34d3bd15-cd75-41d2-94a6-7d69b2daa9ec,Woolworths Supermarket,Pantry,Masterfoods Ground Cumin Seeds 25g,032649,$2.70,$1.08 / 10G,https://www.woolworths.com.au/shop/productdetails/32649/masterfoods-ground-cumin-seeds,https://cdn0.woolworths.media/content/wowproductimages/medium/032649.jpg,2020-09-21 17:27:05,,0,,True
6e3e4dac-5379-43e2-92c3-25e73aeeff1f,Woolworths Supermarket,Pantry,Sunbeam Raisins 375g,032687,$4.90,$13.07 / 1KG,https://www.woolworths.com.au/shop/productdetails/32687/sunbeam-raisins,https://cdn0.woolworths.media/content/wowproductimages/medium/032687.jpg,2020-09-21 17:27:05,,0,,True
2d21ab1b-9f56-4947-bdf7-7e19d5ac391e,Woolworths Supermarket,Pantry,Moccona Freeze Dried Instant Coffee Classic Medium Roast 50g,032695,$6.00,$12.00 / 100G,https://www.woolworths.com.au/shop/productdetails/32695/moccona-freeze-dried-instant-coffee-classic-medium-roast,https://cdn0.woolworths.media/content/wowproductimages/medium/032695.jpg,2020-09-21 17:27:05,,0,,True
a8a2f0df-c644-4145-8877-b546f8b10d6e,Woolworths Supermarket,Pantry,Oxo Chicken Stock Cubes 71g,032714,$2.00,$0.28 / 10G,https://www.woolworths.com.au/shop/productdetails/32714/oxo-chicken-stock-cubes,https://cdn0.woolworths.media/content/wowproductimages/medium/032714.jpg,2020-09-21 17:27:05,,0,Was $2.50 06/07/2020,True
a8b66c3c-0d33-4cfc-92ab-a7f51ea0c733,Woolworths Supermarket,Pantry,Masterfoods Celery Salt 57g,032758,$1.85,$0.32 / 10G,https://www.woolworths.com.au/shop/productdetails/32758/masterfoods-celery-salt,https://cdn0.woolworths.media/content/wowproductimages/medium/032758.jpg,2020-09-21 17:27:05,,0,,True
78755cb9-e81e-492b-89e4-f4a11c077b24,Woolworths Supermarket,Pantry,Masterfoods Salt Onion 68g,032759,$1.90,$0.28 / 10G,https://www.woolworths.com.au/shop/productdetails/32759/masterfoods-salt-onion,https://cdn0.woolworths.media/content/wowproductimages/medium/032759.jpg,2020-09-21 17:27:05,,0,,True
34fe4483-8f45-4e6a-b7b1-a12e764550a5,Woolworths Supermarket,Pantry,Masterfoods Garlic Salt 70g,032760,$1.83,$0.26 / 10G,https://www.woolworths.com.au/shop/productdetails/32760/masterfoods-garlic-salt,https://cdn0.woolworths.media/content/wowproductimages/medium/032760.jpg,2020-09-21 17:27:05,,0,,True
267263f4-e989-4fec-84cd-008e46882da9,Woolworths Supermarket,Pantry,Masterfoods Seafood Sauce Tartare 220g,032766,$2.40,$1.09 / 100G,https://www.woolworths.com.au/shop/productdetails/32766/masterfoods-seafood-sauce-tartare,https://cdn0.woolworths.media/content/wowproductimages/medium/032766.jpg,2020-09-21 17:27:05,,0,,True
3a17cca2-c6d2-46f0-8f25-e477c39f32df,Woolworths Supermarket,Pantry,Masterfoods Ground Paprika 35g,032775,$2.65,$0.76 / 10G,https://www.woolworths.com.au/shop/productdetails/32775/masterfoods-ground-paprika,https://cdn0.woolworths.media/content/wowproductimages/medium/032775.jpg,2020-09-21 17:27:05,,0,,True
e78c1ff4-d76b-417b-b4e3-95c3c101edfb,Woolworths Supermarket,Pantry,Masterfoods Vanillin Sugar 65g,032782,$2.00,$0.31 / 10G,https://www.woolworths.com.au/shop/productdetails/32782/masterfoods-vanillin-sugar,https://cdn0.woolworths.media/content/wowproductimages/medium/032782.jpg,2020-09-21 17:27:05,,0,,True
5f9a7c3d-413f-46ff-8f66-1aaff05558ab,Woolworths Supermarket,Pantry,Masterfoods Hot English Mustard 175g,032787,$2.80,$1.60 / 100G,https://www.woolworths.com.au/shop/productdetails/32787/masterfoods-hot-english-mustard,https://cdn0.woolworths.media/content/wowproductimages/medium/032787.jpg,2020-09-21 17:27:05,,0,,True
02647e61-30e6-49ca-ad1e-712de9dc3a28,Woolworths Supermarket,Pantry,Masterfoods Mild English Mustard 175g,032820,$2.80,$1.60 / 100G,https://www.woolworths.com.au/shop/productdetails/32820/masterfoods-mild-english-mustard,https://cdn0.woolworths.media/content/wowproductimages/medium/032820.jpg,2020-09-21 17:27:05,,0,,True
0e9e1e0d-f933-47d8-b56b-2e0ea90f139b,Woolworths Supermarket,Pantry,Masterfoods Wholegrain Mustard 175g,032822,$2.80,$1.60 / 100G,https://www.woolworths.com.au/shop/productdetails/32822/masterfoods-wholegrain-mustard,https://cdn0.woolworths.media/content/wowproductimages/medium/032822.jpg,2020-09-21 17:27:05,,0,,True
7f4173c8-51aa-40ce-ba75-93ce4cfebf99,Woolworths Supermarket,Pantry,Masterfoods Horseradish Cream 175g,032831,$2.80,$1.60 / 100G,https://www.woolworths.com.au/shop/productdetails/32831/masterfoods-horseradish-cream,https://cdn0.woolworths.media/content/wowproductimages/medium/032831.jpg,2020-09-21 17:27:05,,0,,True
bcc40363-d621-42da-a9e9-2d6e4a4f6136,Woolworths Supermarket,Pantry,Always Fresh Olives Stuffed 450g,032842,$3.95,$8.78 / 1KG,https://www.woolworths.com.au/shop/productdetails/32842/always-fresh-olives-stuffed,https://cdn0.woolworths.media/content/wowproductimages/medium/032842.jpg,2020-09-21 17:27:05,,0,,True
ff28b4d0-ba93-460a-8e7c-68358c496125,Woolworths Supermarket,Pantry,Masterfoods All Purpose Seasoning 65g,032857,$2.35,$0.36 / 10G,https://www.woolworths.com.au/shop/productdetails/32857/masterfoods-all-purpose-seasoning,https://cdn0.woolworths.media/content/wowproductimages/medium/032857.jpg,2020-09-21 17:27:05,,0,,True
3da0dbd1-2654-48a8-9d32-1952b7b19792,Woolworths Supermarket,Pantry,Masterfoods Australian Mustard 175g,032901,$2.80,$1.60 / 100G,https://www.woolworths.com.au/shop/productdetails/32901/masterfoods-australian-mustard,https://cdn0.woolworths.media/content/wowproductimages/medium/032901.jpg,2020-09-21 17:27:05,,0,,True
dbe70f55-d233-483a-a2a6-f9f3733fcd9b,Woolworths Supermarket,Pantry,Continental Cup A Soup Beef With Lots Noodles 2 pack,032921,$2.00,$3.39 / 100G,https://www.woolworths.com.au/shop/productdetails/32921/continental-cup-a-soup-beef-with-lots-noodles,https://cdn0.woolworths.media/content/wowproductimages/medium/032921.jpg,2020-09-21 17:27:05,,0,,True
c755b693-eefe-4824-a061-4a62f8cf6650,Woolworths Supermarket,Pantry,Continental Cup A Soup Chicken With Lots Of Noodles 2 pack,032924,$2.00,$3.33 / 100G,https://www.woolworths.com.au/shop/productdetails/32924/continental-cup-a-soup-chicken-with-lots-of-noodles,https://cdn0.woolworths.media/content/wowproductimages/medium/032924.jpg,2020-09-21 17:27:05,,0,,True
a76de3ec-235d-4f50-8d7b-27f18c9ee807,Woolworths Supermarket,Pantry,Continental Cup A Soup Classic Chicken Noodle 4 pack,032926,$2.00,$5.00 / 100G,https://www.woolworths.com.au/shop/productdetails/32926/continental-cup-a-soup-classic-chicken-noodle,https://cdn0.woolworths.media/content/wowproductimages/medium/032926.jpg,2020-09-21 17:27:05,,0,,True
5899fcfb-5f67-4232-9ddb-ed3be7c7eaa8,Woolworths Supermarket,Pantry,Continental Cup A Soup Classic Hearty Beef 4 pack,032928,$2.00,$3.64 / 100G,https://www.woolworths.com.au/shop/productdetails/32928/continental-cup-a-soup-classic-hearty-beef,https://cdn0.woolworths.media/content/wowproductimages/medium/032928.jpg,2020-09-21 17:27:05,,0,,True
a360a9bf-e818-463a-9fcf-62c31101f57d,Woolworths Supermarket,Pantry,Crisco Vegetable Blended Oil 750ml,032991,$3.45,$0.46 / 100ML,https://www.woolworths.com.au/shop/productdetails/32991/crisco-vegetable-blended-oil,https://cdn0.woolworths.media/content/wowproductimages/medium/032991.jpg,2020-09-21 17:27:05,,0,,True
9ebb942f-8ba3-4399-bb70-7a55e4de5da0,Woolworths Supermarket,Pantry,Ardmona Apple Sliced 400g,032993,$3.20,$8.00 / 1KG,https://www.woolworths.com.au/shop/productdetails/32993/ardmona-apple-sliced,https://cdn0.woolworths.media/content/wowproductimages/medium/032993.jpg,2020-09-21 17:27:05,,0,,True
63f00c4b-c0b8-409b-985d-250833c704cd,Woolworths Supermarket,Pantry,Uncle Tobys Cereal Vita Brits 375g,033015,$2.99,$0.80 / 100G,https://www.woolworths.com.au/shop/productdetails/33015/uncle-tobys-cereal-vita-brits,https://cdn0.woolworths.media/content/wowproductimages/medium/033015.jpg,2020-09-21 17:27:05,,0,,True
c2bb7d8b-c73c-4816-a12f-1bec086ec3b8,Woolworths Supermarket,Pantry,Sanitarium Weet-bix Breakfast Cereal 375g,033021,$2.90,$0.77 / 100G,https://www.woolworths.com.au/shop/productdetails/33021/sanitarium-weet-bix-breakfast-cereal,https://cdn0.woolworths.media/content/wowproductimages/medium/033021.jpg,2020-09-21 17:27:05,,0,,True
0c7b04c5-a274-46c1-84e0-c014082eb30a,Woolworths Supermarket,Pantry,Uncle Tobys Oats Traditional Porridge 1kg,033036,$6.00,$0.60 / 100G,https://www.woolworths.com.au/shop/productdetails/33036/uncle-tobys-oats-traditional-porridge,https://cdn0.woolworths.media/content/wowproductimages/medium/033036.jpg,2020-09-21 17:27:05,,0,,True
45c96219-9b3a-4c70-93a5-3bda10621fed,Woolworths Supermarket,Pantry,White Wings Plain Flour 1kg,033064,$3.00,$3.00 / 1KG,https://www.woolworths.com.au/shop/productdetails/33064/white-wings-plain-flour,https://cdn0.woolworths.media/content/wowproductimages/medium/033064.jpg,2020-09-21 17:27:05,,0,,True
04846c54-ba98-4f8c-9a27-8dc104f4341d,Woolworths Supermarket,Pantry,Nerada Loose Leaf Tea 250g,033072,$3.00,$1.20 / 100G,https://www.woolworths.com.au/shop/productdetails/33072/nerada-loose-leaf-tea,https://cdn0.woolworths.media/content/wowproductimages/medium/033072.jpg,2020-09-21 17:27:05,,0,,True
62af86e0-5d2c-45c8-a2b1-decb8f2c2319,Woolworths Supermarket,Pantry,Masterfoods Dried Mixed Herbs 40g,033075,$3.65,$0.91 / 10G,https://www.woolworths.com.au/shop/productdetails/33075/masterfoods-dried-mixed-herbs,https://cdn0.woolworths.media/content/wowproductimages/medium/033075.jpg,2020-09-21 17:27:05,,0,,True
068d8a4f-bb0d-471a-bc51-4ac2c6636635,Woolworths Supermarket,Pantry,White Wings Self Raising Flour 1kg,033078,$3.00,$3.00 / 1KG,https://www.woolworths.com.au/shop/productdetails/33078/white-wings-self-raising-flour,https://cdn0.woolworths.media/content/wowproductimages/medium/033078.jpg,2020-09-21 17:27:05,,0,,True
cabb3d4c-a180-49eb-91f1-8d3fcc19a25b,Woolworths Supermarket,Pantry,White Wings Self Raising Flour 2kg,033079,$3.60,$1.80 / 1KG,https://www.woolworths.com.au/shop/productdetails/33079/white-wings-self-raising-flour,https://cdn0.woolworths.media/content/wowproductimages/medium/033079.jpg,2020-09-21 17:27:05,,0,,True
a22a380a-56c0-4dca-8250-4af69dd086ab,Woolworths Supermarket,Pantry,Tabasco Chilli Sauce Red Pepper 60ml,033129,$4.60,$7.67 / 100ML,https://www.woolworths.com.au/shop/productdetails/33129/tabasco-chilli-sauce-red-pepper,https://cdn0.woolworths.media/content/wowproductimages/medium/033129.jpg,2020-09-21 17:27:05,,0,,True
ffb9a80e-cbab-45b4-bf01-57ac9bc980d6,Woolworths Supermarket,Pantry,Csr Brown Sugar 500g,033142,$2.15,$0.43 / 100G,https://www.woolworths.com.au/shop/productdetails/33142/csr-brown-sugar,https://cdn0.woolworths.media/content/wowproductimages/medium/033142.jpg,2020-09-21 17:27:05,,0,,True
a8f70d0c-58eb-4104-8bfd-57ea131a3380,Woolworths Supermarket,Pantry,Csr Caster Sugar 500g,033144,$1.70,$0.34 / 100G,https://www.woolworths.com.au/shop/productdetails/33144/csr-caster-sugar,https://cdn0.woolworths.media/content/wowproductimages/medium/033144.jpg,2020-09-21 17:27:05,,0,,True
d2a01dcc-a6c2-47ec-9df3-be551edb1789,Woolworths Supermarket,Pantry,White Wings Stuffing Mix Hamburger Helper 110g,033154,$3.10,$0.28 / 10G,https://www.woolworths.com.au/shop/productdetails/33154/white-wings-stuffing-mix-hamburger-helper,https://cdn0.woolworths.media/content/wowproductimages/medium/033154.jpg,2020-09-21 17:27:05,,0,,True
8c753090-08d6-4f85-b9ff-77d58827443e,Woolworths Supermarket,Pantry,Csr Brown Sugar Coffee Crystals 500g,033155,$3.45,$0.69 / 100G,https://www.woolworths.com.au/shop/productdetails/33155/csr-brown-sugar-coffee-crystals,https://cdn0.woolworths.media/content/wowproductimages/medium/033155.jpg,2020-09-21 17:27:05,,0,,True
ccd9ac6e-33de-477d-bf55-68720d343da2,Woolworths Supermarket,Pantry,Csr White Sugar 1kg,033156,$1.20,$0.12 / 100G,https://www.woolworths.com.au/shop/productdetails/33156/csr-white-sugar,https://cdn0.woolworths.media/content/wowproductimages/medium/033156.jpg,2020-09-21 17:27:05,,0,,True
df5e723f-50e5-4a4f-bae9-09a8f178cba0,Woolworths Supermarket,Pantry,Csr White Sugar 2kg,033157,$2.40,$0.12 / 100G,https://www.woolworths.com.au/shop/productdetails/33157/csr-white-sugar,https://cdn0.woolworths.media/content/wowproductimages/medium/033157.jpg,2020-09-21 17:27:05,,0,Was $3.00 05/02/2018,True
76e4560c-d6c5-402c-ab5c-2582f917e52a,Woolworths Supermarket,Pantry,Sunrice White Rice Calrose Medium Grain 2kg,033181,$6.50,$0.33 / 100G,https://www.woolworths.com.au/shop/productdetails/33181/sunrice-white-rice-calrose-medium-grain,https://cdn0.woolworths.media/content/wowproductimages/medium/033181.jpg,2020-09-21 17:27:05,,0,,True
914cb0e1-46fe-4715-9083-4a3b402bffc4,Woolworths Supermarket,Pantry,Sunrice White Rice Calrose Medium Grain 1kg,033183,$3.50,$0.35 / 100G,https://www.woolworths.com.au/shop/productdetails/33183/sunrice-white-rice-calrose-medium-grain,https://cdn0.woolworths.media/content/wowproductimages/medium/033183.jpg,2020-09-21 17:27:05,,0,,True
0657c13b-bd6e-44e5-a1aa-abcb1932cdde,Woolworths Supermarket,Pantry,Lion Tapioca Pearls 375g,033185,$2.80,$0.75 / 100G,https://www.woolworths.com.au/shop/productdetails/33185/lion-tapioca-pearls,https://cdn0.woolworths.media/content/wowproductimages/medium/033185.jpg,2020-09-21 17:27:05,,0,,True
16c7b929-f3fd-4bb2-a2f6-5e5d65dd5992,Woolworths Supermarket,Pantry,Gravox Gravy Powder Traditional 200g,033228,$3.40,$0.17 / 10G,https://www.woolworths.com.au/shop/productdetails/33228/gravox-gravy-powder-traditional,https://cdn0.woolworths.media/content/wowproductimages/medium/033228.jpg,2020-09-21 17:27:05,,0,,True
86fe2ae6-c3ca-48a1-a568-85f3795cf1a6,Woolworths Supermarket,Pantry,Saxa Iodised Salt 750g,033245,$2.95,$0.04 / 10G,https://www.woolworths.com.au/shop/productdetails/33245/saxa-iodised-salt,https://cdn0.woolworths.media/content/wowproductimages/medium/033245.jpg,2020-09-21 17:27:05,,0,,True
14e4484e-5964-43b1-b8e6-7c6e694f0f19,Woolworths Supermarket,Pantry,Saxa Table Salt Plain 750g,033246,$2.95,$0.04 / 10G,https://www.woolworths.com.au/shop/productdetails/33246/saxa-table-salt-plain,https://cdn0.woolworths.media/content/wowproductimages/medium/033246.jpg,2020-09-21 17:27:05,,0,,True
bbd72dce-3082-40a7-850a-e5c8098ca587,Woolworths Supermarket,Pantry,Masterfoods Garam Masala 30g,033276,$2.80,$0.93 / 10G,https://www.woolworths.com.au/shop/productdetails/33276/masterfoods-garam-masala,https://cdn0.woolworths.media/content/wowproductimages/medium/033276.jpg,2020-09-21 17:27:05,,0,,True
f8da012d-03b5-41a6-b753-aea3fbfff865,Woolworths Supermarket,Pantry,Cottee's Ice Magic Chocolate 220g,033278,$3.95,$1.80 / 100G,https://www.woolworths.com.au/shop/productdetails/33278/cottee-s-ice-magic-chocolate,https://cdn0.woolworths.media/content/wowproductimages/medium/033278.jpg,2020-09-21 17:27:05,,0,,True
4344d149-5b1a-4453-831e-8032ec7a2dcd,Woolworths Supermarket,Pantry,Cottee's Ice Magic Mint Chocolate 220g,033279,$3.95,$1.80 / 100G,https://www.woolworths.com.au/shop/productdetails/33279/cottee-s-ice-magic-mint-chocolate,https://cdn0.woolworths.media/content/wowproductimages/medium/033279.jpg,2020-09-21 17:27:05,,0,,True
270d6d06-bde1-41c1-acd7-2623bc40019f,Woolworths Supermarket,Pantry,Keens Curry Powder 60g,033280,$3.00,$0.50 / 10G,https://www.woolworths.com.au/shop/productdetails/33280/keens-curry-powder,https://cdn0.woolworths.media/content/wowproductimages/medium/033280.jpg,2020-09-21 17:27:05,,0,,True
43b0adcf-c233-4bf4-919f-bbfeb414b091,Woolworths Supermarket,Pantry,Keens Curry Powder 120g,033281,$4.70,$0.39 / 10G,https://www.woolworths.com.au/shop/productdetails/33281/keens-curry-powder,https://cdn0.woolworths.media/content/wowproductimages/medium/033281.jpg,2020-09-21 17:27:05,,0,,True
78cb020f-6705-4764-a73d-8e17c286c9df,Woolworths Supermarket,Pantry,Hoyt's Mixed Herbs 70g,033287,$3.15,$0.45 / 10G,https://www.woolworths.com.au/shop/productdetails/33287/hoyt-s-mixed-herbs,https://cdn0.woolworths.media/content/wowproductimages/medium/033287.jpg,2020-09-21 17:27:05,,0,,True
01874d56-dfd7-4756-b145-bf5ef97e7ecf,Woolworths Supermarket,Pantry,Crisco Vegetable Blended Oil 2l,033311,$6.00,$0.30 / 100ML,https://www.woolworths.com.au/shop/productdetails/33311/crisco-vegetable-blended-oil,https://cdn0.woolworths.media/content/wowproductimages/medium/033311.jpg,2020-09-21 17:27:05,,0,Was $9.52 27/01/2020,True
4165fa33-4b8f-4de8-8389-b8cf2bb211b1,Woolworths Supermarket,Pantry,Dollar Sweets Sprinkles Fives 125g,033364,$2.00,$1.60 / 100G,https://www.woolworths.com.au/shop/productdetails/33364/dollar-sweets-sprinkles-fives,https://cdn0.woolworths.media/content/wowproductimages/medium/033364.jpg,2020-09-21 17:27:05,,0,,True
4c759e1c-eb8e-4fd1-8829-fe125fdb3bfb,Woolworths Supermarket,Pantry,Kellogg's Corn Flakes Crumbs 300g,033376,$3.20,$0.11 / 10G,https://www.woolworths.com.au/shop/productdetails/33376/kellogg-s-corn-flakes-crumbs,https://cdn0.woolworths.media/content/wowproductimages/medium/033376.jpg,2020-09-21 17:27:05,,0,,True
f0513afb-8fb5-4c31-af83-0d9af07d3ee3,Woolworths Supermarket,Pantry,Golden Circle Pineapple Crushed In Syrup 450g,033427,$3.75,$8.33 / 1KG,https://www.woolworths.com.au/shop/productdetails/33427/golden-circle-pineapple-crushed-in-syrup,https://cdn0.woolworths.media/content/wowproductimages/medium/033427.jpg,2020-09-21 17:27:05,,0,,True
821f6263-c426-412c-8015-a9475fdfbb3d,Woolworths Supermarket,Pantry,Golden Circle Pineapple Pieces In Syrup 450g,033428,$3.75,$8.33 / 1KG,https://www.woolworths.com.au/shop/productdetails/33428/golden-circle-pineapple-pieces-in-syrup,https://cdn0.woolworths.media/content/wowproductimages/medium/033428.jpg,2020-09-21 17:27:05,,0,,True
e92e6af9-98bf-40aa-9ff6-9175eedf92b2,Woolworths Supermarket,Pantry,Golden Circle Sliced Pineapple In Syrup 850g,033431,$6.70,$7.88 / 1KG,https://www.woolworths.com.au/shop/productdetails/33431/golden-circle-sliced-pineapple-in-syrup,https://cdn0.woolworths.media/content/wowproductimages/medium/033431.jpg,2020-09-21 17:27:05,,0,,True
c2778a71-e3fa-49ee-93ec-52b3816b36b3,Woolworths Supermarket,Pantry,Golden Circle Pineapple Sliced In Natural Juice 440g,033437,$3.75,$8.52 / 1KG,https://www.woolworths.com.au/shop/productdetails/33437/golden-circle-pineapple-sliced-in-natural-juice,https://cdn0.woolworths.media/content/wowproductimages/medium/033437.jpg,2020-09-21 17:27:05,,0,,True
ce089dae-a179-405e-be09-2213d2086778,Woolworths Supermarket,Pantry,Paramount Salmon Pure Pink 100g,033457,$2.75,$27.50 / 1KG,https://www.woolworths.com.au/shop/productdetails/33457/paramount-salmon-pure-pink,https://cdn0.woolworths.media/content/wowproductimages/medium/033457.jpg,2020-09-21 17:27:05,,0,,True
2a4225ba-77c5-44e5-a22e-2242254cc3f1,Woolworths Supermarket,Pantry,King Oscar Sardines Tomato Sauce Single Layer 105g,033459,$3.05,$29.05 / 1KG,https://www.woolworths.com.au/shop/productdetails/33459/king-oscar-sardines-tomato-sauce-single-layer,https://cdn0.woolworths.media/content/wowproductimages/medium/033459.jpg,2020-09-21 17:27:05,,0,,True
a98dd586-12ac-4107-b349-2214dd095e24,Woolworths Supermarket,Pantry,Dairylea Cheddar Cheese 250g,033497,$4.00,$16.00 / 1KG,https://www.woolworths.com.au/shop/productdetails/33497/dairylea-cheddar-cheese,https://cdn0.woolworths.media/content/wowproductimages/medium/033497.jpg,2020-09-21 17:27:05,,0,,True
d08a99ac-e66d-4d4a-bf2b-ab24377d7e11,Woolworths Supermarket,Pantry,Nestle Carnation Creamy Evaporated Milk 375ml,033517,$2.70,$7.20 / 1L,https://www.woolworths.com.au/shop/productdetails/33517/nestle-carnation-creamy-evaporated-milk,https://cdn0.woolworths.media/content/wowproductimages/medium/033517.jpg,2020-09-21 17:27:05,,0,Was $3.00 14/08/2017,True
946972b2-1852-413d-84b9-9650544e89b6,Woolworths Supermarket,Pantry,Paramount Salmon Red 210g,033533,$7.00,$33.33 / 1KG,https://www.woolworths.com.au/shop/productdetails/33533/paramount-salmon-red,https://cdn0.woolworths.media/content/wowproductimages/medium/033533.jpg,2020-09-21 17:27:05,,0,,True
1bc4db7b-f213-4a1b-8291-2b4c334969f8,Woolworths Supermarket,Pantry,Cottee's Jam Blackberry 500g,033561,$2.80,$0.56 / 100G,https://www.woolworths.com.au/shop/productdetails/33561/cottee-s-jam-blackberry,https://cdn0.woolworths.media/content/wowproductimages/medium/033561.jpg,2020-09-21 17:27:05,,0,,True
5c44af0c-f2fd-4d4e-b309-bd222e624e20,Woolworths Supermarket,Pantry,Cottee's Conserve Raspberry 500g,033564,$2.80,$0.56 / 100G,https://www.woolworths.com.au/shop/productdetails/33564/cottee-s-conserve-raspberry,https://cdn0.woolworths.media/content/wowproductimages/medium/033564.jpg,2020-09-21 17:27:05,,0,,True
4af2702f-4fd7-4493-9d63-865823afb750,Woolworths Supermarket,Pantry,Cottee's Conserve Breakfast Marmalade 500g,033584,$2.80,$0.56 / 100G,https://www.woolworths.com.au/shop/productdetails/33584/cottee-s-conserve-breakfast-marmalade,https://cdn0.woolworths.media/content/wowproductimages/medium/033584.jpg,2020-09-21 17:27:05,,0,,True
7247a699-cd03-43bf-af6b-aa21434a6568,Woolworths Supermarket,Pantry,Kraft Parmesan Cheese Cannister 125g,033599,$4.30,$34.40 / 1KG,https://www.woolworths.com.au/shop/productdetails/33599/kraft-parmesan-cheese-cannister,https://cdn0.woolworths.media/content/wowproductimages/medium/033599.jpg,2020-09-21 17:27:05,,0,,True
fea3c91a-01ef-4165-a5b2-1e9fcd497e16,Woolworths Supermarket,Pantry,Bega Peanut Butter Smooth 375g,033605,$4.90,$1.31 / 100G,https://www.woolworths.com.au/shop/productdetails/33605/bega-peanut-butter-smooth,https://cdn0.woolworths.media/content/wowproductimages/medium/033605.jpg,2020-09-21 17:27:05,,0,,True
d423eee3-cf65-4e43-8cbd-9c13080f3521,Woolworths Supermarket,Pantry,Nestle Carnation Evaporated Milk Light & Creamy 375ml,033719,$2.70,$7.20 / 1L,https://www.woolworths.com.au/shop/productdetails/33719/nestle-carnation-evaporated-milk-light-creamy,https://cdn0.woolworths.media/content/wowproductimages/medium/033719.jpg,2020-09-21 17:27:05,,0,Was $3.00 14/08/2017,True
1be856b9-25b0-497a-9c3c-dbb09d84a966,Woolworths Supermarket,Pantry,Spc Tropics Pineapple Slices In Juice 432g,033777,$2.80,$6.48 / 1KG,https://www.woolworths.com.au/shop/productdetails/33777/spc-tropics-pineapple-slices-in-juice,https://cdn0.woolworths.media/content/wowproductimages/medium/033777.jpg,2020-09-21 17:27:05,,0,,True
5786609b-8f45-44cc-8688-894aeee1fc8d,Woolworths Supermarket,Pantry,Spc Tropics Pineapple Pieces In Juice 432g,033787,$2.80,$6.48 / 1KG,https://www.woolworths.com.au/shop/productdetails/33787/spc-tropics-pineapple-pieces-in-juice,https://cdn0.woolworths.media/content/wowproductimages/medium/033787.jpg,2020-09-21 17:27:05,,0,,True
40e08f6f-af8a-448f-9c0e-6dcaecce63a5,Woolworths Supermarket,Pantry,Spc Tropics Pineapple Pieces In Syrup 432g,033788,$2.80,$6.48 / 1KG,https://www.woolworths.com.au/shop/productdetails/33788/spc-tropics-pineapple-pieces-in-syrup,https://cdn0.woolworths.media/content/wowproductimages/medium/033788.jpg,2020-09-21 17:27:05,,0,,True
c99749ba-b797-497f-af55-9b6f4c7dd567,Woolworths Supermarket,Pantry,Spc Tropics Pineapple Slices In Juice 227g,033789,$2.00,$8.81 / 1KG,https://www.woolworths.com.au/shop/productdetails/33789/spc-tropics-pineapple-slices-in-juice,https://cdn0.woolworths.media/content/wowproductimages/medium/033789.jpg,2020-09-21 17:27:05,,0,,True
ba865517-c1ae-4705-bed5-f3ef663f975b,Woolworths Supermarket,Pantry,Spc Tropics Pineapple Pieces In Juice 227g,033803,$2.00,$8.81 / 1KG,https://www.woolworths.com.au/shop/productdetails/33803/spc-tropics-pineapple-pieces-in-juice,https://cdn0.woolworths.media/content/wowproductimages/medium/033803.jpg,2020-09-21 17:27:05,,0,,True
2cb0b12f-fab8-4d47-8e51-cb79392a0358,Woolworths Supermarket,Pantry,Bushells Blue Label Loose Leaf Tea 250g,033804,$3.00,$1.20 / 100G,https://www.woolworths.com.au/shop/productdetails/33804/bushells-blue-label-loose-leaf-tea,https://cdn0.woolworths.media/content/wowproductimages/medium/033804.jpg,2020-09-21 17:27:05,,0,Was $4.00 13/08/2018,True
81ef1c9a-77da-46a5-8d10-12aa83b82d17,Woolworths Supermarket,Pantry,Spc Tropics Pineapple Slices In Syrup 227g,033805,$2.00,$8.81 / 1KG,https://www.woolworths.com.au/shop/productdetails/33805/spc-tropics-pineapple-slices-in-syrup,https://cdn0.woolworths.media/content/wowproductimages/medium/033805.jpg,2020-09-21 17:27:05,,0,,True
b60911f1-1fb3-4990-bd35-d576167adaf5,Woolworths Supermarket,Pantry,Spc Tropics Pineapple Pieces In Syrup 227g,033809,$2.00,$8.81 / 1KG,https://www.woolworths.com.au/shop/productdetails/33809/spc-tropics-pineapple-pieces-in-syrup,https://cdn0.woolworths.media/content/wowproductimages/medium/033809.jpg,2020-09-21 17:27:05,,0,,True
a96efd1b-2c6d-4f4e-b8d0-92ebe528efdc,Woolworths Supermarket,Pantry,Bushells Lan Choo Loose Leaf Tea 250g,033811,$4.00,$1.60 / 100G,https://www.woolworths.com.au/shop/productdetails/33811/bushells-lan-choo-loose-leaf-tea,https://cdn0.woolworths.media/content/wowproductimages/medium/033811.jpg,2020-09-21 17:27:05,,0,,True
8e88e2c6-fb83-45b6-874c-16a6e9e2d1aa,Woolworths Supermarket,Pantry,Lipton Quality Tips Loose Leaf Tea 250g,033817,$3.75,$1.50 / 100G,https://www.woolworths.com.au/shop/productdetails/33817/lipton-quality-tips-loose-leaf-tea,https://cdn0.woolworths.media/content/wowproductimages/medium/033817.jpg,2020-09-21 17:27:05,,0,,True
3ef4ac27-9a90-4bc7-b52c-b751c5140af2,Woolworths Supermarket,Pantry,Nescafe Blend 43 Instant Coffee 50g,033832,$5.00,$10.00 / 100G,https://www.woolworths.com.au/shop/productdetails/33832/nescafe-blend-43-instant-coffee,https://cdn0.woolworths.media/content/wowproductimages/medium/033832.jpg,2020-09-21 17:27:05,,0,,True
3bb3fb0a-8adc-4974-8574-4017313dce49,Woolworths Supermarket,Pantry,Sunbeam Mixed Fruit 1kg,033833,$9.60,$9.60 / 1KG,https://www.woolworths.com.au/shop/productdetails/33833/sunbeam-mixed-fruit,https://cdn0.woolworths.media/content/wowproductimages/medium/033833.jpg,2020-09-21 17:27:05,,0,,True
32edb103-3811-4556-a385-2c147de33eed,Woolworths Supermarket,Pantry,Nescafe Blend 43 Instant Coffee 150g,033835,$9.40,$6.27 / 100G,https://www.woolworths.com.au/shop/productdetails/33835/nescafe-blend-43-instant-coffee,https://cdn0.woolworths.media/content/wowproductimages/medium/033835.jpg,2020-09-21 17:27:05,,0,,True
d0840f56-ffda-4790-8ffc-4a510878ee42,Woolworths Supermarket,Pantry,Bushells Coffee Essence Sweet Chicory 250ml,033839,$4.30,$1.72 / 100ML,https://www.woolworths.com.au/shop/productdetails/33839/bushells-coffee-essence-sweet-chicory,https://cdn0.woolworths.media/content/wowproductimages/medium/033839.jpg,2020-09-21 17:27:05,,0,,True
ce60bb13-5af4-4e77-b305-7f692ba56db4,Woolworths Supermarket,Pantry,Robertsons Fruit Mix Mince 410g,033847,$4.80,$11.71 / 1KG,https://www.woolworths.com.au/shop/productdetails/33847/robertsons-fruit-mix-mince,https://cdn0.woolworths.media/content/wowproductimages/medium/033847.jpg,2020-09-21 17:27:05,,0,,True
d58e2cde-6452-491d-81d5-9a105c9efee3,Woolworths Supermarket,Pantry,Nestle Coffee Mate Instant Coffee & Milk 385g,033882,$4.10,$1.06 / 100G,https://www.woolworths.com.au/shop/productdetails/33882/nestle-coffee-mate-instant-coffee-milk,https://cdn0.woolworths.media/content/wowproductimages/medium/033882.jpg,2020-09-21 17:27:05,,0,,True
4fa610f4-fc35-4cef-85d4-3e7908f647fd,Woolworths Supermarket,Pantry,Campbell's Canned Soup Cream Of Chicken & Corn 420g,033892,$1.00,$0.24 / 100G,https://www.woolworths.com.au/shop/productdetails/33892/campbell-s-canned-soup-cream-of-chicken-corn,https://cdn0.woolworths.media/content/wowproductimages/medium/033892.jpg,2020-09-21 17:27:05,,0,,True
84ea94ea-c7ab-4cc4-bc82-49889ffbdbff,Woolworths Supermarket,Pantry,Bonox Beef Stock Paste Extract 230g,033893,$5.20,$0.23 / 10G,https://www.woolworths.com.au/shop/productdetails/33893/bonox-beef-stock-paste-extract,https://cdn0.woolworths.media/content/wowproductimages/medium/033893.jpg,2020-09-21 17:27:05,,0,,True
d4188e8c-96f9-4f5c-a7a6-dff979cbcc0f,Woolworths Supermarket,Pantry,John West Salmon Pink 210g,033920,$5.50,$26.19 / 1KG,https://www.woolworths.com.au/shop/productdetails/33920/john-west-salmon-pink,https://cdn0.woolworths.media/content/wowproductimages/medium/033920.jpg,2020-09-21 17:27:05,,0,,True
9fbde0d0-9ab4-4d81-a9a2-5ce569ad5029,Woolworths Supermarket,Pantry,John West Salmon Red 105g,033924,$5.50,$52.38 / 1KG,https://www.woolworths.com.au/shop/productdetails/33924/john-west-salmon-red,https://cdn0.woolworths.media/content/wowproductimages/medium/033924.jpg,2020-09-21 17:27:05,,0,,True
53fb6a60-eb26-403d-acc6-e4a7596736e7,Woolworths Supermarket,Pantry,Kikkoman Marinade Teriyaki 250ml,033948,$3.20,$1.28 / 100ML,https://www.woolworths.com.au/shop/productdetails/33948/kikkoman-marinade-teriyaki,https://cdn0.woolworths.media/content/wowproductimages/medium/033948.jpg,2020-09-21 17:27:05,,0,,True
146fb60a-85b4-4590-9f44-ac01a26f9772,Woolworths Supermarket,Pantry,Spam Ham Classic 340g,033964,$5.50,$16.18 / 1KG,https://www.woolworths.com.au/shop/productdetails/33964/spam-ham-classic,https://cdn0.woolworths.media/content/wowproductimages/medium/033964.jpg,2020-09-21 17:27:05,,0,,True
0bd777a4-7a07-4d5c-a7ae-09c34d64049a,Woolworths Supermarket,Pantry,Hamper Beef Corned 340g,033976,$6.50,$19.12 / 1KG,https://www.woolworths.com.au/shop/productdetails/33976/hamper-beef-corned,https://cdn0.woolworths.media/content/wowproductimages/medium/033976.jpg,2020-09-21 17:27:05,,0,,True
60a230fa-350c-4acc-bcee-5feb84754319,Woolworths Supermarket,Pantry,Edgell Asparagus Spears 425g,033977,$4.75,$1.12 / 100G,https://www.woolworths.com.au/shop/productdetails/33977/edgell-asparagus-spears,https://cdn0.woolworths.media/content/wowproductimages/medium/033977.jpg,2020-09-21 17:27:05,,0,,True
8688e9be-1ba1-4f29-a7ae-0dcaa0fe9cca,Woolworths Supermarket,Pantry,Masterfoods Turmeric Ground 28g,033982,$2.40,$0.86 / 10G,https://www.woolworths.com.au/shop/productdetails/33982/masterfoods-turmeric-ground,https://cdn0.woolworths.media/content/wowproductimages/medium/033982.jpg,2020-09-21 17:27:05,,0,,True
9127990a-6f06-4aa6-8b3a-a8de378190d7,Woolworths Supermarket,Pantry,Harvest Beef Irish Stew 425g,033996,$4.00,$9.41 / 1KG,https://www.woolworths.com.au/shop/productdetails/33996/harvest-beef-irish-stew,https://cdn0.woolworths.media/content/wowproductimages/medium/033996.jpg,2020-09-21 17:27:05,,0,,True
f8839cd5-bfcb-4d3c-8069-a3b6fb2b708a,Woolworths Supermarket,Pantry,Essentials Tomato Paste 500g,034004,$1.25,$0.25 / 100G,https://www.woolworths.com.au/shop/productdetails/34004/essentials-tomato-paste,https://cdn0.woolworths.media/content/wowproductimages/medium/034004.jpg,2020-09-21 17:27:05,Average product rating out of 5: 4.4. Product score is based on 698 ratings,698,,True
208b4b82-96a0-4198-913c-1a103139f86a,Woolworths Supermarket,Pantry,Harvest Beef Steak Vegetables 425g,034017,$4.00,$9.41 / 1KG,https://www.woolworths.com.au/shop/productdetails/34017/harvest-beef-steak-vegetables,https://cdn0.woolworths.media/content/wowproductimages/medium/034017.jpg,2020-09-21 17:27:05,,0,,True
ceaea75e-99ff-48bc-9c6b-81b81113f811,Woolworths Supermarket,Pantry,Harvest Sausages Vegetables 425g,034021,$4.00,$9.41 / 1KG,https://www.woolworths.com.au/shop/productdetails/34021/harvest-sausages-vegetables,https://cdn0.woolworths.media/content/wowproductimages/medium/034021.jpg,2020-09-21 17:27:05,,0,,True
594dc297-e15d-4726-9477-7babd8d752fa,Woolworths Supermarket,Pantry,Heinz Baked Beans Tomato Sauce 130g,034033,$0.80,$0.62 / 100G,https://www.woolworths.com.au/shop/productdetails/34033/heinz-baked-beans-tomato-sauce,https://cdn0.woolworths.media/content/wowproductimages/medium/034033.jpg,2020-09-21 17:27:05,,0,,True
983a4da2-cafe-43cd-9432-a9866e00ae01,Woolworths Supermarket,Pantry,Heinz Baked Beans Tomato Sauce 220g,034037,$1.65,$0.75 / 100G,https://www.woolworths.com.au/shop/productdetails/34037/heinz-baked-beans-tomato-sauce,https://cdn0.woolworths.media/content/wowproductimages/medium/034037.jpg,2020-09-21 17:27:05,,0,,True
e8c13f8b-6b59-4ce8-b8fe-4b70449a94b9,Woolworths Supermarket,Pantry,Continental Simmer Soup Spring Vegetable 30g,034046,$1.40,$4.67 / 100G,https://www.woolworths.com.au/shop/productdetails/34046/continental-simmer-soup-spring-vegetable,https://cdn0.woolworths.media/content/wowproductimages/medium/034046.jpg,2020-09-21 17:27:05,,0,,True
edaf78d4-e4ad-4bbc-a233-21cc7ca7972a,Woolworths Supermarket,Pantry,Heinz Spaghetti Tomato Sauce 130g,034055,$0.80,$0.62 / 100G,https://www.woolworths.com.au/shop/productdetails/34055/heinz-spaghetti-tomato-sauce,https://cdn0.woolworths.media/content/wowproductimages/medium/034055.jpg,2020-09-21 17:27:05,,0,,True
38b924d3-9dad-47bf-a48f-5d6ed1549190,Woolworths Supermarket,Pantry,Heinz Spaghetti Tomato Sauce 220g,034057,$1.65,$0.75 / 100G,https://www.woolworths.com.au/shop/productdetails/34057/heinz-spaghetti-tomato-sauce,https://cdn0.woolworths.media/content/wowproductimages/medium/034057.jpg,2020-09-21 17:27:05,,0,,True
a712a622-6b16-45a1-8814-e636457f64b1,Woolworths Supermarket,Pantry,Edgell Sliced Green Beans Green Sliced 410g,034090,$1.77,$4.32 / 1KG,https://www.woolworths.com.au/shop/productdetails/34090/edgell-sliced-green-beans-green-sliced,https://cdn0.woolworths.media/content/wowproductimages/medium/034090.jpg,2020-09-21 17:27:05,,0,,True
fcc4fff2-41ea-4ca2-97d8-4ed3cc102577,Woolworths Supermarket,Pantry,Edgell Sliced Beetroot 425g,034093,$1.50,$3.53 / 1KG,https://www.woolworths.com.au/shop/productdetails/34093/edgell-sliced-beetroot,https://cdn0.woolworths.media/content/wowproductimages/medium/034093.jpg,2020-09-21 17:27:05,,0,Was $1.75 14/05/2018,True
d22eebdf-0571-4619-9966-0911fdf85819,Woolworths Supermarket,Pantry,Edgell Creamed Corn Creamed 420g,034094,$1.50,$3.57 / 1KG,https://www.woolworths.com.au/shop/productdetails/34094/edgell-creamed-corn-creamed,https://cdn0.woolworths.media/content/wowproductimages/medium/034094.jpg,2020-09-21 17:27:05,,0,Was $1.80 14/05/2018,True
665d2d56-6943-4608-9ce9-8452a84ebf79,Woolworths Supermarket,Pantry,Edgell Sliced Mushrooms In Butter Sauce 220g,034107,$1.60,$7.27 / 1KG,https://www.woolworths.com.au/shop/productdetails/34107/edgell-sliced-mushrooms-in-butter-sauce,https://cdn0.woolworths.media/content/wowproductimages/medium/034107.jpg,2020-09-21 17:27:05,,0,,True
1e09b7b4-3e4c-412d-8223-cc6b1771bff3,Woolworths Supermarket,Pantry,Edgell Green Peas Green 220g,034113,$1.10,$5.00 / 1KG,https://www.woolworths.com.au/shop/productdetails/34113/edgell-green-peas-green,https://cdn0.woolworths.media/content/wowproductimages/medium/034113.jpg,2020-09-21 17:27:05,,0,,True
304a858a-1786-412e-9768-2119fb69145b,Woolworths Supermarket,Pantry,Edgell Peas Green 420g,034114,$1.45,$3.45 / 1KG,https://www.woolworths.com.au/shop/productdetails/34114/edgell-peas-green,https://cdn0.woolworths.media/content/wowproductimages/medium/034114.jpg,2020-09-21 17:27:05,,0,,True
65adb479-e68e-44f4-b260-c79b62bb28c4,Woolworths Supermarket,Pantry,Continental Instant Mashed Potato Deb Mash 350g,034118,$5.75,$16.43 / 1KG,https://www.woolworths.com.au/shop/productdetails/34118/continental-instant-mashed-potato-deb-mash,https://cdn0.woolworths.media/content/wowproductimages/medium/034118.jpg,2020-09-21 17:27:05,,0,,True
e8abcaa2-14ee-4d68-bb3a-a21c3fbc254a,Woolworths Supermarket,Pantry,Continental Instant Mashed Potato Deb Mash 115g,034119,$1.95,$16.96 / 1KG,https://www.woolworths.com.au/shop/productdetails/34119/continental-instant-mashed-potato-deb-mash,https://cdn0.woolworths.media/content/wowproductimages/medium/034119.jpg,2020-09-21 17:27:05,,0,,True
3f9360c3-f046-4c52-ac49-32cb42512a86,Woolworths Supermarket,Pantry,Edgell Sauerkraut 410g,034126,$3.20,$7.80 / 1KG,https://www.woolworths.com.au/shop/productdetails/34126/edgell-sauerkraut,https://cdn0.woolworths.media/content/wowproductimages/medium/034126.jpg,2020-09-21 17:27:05,,0,,True
55f0b6f0-5856-41a5-8b86-563342f1e904,Woolworths Supermarket,Pantry,Golden Circle Beetroot Sliced 450g,034142,$1.80,$4.00 / 1KG,https://www.woolworths.com.au/shop/productdetails/34142/golden-circle-beetroot-sliced,https://cdn0.woolworths.media/content/wowproductimages/medium/034142.jpg,2020-09-21 17:27:05,,0,,True
90d79255-6444-4822-ae48-0e18bf9fe0c3,Woolworths Supermarket,Pantry,Golden Circle Beetroot Baby Whole 850g,034147,$3.00,$3.53 / 1KG,https://www.woolworths.com.au/shop/productdetails/34147/golden-circle-beetroot-baby-whole,https://cdn0.woolworths.media/content/wowproductimages/medium/034147.jpg,2020-09-21 17:27:05,,0,,True
fe3218af-0380-4f46-afb5-d85238ba1f8e,Woolworths Supermarket,Pantry,Campbell's Canned Soup Cream Of Chicken 420g,034282,$1.00,$0.24 / 100G,https://www.woolworths.com.au/shop/productdetails/34282/campbell-s-canned-soup-cream-of-chicken,https://cdn0.woolworths.media/content/wowproductimages/medium/034282.jpg,2020-09-21 17:27:05,,0,,True
be2f2b3d-7707-4596-8dbf-33ba761bd54f,Woolworths Supermarket,Pantry,Campbell's Canned Soup Tomato Condensed 420g,034287,$1.00,$0.24 / 100G,https://www.woolworths.com.au/shop/productdetails/34287/campbell-s-canned-soup-tomato-condensed,https://cdn0.woolworths.media/content/wowproductimages/medium/034287.jpg,2020-09-21 17:27:05,,0,,True
e31ae012-2f5e-4f23-aa17-5622436e0bb5,Woolworths Supermarket,Pantry,Campbell's Canned Soup Cream Of Mushroom 420g,034290,$1.00,$0.24 / 100G,https://www.woolworths.com.au/shop/productdetails/34290/campbell-s-canned-soup-cream-of-mushroom,https://cdn0.woolworths.media/content/wowproductimages/medium/034290.jpg,2020-09-21 17:27:05,,0,,True
4fbcd1a9-d284-4e37-b1b4-3b8f8c275c3d,Woolworths Supermarket,Pantry,Riviana Basmati Rice Extra Long Grain 1kg,034294,$4.50,$0.45 / 100G,https://www.woolworths.com.au/shop/productdetails/34294/riviana-basmati-rice-extra-long-grain,https://cdn0.woolworths.media/content/wowproductimages/medium/034294.jpg,2020-09-21 17:27:05,,0,,True
2c787181-60a7-4646-8094-5bb241e24099,Woolworths Supermarket,Pantry,Heinz Canned Soup Big Red Tomato 420g,034331,$2.20,$0.52 / 100G,https://www.woolworths.com.au/shop/productdetails/34331/heinz-canned-soup-big-red-tomato,https://cdn0.woolworths.media/content/wowproductimages/medium/034331.jpg,2020-09-21 17:27:05,,0,,True
acdb3a5c-9f7e-4a2e-8eb7-a45325a57fba,Woolworths Supermarket,Pantry,Edgell Sliced Beetroot Sliced 825g,034333,$2.00,$2.42 / 1KG,https://www.woolworths.com.au/shop/productdetails/34333/edgell-sliced-beetroot-sliced,https://cdn0.woolworths.media/content/wowproductimages/medium/034333.jpg,2020-09-21 17:27:05,,0,,True
1acf4e88-78e2-40a3-b075-1f0ab28131bc,Woolworths Supermarket,Pantry,Continental Simmer Soup Chicken Noodle 45g,034389,$1.00,$2.22 / 100G,https://www.woolworths.com.au/shop/productdetails/34389/continental-simmer-soup-chicken-noodle,https://cdn0.woolworths.media/content/wowproductimages/medium/034389.jpg,2020-09-21 17:27:05,,0,,True
28e53a4b-1fda-44cb-86e7-f59d66550eaf,Woolworths Supermarket,Pantry,Continental Simmer Soup Cream Of Chicken 45g,034391,$1.40,$3.11 / 100G,https://www.woolworths.com.au/shop/productdetails/34391/continental-simmer-soup-cream-of-chicken,https://cdn0.woolworths.media/content/wowproductimages/medium/034391.jpg,2020-09-21 17:27:05,,0,,True
0e2eb7eb-f705-45a9-98b0-25741e6209bf,Woolworths Supermarket,Pantry,Continental Simmer Soup Dutch Curry & Rice 70g,034392,$1.40,$2.00 / 100G,https://www.woolworths.com.au/shop/productdetails/34392/continental-simmer-soup-dutch-curry-rice,https://cdn0.woolworths.media/content/wowproductimages/medium/034392.jpg,2020-09-21 17:27:05,,0,,True
e59c8c70-144b-43ba-b9ed-1a459af0f66c,Woolworths Supermarket,Pantry,Continental Simmer Soup French Onion 40g,034393,$1.00,$2.50 / 100G,https://www.woolworths.com.au/shop/productdetails/34393/continental-simmer-soup-french-onion,https://cdn0.woolworths.media/content/wowproductimages/medium/034393.jpg,2020-09-21 17:27:05,,0,,True
b2c1c03e-72a1-412d-9b36-382212b1043f,Woolworths Supermarket,Pantry,Holbrooks Sauce Worcestershire 250ml,034420,$3.00,$1.20 / 100ML,https://www.woolworths.com.au/shop/productdetails/34420/holbrooks-sauce-worcestershire,https://cdn0.woolworths.media/content/wowproductimages/medium/034420.jpg,2020-09-21 17:27:05,,0,,True
56ed1318-3eb3-4af1-8485-437e35373ad2,Woolworths Supermarket,Pantry,Eta Barbecue Sauce 375ml,034425,$2.75,$0.73 / 100ML,https://www.woolworths.com.au/shop/productdetails/34425/eta-barbecue-sauce,https://cdn0.woolworths.media/content/wowproductimages/medium/034425.jpg,2020-09-21 17:27:05,,0,,True
53a9862b-f198-439f-9c4e-3568718c7869,Woolworths Supermarket,Pantry,Cornwell's Mint Sauce Mint 200ml,034434,$1.95,$0.98 / 100ML,https://www.woolworths.com.au/shop/productdetails/34434/cornwell-s-mint-sauce-mint,https://cdn0.woolworths.media/content/wowproductimages/medium/034434.jpg,2020-09-21 17:27:05,,0,,True
1d62375c-0cdc-4c49-8d84-fccd265a0756,Woolworths Supermarket,Pantry,Masterfoods Seafood Sauce Cocktail 260g,034435,$2.40,$0.92 / 100G,https://www.woolworths.com.au/shop/productdetails/34435/masterfoods-seafood-sauce-cocktail,https://cdn0.woolworths.media/content/wowproductimages/medium/034435.jpg,2020-09-21 17:27:05,,0,,True
a043d13b-d877-42b0-9713-87f20ab74155,Woolworths Supermarket,Pantry,Fountain Spicy Red Sauce 250ml,034442,$2.70,$1.08 / 100ML,https://www.woolworths.com.au/shop/productdetails/34442/fountain-spicy-red-sauce,https://cdn0.woolworths.media/content/wowproductimages/medium/034442.jpg,2020-09-21 17:27:05,,0,,True
8138dda1-6ca0-4f22-9d38-10bc928390d9,Woolworths Supermarket,Pantry,Fountain Steak Sauce 250ml,034444,$2.70,$1.08 / 100ML,https://www.woolworths.com.au/shop/productdetails/34444/fountain-steak-sauce,https://cdn0.woolworths.media/content/wowproductimages/medium/034444.jpg,2020-09-21 17:27:05,,0,,True
0f6e0020-9731-4dc6-88a5-3ecd690ce1fd,Woolworths Supermarket,Pantry,Rosella Chutney Fruit 250g,034460,$2.55,$10.20 / 1KG,https://www.woolworths.com.au/shop/productdetails/34460/rosella-chutney-fruit,https://cdn0.woolworths.media/content/wowproductimages/medium/034460.jpg,2020-09-21 17:27:05,,0,,True
f8e52a0a-8924-496d-bdd5-8017da65e06b,Woolworths Supermarket,Pantry,Keens Mustard Powder 50g,034487,$4.20,$0.84 / 10G,https://www.woolworths.com.au/shop/productdetails/34487/keens-mustard-powder,https://cdn0.woolworths.media/content/wowproductimages/medium/034487.jpg,2020-09-21 17:27:05,,0,,True
418ab2c9-937c-4d50-9c85-00a894b79dfe,Woolworths Supermarket,Pantry,Three Threes Pickles Mustard 520g,034498,$2.10,$4.04 / 1KG,https://www.woolworths.com.au/shop/productdetails/34498/three-threes-pickles-mustard,https://cdn0.woolworths.media/content/wowproductimages/medium/034498.jpg,2020-09-21 17:27:05,,0,,True
7b5575eb-08a2-485e-bd45-d04d378a4477,Woolworths Supermarket,Pantry,Reese's Peanut Butter Cup Milk Chocolate 42g bar,034517,$1.90,$4.52 / 100G,https://www.woolworths.com.au/shop/productdetails/34517/reese-s-peanut-butter-cup-milk-chocolate,https://cdn0.woolworths.media/content/wowproductimages/medium/034517.jpg,2020-09-21 17:27:05,,0,,True
2543bfd3-d324-4755-beb2-f9d0a0282805,Woolworths Supermarket,Pantry,Campbell's Real Chicken Liquid Stock 500ml,034559,$2.29,$0.46 / 100ML,https://www.woolworths.com.au/shop/productdetails/34559/campbell-s-real-chicken-liquid-stock,https://cdn0.woolworths.media/content/wowproductimages/medium/034559.jpg,2020-09-21 17:27:05,,0,,True
7558dd39-8927-47ab-b7e8-15487c053e15,Woolworths Supermarket,Pantry,Sacla Pesto Classic Green 190g,034565,$3.80,$2.00 / 100G,https://www.woolworths.com.au/shop/productdetails/34565/sacla-pesto-classic-green,https://cdn0.woolworths.media/content/wowproductimages/medium/034565.jpg,2020-09-21 17:27:05,,0,,True
34f300d8-41ab-4dd0-a2e9-96624917912f,Woolworths Supermarket,Pantry,Spc Tropic Pineapple Slices In Syrup 432g,034587,$2.80,$6.48 / 1KG,https://www.woolworths.com.au/shop/productdetails/34587/spc-tropic-pineapple-slices-in-syrup,https://cdn0.woolworths.media/content/wowproductimages/medium/034587.jpg,2020-09-21 17:27:05,,0,,True
0e7567de-6665-42ac-870b-3dba41620932,Woolworths Supermarket,Pantry,Greenseas Tuna In Brine 425g,034657,$5.00,$11.76 / 1KG,https://www.woolworths.com.au/shop/productdetails/34657/greenseas-tuna-in-brine,https://cdn0.woolworths.media/content/wowproductimages/medium/034657.jpg,2020-09-21 17:27:05,,0,,True
9d03f464-be4e-4f56-a7a5-4c0e32a68af7,Woolworths Supermarket,Pantry,Golden Circle Pineapple Pieces In Natural Juice 440g,034676,$3.75,$8.52 / 1KG,https://www.woolworths.com.au/shop/productdetails/34676/golden-circle-pineapple-pieces-in-natural-juice,https://cdn0.woolworths.media/content/wowproductimages/medium/034676.jpg,2020-09-21 17:27:05,,0,,True
763da7e3-5424-4286-afc6-31eafea00c65,Woolworths Supermarket,Pantry,John West Salmon Pink 105g,034927,$3.30,$31.43 / 1KG,https://www.woolworths.com.au/shop/productdetails/34927/john-west-salmon-pink,https://cdn0.woolworths.media/content/wowproductimages/medium/034927.jpg,2020-09-21 17:27:05,,0,,True
bd45654e-b4de-4e2b-98db-a2e206ace776,Woolworths Supermarket,Pantry,Edgell Sliced Beetroot Sliced 225g,034929,$1.20,$5.33 / 1KG,https://www.woolworths.com.au/shop/productdetails/34929/edgell-sliced-beetroot-sliced,https://cdn0.woolworths.media/content/wowproductimages/medium/034929.jpg,2020-09-21 17:27:05,,0,,True
5ba9c020-26ee-4f06-8b55-8eff1814e8f0,Woolworths Supermarket,Pantry,Peck's Salmon & Lobster Spread 125g,034935,$2.80,$2.24 / 100G,https://www.woolworths.com.au/shop/productdetails/34935/peck-s-salmon-lobster-spread,https://cdn0.woolworths.media/content/wowproductimages/medium/034935.jpg,2020-09-21 17:27:05,,0,,True
ff9efb74-24a8-4f45-8c54-ea523913827a,Woolworths Supermarket,Pantry,John West Sardines In Oil 110g,034947,$2.80,$25.45 / 1KG,https://www.woolworths.com.au/shop/productdetails/34947/john-west-sardines-in-oil,https://cdn0.woolworths.media/content/wowproductimages/medium/034947.jpg,2020-09-21 17:27:05,,0,,True
3ba90fa6-0f6d-4129-aa5c-ef613bda0b25,Woolworths Supermarket,Pantry,Golden Circle Beetroot Sliced 225g,034948,$1.00,$4.44 / 1KG,https://www.woolworths.com.au/shop/productdetails/34948/golden-circle-beetroot-sliced,https://cdn0.woolworths.media/content/wowproductimages/medium/034948.jpg,2020-09-21 17:27:05,,0,,True
0c070330-aecb-4cd5-803d-98f7540811d1,Woolworths Supermarket,Pantry,John West Sardines In Tomato Sauce 110g,034980,$2.80,$25.45 / 1KG,https://www.woolworths.com.au/shop/productdetails/34980/john-west-sardines-in-tomato-sauce,https://cdn0.woolworths.media/content/wowproductimages/medium/034980.jpg,2020-09-21 17:27:05,,0,,True
89a2978a-eec4-4e07-b8c8-f964ebfabb3c,Woolworths Supermarket,Pantry,Essentials Pancake & Pikelet Mix 300g,034993,$0.99,$0.33 / 100G,https://www.woolworths.com.au/shop/productdetails/34993/essentials-pancake-pikelet-mix,https://cdn0.woolworths.media/content/wowproductimages/medium/034993.jpg,2020-09-21 17:27:05,Average product rating out of 5: 3.7. Product score is based on 437 ratings,437,,True
306ab355-c5c6-4e2c-830b-0369c02ce984,Woolworths Supermarket,Pantry,Delta Chicco D'oro Ground Coffee 200g,035051,$3.00,$1.50 / 100G,https://www.woolworths.com.au/shop/productdetails/35051/delta-chicco-d-oro-ground-coffee,https://cdn0.woolworths.media/content/wowproductimages/medium/035051.jpg,2020-09-21 17:27:05,,0,,True
16ae20ad-4642-485b-9910-7333edb17e7b,Woolworths Supermarket,Pantry,Masterfoods Mixed Spice 30g,035053,$2.90,$0.97 / 10G,https://www.woolworths.com.au/shop/productdetails/35053/masterfoods-mixed-spice,https://cdn0.woolworths.media/content/wowproductimages/medium/035053.jpg,2020-09-21 17:27:05,,0,,True
de2e71a4-fcb7-47a4-8f5b-896d4cd9b3d6,Woolworths Supermarket,Pantry,Heinz Mayonnaise Salad Cream English 250g,035067,$2.90,$1.16 / 100G,https://www.woolworths.com.au/shop/productdetails/35067/heinz-mayonnaise-salad-cream-english,https://cdn0.woolworths.media/content/wowproductimages/medium/035067.jpg,2020-09-21 17:27:05,,0,,True
8d348d37-5044-462d-bd9f-bad352ce287c,Woolworths Supermarket,Pantry,Fantastic 2 Minute Noodles Chicken 5 pack,035071,$3.00,$0.71 / 100G,https://www.woolworths.com.au/shop/productdetails/35071/fantastic-2-minute-noodles-chicken,https://cdn0.woolworths.media/content/wowproductimages/medium/035071.jpg,2020-09-21 17:27:05,,0,,True
c66914a6-7ba1-403a-b3f9-346fb4ca5198,Woolworths Supermarket,Pantry,Fantastic Rice Crackers Bbq 100g,035103,$1.50,$1.50 / 100G,https://www.woolworths.com.au/shop/productdetails/35103/fantastic-rice-crackers-bbq,https://cdn0.woolworths.media/content/wowproductimages/medium/035103.jpg,2020-09-21 17:27:05,,0,,True
f2d57b56-2938-43ac-baec-878708d54204,Woolworths Supermarket,Pantry,Fantastic Rice Crackers Cheese 100g,035104,$1.50,$1.50 / 100G,https://www.woolworths.com.au/shop/productdetails/35104/fantastic-rice-crackers-cheese,https://cdn0.woolworths.media/content/wowproductimages/medium/035104.jpg,2020-09-21 17:27:05,,0,,True
a6017903-1812-4993-be59-dcdc2fdc40fe,Woolworths Supermarket,Pantry,Fantastic Rice Crackers Seaweed 100g,035117,$1.50,$1.50 / 100G,https://www.woolworths.com.au/shop/productdetails/35117/fantastic-rice-crackers-seaweed,https://cdn0.woolworths.media/content/wowproductimages/medium/035117.jpg,2020-09-21 17:27:05,,0,,True
24ea46ad-1804-4a4a-b7c4-b14df59e8b73,Woolworths Supermarket,Pantry,Kraft Parmesan Cheese Cannister 250g,035143,$7.80,$31.20 / 1KG,https://www.woolworths.com.au/shop/productdetails/35143/kraft-parmesan-cheese-cannister,https://cdn0.woolworths.media/content/wowproductimages/medium/035143.jpg,2020-09-21 17:27:05,,0,,True
43a4705e-9595-4618-aafb-604552775d05,Woolworths Supermarket,Pantry,Saunders Malt Extract 1kg,035176,$10.00,$1.00 / 100G,https://www.woolworths.com.au/shop/productdetails/35176/saunders-malt-extract,https://cdn0.woolworths.media/content/wowproductimages/medium/035176.jpg,2020-09-21 17:27:05,,0,,True
d334baf0-718b-4d28-96ae-6a0082b3fc12,Woolworths Supermarket,Pantry,Masterfoods Garlic Granules 155g,035203,$6.00,$0.39 / 10G,https://www.woolworths.com.au/shop/productdetails/35203/masterfoods-garlic-granules,https://cdn0.woolworths.media/content/wowproductimages/medium/035203.jpg,2020-09-21 17:27:05,,0,,True
da76446f-6a40-4b41-886e-d60045de9a19,Woolworths Supermarket,Pantry,Masterfoods Lemon Pepper Seasoning 52g,035205,$3.20,$0.62 / 10G,https://www.woolworths.com.au/shop/productdetails/35205/masterfoods-lemon-pepper-seasoning,https://cdn0.woolworths.media/content/wowproductimages/medium/035205.jpg,2020-09-21 17:27:05,,0,,True
3d65a153-a007-4b13-89e2-070af3e5f33f,Woolworths Supermarket,Pantry,Fantastic Rice Crackers Original 100g,035231,$1.50,$1.50 / 100G,https://www.woolworths.com.au/shop/productdetails/35231/fantastic-rice-crackers-original,https://cdn0.woolworths.media/content/wowproductimages/medium/035231.jpg,2020-09-21 17:27:05,,0,,True
e7174146-616e-4ff0-ad98-e23e07a951f2,Woolworths Supermarket,Pantry,Masterfoods Chopped Chives 7g,035238,$5.00,$7.14 / 10G,https://www.woolworths.com.au/shop/productdetails/35238/masterfoods-chopped-chives,https://cdn0.woolworths.media/content/wowproductimages/medium/035238.jpg,2020-09-21 17:27:05,,0,,True
8b543692-c75b-4e8f-bd7e-7d26efa4a54c,Woolworths Supermarket,Pantry,Masterfoods Garlic Powder 50g,035388,$3.10,$0.62 / 10G,https://www.woolworths.com.au/shop/productdetails/35388/masterfoods-garlic-powder,https://cdn0.woolworths.media/content/wowproductimages/medium/035388.jpg,2020-09-21 17:27:05,,0,,True
44705916-f3b7-4a3b-bb41-5d7bb34d4fc4,Woolworths Supermarket,Pantry,Masterfoods Onion Powder 40g,035389,$2.95,$0.74 / 10G,https://www.woolworths.com.au/shop/productdetails/35389/masterfoods-onion-powder,https://cdn0.woolworths.media/content/wowproductimages/medium/035389.jpg,2020-09-21 17:27:05,,0,,True
cf943488-9a97-43b7-89e5-341387531674,Woolworths Supermarket,Pantry,Masterfoods Cloves Whole 20g,035390,$4.30,$2.15 / 10G,https://www.woolworths.com.au/shop/productdetails/35390/masterfoods-cloves-whole,https://cdn0.woolworths.media/content/wowproductimages/medium/035390.jpg,2020-09-21 17:27:05,,0,,True
5683d2a2-4dd5-4dd0-ac38-d7c83b38752a,Woolworths Supermarket,Pantry,Masterfoods Oregano Leaves 5g,035398,$2.30,$4.60 / 10G,https://www.woolworths.com.au/shop/productdetails/35398/masterfoods-oregano-leaves,https://cdn0.woolworths.media/content/wowproductimages/medium/035398.jpg,2020-09-21 17:27:05,,0,,True
e0d9ae28-3949-47a3-b0a3-6e346f777b34,Woolworths Supermarket,Pantry,Masterfoods Thyme Leaves 10g,035399,$2.60,$2.60 / 10G,https://www.woolworths.com.au/shop/productdetails/35399/masterfoods-thyme-leaves,https://cdn0.woolworths.media/content/wowproductimages/medium/035399.jpg,2020-09-21 17:27:05,,0,,True
b2128bb9-8760-431d-af79-facebab24185,Woolworths Supermarket,Pantry,Arnott's Hundreds And Thousands 200g,035411,$3.05,$1.53 / 100G,https://www.woolworths.com.au/shop/productdetails/35411/arnott-s-hundreds-and-thousands,https://cdn0.woolworths.media/content/wowproductimages/medium/035411.jpg,2020-09-21 17:27:05,,0,,True
21830e96-390a-42cc-954b-0ee718a6c3cb,Woolworths Supermarket,Pantry,Three Threes Gherkins Sweet Spiced 540g,035462,$2.90,$5.37 / 1KG,https://www.woolworths.com.au/shop/productdetails/35462/three-threes-gherkins-sweet-spiced,https://cdn0.woolworths.media/content/wowproductimages/medium/035462.jpg,2020-09-21 17:27:05,,0,,True
b2186e46-3456-4323-a3c3-15c9369a0e19,Woolworths Supermarket,Pantry,Moro Balsamic Vinegar Of Modena 500ml,035467,$5.00,$1.00 / 100ML,https://www.woolworths.com.au/shop/productdetails/35467/moro-balsamic-vinegar-of-modena,https://cdn0.woolworths.media/content/wowproductimages/medium/035467.jpg,2020-09-21 17:27:05,,0,,True
bd9544b0-387d-4508-be16-81595915c38f,Woolworths Supermarket,Pantry,Cottee's Conserve Plum 500g,035525,$2.80,$0.56 / 100G,https://www.woolworths.com.au/shop/productdetails/35525/cottee-s-conserve-plum,https://cdn0.woolworths.media/content/wowproductimages/medium/035525.jpg,2020-09-21 17:27:05,,0,,True
d6763f0d-b560-4ed5-b51d-e2f76400bfba,Woolworths Supermarket,Pantry,Masterfoods Chinese 5 Spice 30g,035546,$2.60,$0.87 / 10G,https://www.woolworths.com.au/shop/productdetails/35546/masterfoods-chinese-5-spice,https://cdn0.woolworths.media/content/wowproductimages/medium/035546.jpg,2020-09-21 17:27:05,,0,,True
a9e2f034-dbf3-4ac0-a3fa-85b5261e539a,Woolworths Supermarket,Pantry,Masterfoods Garlic Salt 210g,035551,$3.60,$0.17 / 10G,https://www.woolworths.com.au/shop/productdetails/35551/masterfoods-garlic-salt,https://cdn0.woolworths.media/content/wowproductimages/medium/035551.jpg,2020-09-21 17:27:05,,0,,True
333519f3-a90e-49a1-ae5b-3755c68e249d,Woolworths Supermarket,Pantry,Diet Rite Lite Salt 170g,035622,$2.75,$0.16 / 10G,https://www.woolworths.com.au/shop/productdetails/35622/diet-rite-lite-salt,https://cdn0.woolworths.media/content/wowproductimages/medium/035622.jpg,2020-09-21 17:27:05,,0,,True
ed2bd92e-a45d-408d-bf83-e0d9d7457113,Woolworths Supermarket,Pantry,Moccona Freeze Dried Instant Coffee Classic Medium Roast 200g,035681,$10.00,$5.00 / 100G,https://www.woolworths.com.au/shop/productdetails/35681/moccona-freeze-dried-instant-coffee-classic-medium-roast,https://cdn0.woolworths.media/content/wowproductimages/medium/035681.jpg,2020-09-21 17:27:05,,0,,True
98c1a7d7-8f16-481c-aee8-5964ffd58ada,Woolworths Supermarket,Pantry,Nescafe Blend 43 Soluble Instant Coffee 500g,035694,$20.00,$4.00 / 100G,https://www.woolworths.com.au/shop/productdetails/35694/nescafe-blend-43-soluble-instant-coffee,https://cdn0.woolworths.media/content/wowproductimages/medium/035694.jpg,2020-09-21 17:27:05,,0,,True
691de03d-ce74-453e-b37c-b68f3ceb1462,Woolworths Supermarket,Pantry,Campbell's Canned Soup Vegetable & Beef 420g,035781,$1.00,$0.24 / 100G,https://www.woolworths.com.au/shop/productdetails/35781/campbell-s-canned-soup-vegetable-beef,https://cdn0.woolworths.media/content/wowproductimages/medium/035781.jpg,2020-09-21 17:27:05,,0,,True
ffaa3128-a5cb-4a39-95b8-e7d15f58ae80,Woolworths Supermarket,Pantry,Ayam Plum Sauce 210ml,035816,$3.50,$1.67 / 100ML,https://www.woolworths.com.au/shop/productdetails/35816/ayam-plum-sauce,https://cdn0.woolworths.media/content/wowproductimages/medium/035816.jpg,2020-09-21 17:27:05,,0,,True
48cf7c6f-b954-4a3d-aa1a-eaa802990525,Woolworths Supermarket,Pantry,Ayam Fish Sauce 210ml,035848,$3.50,$1.67 / 100ML,https://www.woolworths.com.au/shop/productdetails/35848/ayam-fish-sauce,https://cdn0.woolworths.media/content/wowproductimages/medium/035848.jpg,2020-09-21 17:27:05,,0,,True
e42790dc-2adb-47e5-865c-c406d6cd7f5e,Woolworths Supermarket,Pantry,Wild's Marinade Ezy Sauce Recipe Mix 375ml,035858,$3.99,$1.06 / 100ML,https://www.woolworths.com.au/shop/productdetails/35858/wild-s-marinade-ezy-sauce-recipe-mix,https://cdn0.woolworths.media/content/wowproductimages/medium/035858.jpg,2020-09-21 17:27:05,,0,,True
df32924d-95ea-4c2b-b468-a083a180ed6b,Woolworths Supermarket,Pantry,Tandaco One Pan Dinner Pasta Tomato Lasagne 200g,035927,$5.00,$2.50 / 100G,https://www.woolworths.com.au/shop/productdetails/35927/tandaco-one-pan-dinner-pasta-tomato-lasagne,https://cdn0.woolworths.media/content/wowproductimages/medium/035927.jpg,2020-09-21 17:27:05,,0,,True
51648072-68aa-4157-9518-b16ce8dfcedb,Woolworths Supermarket,Pantry,Masterfoods Cinnamon Sugar 55g,035941,$2.05,$0.37 / 10G,https://www.woolworths.com.au/shop/productdetails/35941/masterfoods-cinnamon-sugar,https://cdn0.woolworths.media/content/wowproductimages/medium/035941.jpg,2020-09-21 17:27:05,,0,,True
56e4bbd8-21f1-4d2a-ac5d-87488899ac9f,Woolworths Supermarket,Pantry,Masterfoods Chilli Ground 27g,035942,$2.90,$1.07 / 10G,https://www.woolworths.com.au/shop/productdetails/35942/masterfoods-chilli-ground,https://cdn0.woolworths.media/content/wowproductimages/medium/035942.jpg,2020-09-21 17:27:05,,0,,True
45263d8c-7aa3-4f25-b42a-8b5f8e2adecb,Woolworths Supermarket,Pantry,Masterfoods Sesame Seeds 37g,035946,$2.70,$0.73 / 10G,https://www.woolworths.com.au/shop/productdetails/35946/masterfoods-sesame-seeds,https://cdn0.woolworths.media/content/wowproductimages/medium/035946.jpg,2020-09-21 17:27:05,,0,,True
0ede213d-3b75-40df-bf5b-d27b01a9ddde,Woolworths Supermarket,Pantry,Masterfoods Garlic Granules 50g,035953,$2.90,$0.58 / 10G,https://www.woolworths.com.au/shop/productdetails/35953/masterfoods-garlic-granules,https://cdn0.woolworths.media/content/wowproductimages/medium/035953.jpg,2020-09-21 17:27:05,,0,,True
751379a8-710d-473d-881e-845bfd6c6748,Woolworths Supermarket,Pantry,Masterfoods Rosemary Leaves 16g,035959,$2.00,$1.25 / 10G,https://www.woolworths.com.au/shop/productdetails/35959/masterfoods-rosemary-leaves,https://cdn0.woolworths.media/content/wowproductimages/medium/035959.jpg,2020-09-21 17:27:05,,0,,True
36f98455-76fc-4710-88a7-6ac63ef1e200,Woolworths Supermarket,Pantry,Masterfoods Ground Sage Leaves 20g,035960,$2.50,$1.25 / 10G,https://www.woolworths.com.au/shop/productdetails/35960/masterfoods-ground-sage-leaves,https://cdn0.woolworths.media/content/wowproductimages/medium/035960.jpg,2020-09-21 17:27:05,,0,,True
3828059c-0954-4ef0-b29b-fb398e0d6609,Woolworths Supermarket,Pantry,Masterfoods Basil Leaves 10g,035961,$2.35,$2.35 / 10G,https://www.woolworths.com.au/shop/productdetails/35961/masterfoods-basil-leaves,https://cdn0.woolworths.media/content/wowproductimages/medium/035961.jpg,2020-09-21 17:27:05,,0,,True
42c81dd5-6f35-4898-af3c-5378f7693feb,Woolworths Supermarket,Pantry,Masterfoods Tarragon Leaves 7g,035962,$3.05,$4.36 / 10G,https://www.woolworths.com.au/shop/productdetails/35962/masterfoods-tarragon-leaves,https://cdn0.woolworths.media/content/wowproductimages/medium/035962.jpg,2020-09-21 17:27:05,,0,,True
2d78e4b6-f705-4239-965f-9281521686e2,Woolworths Supermarket,Pantry,Tandaco One Pan Dinner Savoury Noodle 200g,035970,$5.00,$2.50 / 100G,https://www.woolworths.com.au/shop/productdetails/35970/tandaco-one-pan-dinner-savoury-noodle,https://cdn0.woolworths.media/content/wowproductimages/medium/035970.jpg,2020-09-21 17:27:05,,0,,True
b3bba53f-2e94-409e-9f73-e55acdbcbf5e,Woolworths Supermarket,Pantry,Brunswick Original Kipper 100g,035976,$2.10,$21.00 / 1KG,https://www.woolworths.com.au/shop/productdetails/35976/brunswick-original-kipper,https://cdn0.woolworths.media/content/wowproductimages/medium/035976.jpg,2020-09-21 17:27:05,,0,,True
d6a9aae2-ae70-4a3e-b673-457ce0095f24,Woolworths Supermarket,Pantry,Masterfoods Sweet & Sour Sauce 270g,035990,$2.79,$1.03 / 100G,https://www.woolworths.com.au/shop/productdetails/35990/masterfoods-sweet-sour-sauce,https://cdn0.woolworths.media/content/wowproductimages/medium/035990.jpg,2020-09-21 17:27:05,,0,,True
5e9f1720-1ae3-4077-84cf-bdf43550ff7b,Woolworths Supermarket,Pantry,Arnott's Granita 250g,036008,$2.50,$1.00 / 100G,https://www.woolworths.com.au/shop/productdetails/36008/arnott-s-granita,https://cdn0.woolworths.media/content/wowproductimages/medium/036008.jpg,2020-09-21 17:27:05,,0,,True
35806c5a-6f5c-429c-8e53-6a8b62935eb4,Woolworths Supermarket,Pantry,Arnott's Milk Arrowroot 250g,036009,$2.30,$0.92 / 100G,https://www.woolworths.com.au/shop/productdetails/36009/arnott-s-milk-arrowroot,https://cdn0.woolworths.media/content/wowproductimages/medium/036009.jpg,2020-09-21 17:27:05,,0,,True
cda9ad75-0fda-4be8-be05-4dd685570799,Woolworths Supermarket,Pantry,Arnott's Milk Coffee 250g,036010,$2.30,$0.92 / 100G,https://www.woolworths.com.au/shop/productdetails/36010/arnott-s-milk-coffee,https://cdn0.woolworths.media/content/wowproductimages/medium/036010.jpg,2020-09-21 17:27:05,,0,,True
47dc8970-9342-4623-9d2d-e973d70dfe99,Woolworths Supermarket,Pantry,Arnott's Nice 250g,036012,$2.30,$0.92 / 100G,https://www.woolworths.com.au/shop/productdetails/36012/arnott-s-nice,https://cdn0.woolworths.media/content/wowproductimages/medium/036012.jpg,2020-09-21 17:27:05,,0,,True
15abf4ac-83e6-40d1-805f-321b6532a029,Woolworths Supermarket,Pantry,Arnott's Shredded Wheatmeal 250g,036014,$2.30,$0.92 / 100G,https://www.woolworths.com.au/shop/productdetails/36014/arnott-s-shredded-wheatmeal,https://cdn0.woolworths.media/content/wowproductimages/medium/036014.jpg,2020-09-21 17:27:05,,0,,True
3de503e8-fea0-46c1-94db-065665440fcd,Woolworths Supermarket,Pantry,Arnott's Family Assorted 500g,036016,$4.00,$0.80 / 100G,https://www.woolworths.com.au/shop/productdetails/36016/arnott-s-family-assorted,https://cdn0.woolworths.media/content/wowproductimages/medium/036016.jpg,2020-09-21 17:27:05,,0,Was $4.70 20/01/2020,True
35464ac3-e779-499a-9f89-1ef405be6c71,Woolworths Supermarket,Pantry,Arnott's Butternut Snap Cookie 250g,036017,$2.50,$1.00 / 100G,https://www.woolworths.com.au/shop/productdetails/36017/arnott-s-butternut-snap-cookie,https://cdn0.woolworths.media/content/wowproductimages/medium/036017.jpg,2020-09-21 17:27:05,,0,,True
2eae6ee2-5929-495d-ac0d-6dd7cd61b8dc,Woolworths Supermarket,Pantry,Arnott's Salada Original 250g,036019,$3.20,$1.28 / 100G,https://www.woolworths.com.au/shop/productdetails/36019/arnott-s-salada-original,https://cdn0.woolworths.media/content/wowproductimages/medium/036019.jpg,2020-09-21 17:27:05,,0,,True
b388824f-bcc8-4aac-bb43-f9465194ad28,Woolworths Supermarket,Pantry,Arnott's Assorted Cream Biscuits 500g,036022,$5.50,$1.10 / 100G,https://www.woolworths.com.au/shop/productdetails/36022/arnott-s-assorted-cream-biscuits,https://cdn0.woolworths.media/content/wowproductimages/medium/036022.jpg,2020-09-21 17:27:05,,0,,True
b13dc889-6fee-4315-9e20-6a9fc24be616,Woolworths Supermarket,Pantry,Arnott's Honey Jumbles 125g,036027,$3.05,$2.44 / 100G,https://www.woolworths.com.au/shop/productdetails/36027/arnott-s-honey-jumbles,https://cdn0.woolworths.media/content/wowproductimages/medium/036027.jpg,2020-09-21 17:27:05,,0,,True
fb8c61ac-d78f-4d8e-8880-bddfd0cd2c82,Woolworths Supermarket,Pantry,Arnott's Lemon Crisp 250g,036029,$3.00,$1.20 / 100G,https://www.woolworths.com.au/shop/productdetails/36029/arnott-s-lemon-crisp,https://cdn0.woolworths.media/content/wowproductimages/medium/036029.jpg,2020-09-21 17:27:05,,0,,True
1fe84c2b-2a54-4a92-9380-3af71535524e,Woolworths Supermarket,Pantry,Arnott's Biscuit Orange Slice 250g,036032,$3.00,$1.20 / 100G,https://www.woolworths.com.au/shop/productdetails/36032/arnott-s-biscuit-orange-slice,https://cdn0.woolworths.media/content/wowproductimages/medium/036032.jpg,2020-09-21 17:27:05,,0,,True
b9979977-28b7-4aca-a72b-c70a0ca62892,Woolworths Supermarket,Pantry,Arnott's Biscuits Shortbread Cream 250g,036033,$3.00,$1.20 / 100G,https://www.woolworths.com.au/shop/productdetails/36033/arnott-s-biscuits-shortbread-cream,https://cdn0.woolworths.media/content/wowproductimages/medium/036033.jpg,2020-09-21 17:27:05,,0,,True
190c3ec6-735e-48d6-a691-624dbf83467b,Woolworths Supermarket,Pantry,Arnott's Fruit Roll Slices Spicy 250g,036034,$4.20,$1.68 / 100G,https://www.woolworths.com.au/shop/productdetails/36034/arnott-s-fruit-roll-slices-spicy,https://cdn0.woolworths.media/content/wowproductimages/medium/036034.jpg,2020-09-21 17:27:05,,0,,True
68c09600-05d4-4bac-a829-3e5f46a94c82,Woolworths Supermarket,Pantry,Arnott's Sesame Cracker Wheat 250g,036035,$4.00,$1.60 / 100G,https://www.woolworths.com.au/shop/productdetails/36035/arnott-s-sesame-cracker-wheat,https://cdn0.woolworths.media/content/wowproductimages/medium/036035.jpg,2020-09-21 17:27:05,,0,,True
c8d424a2-e361-4413-989f-83a992dc7395,Woolworths Supermarket,Pantry,Arnott's Malt O' Milk 250g,036036,$2.50,$1.00 / 100G,https://www.woolworths.com.au/shop/productdetails/36036/arnott-s-malt-o-milk,https://cdn0.woolworths.media/content/wowproductimages/medium/036036.jpg,2020-09-21 17:27:05,,0,,True
9d6eae5b-231c-4ac6-9b10-7cbd202efdd1,Woolworths Supermarket,Pantry,Arnott's Teddy Bear 250g,036040,$3.00,$1.20 / 100G,https://www.woolworths.com.au/shop/productdetails/36040/arnott-s-teddy-bear,https://cdn0.woolworths.media/content/wowproductimages/medium/036040.jpg,2020-09-21 17:27:05,,0,,True
d792cf86-ffa9-40e7-aefd-2d1881276fe0,Woolworths Supermarket,Pantry,Arnott's Sao Original 250g,036047,$3.20,$1.28 / 100G,https://www.woolworths.com.au/shop/productdetails/36047/arnott-s-sao-original,https://cdn0.woolworths.media/content/wowproductimages/medium/036047.jpg,2020-09-21 17:27:05,,0,,True
ec7c38c1-7acd-4598-b32b-c891e678b199,Woolworths Supermarket,Pantry,Arnott's Country Cheese 250g,036056,$4.00,$1.60 / 100G,https://www.woolworths.com.au/shop/productdetails/36056/arnott-s-country-cheese,https://cdn0.woolworths.media/content/wowproductimages/medium/036056.jpg,2020-09-21 17:27:05,,0,,True
ae558358-b265-4ee2-b639-0ba52f029bec,Woolworths Supermarket,Pantry,Arnott's Gaiety Chocolate 160g,036058,$2.00,$1.25 / 100G,https://www.woolworths.com.au/shop/productdetails/36058/arnott-s-gaiety-chocolate,https://cdn0.woolworths.media/content/wowproductimages/medium/036058.jpg,2020-09-21 17:27:05,,0,,True
ea2c14ba-a93c-40d8-815a-f0897f3ccdea,Woolworths Supermarket,Pantry,Arnott's Cruskits Original 125g,036059,$2.50,$2.00 / 100G,https://www.woolworths.com.au/shop/productdetails/36059/arnott-s-cruskits-original,https://cdn0.woolworths.media/content/wowproductimages/medium/036059.jpg,2020-09-21 17:27:05,,0,,True
0da63b5c-2eea-44e9-ae51-1ac71d94cb3c,Woolworths Supermarket,Pantry,Arnott's Raspberry Shortcake 250g,036072,$3.00,$1.20 / 100G,https://www.woolworths.com.au/shop/productdetails/36072/arnott-s-raspberry-shortcake,https://cdn0.woolworths.media/content/wowproductimages/medium/036072.jpg,2020-09-21 17:27:05,,0,,True
d86806fc-76f2-4664-8e78-30527cfa4515,Woolworths Supermarket,Pantry,Arnott's Tina Wafers 250g,036077,$3.05,$1.22 / 100G,https://www.woolworths.com.au/shop/productdetails/36077/arnott-s-tina-wafers,https://cdn0.woolworths.media/content/wowproductimages/medium/036077.jpg,2020-09-21 17:27:05,,0,,True
234a3830-c36f-4ac7-a8dd-9123c0f7a972,Woolworths Supermarket,Pantry,Arnott's Classic Assorted 500g,036079,$4.50,$0.90 / 100G,https://www.woolworths.com.au/shop/productdetails/36079/arnott-s-classic-assorted,https://cdn0.woolworths.media/content/wowproductimages/medium/036079.jpg,2020-09-21 17:27:05,,0,Was $5.97 11/07/16,True
1ba3e5ad-a0f5-4311-9345-63215d9678b2,Woolworths Supermarket,Pantry,Arnott's Vita-weat Cracker Regular 250g,036089,$3.30,$1.32 / 100G,https://www.woolworths.com.au/shop/productdetails/36089/arnott-s-vita-weat-cracker-regular,https://cdn0.woolworths.media/content/wowproductimages/medium/036089.jpg,2020-09-21 17:27:05,,0,Was $3.60 20/01/2020,True
5efd5b00-01c7-478d-968e-360873500e0b,Woolworths Supermarket,Pantry,Arnott's Vita-weat Cracker Sesame 250g,036090,$3.30,$1.32 / 100G,https://www.woolworths.com.au/shop/productdetails/36090/arnott-s-vita-weat-cracker-sesame,https://cdn0.woolworths.media/content/wowproductimages/medium/036090.jpg,2020-09-21 17:27:05,,0,Was $3.60 20/01/2020,True
cb10ea5d-cbb2-4072-8039-cb8c05569ee4,Woolworths Supermarket,Pantry,Arnott's Marie Biscuits 250g,036092,$2.30,$0.92 / 100G,https://www.woolworths.com.au/shop/productdetails/36092/arnott-s-marie-biscuits,https://cdn0.woolworths.media/content/wowproductimages/medium/036092.jpg,2020-09-21 17:27:05,,0,,True
7761bc06-997c-43c4-a1e3-3fc78079abb0,Woolworths Supermarket,Pantry,Paradise Fancies Sweet Jam 250g,036126,$2.50,$1.00 / 100G,https://www.woolworths.com.au/shop/productdetails/36126/paradise-fancies-sweet-jam,https://cdn0.woolworths.media/content/wowproductimages/medium/036126.jpg,2020-09-21 17:27:05,,0,,True
4363e162-4a9f-4581-b3c2-77ae34c885bd,Woolworths Supermarket,Pantry,Sunrice Low Gi White Microwave Cup 250g,036140,$2.80,$1.12 / 100G,https://www.woolworths.com.au/shop/productdetails/36140/sunrice-low-gi-white-microwave-cup,https://cdn0.woolworths.media/content/wowproductimages/medium/036140.jpg,2020-09-21 17:27:05,,0,,True
c0a27cb5-a22c-4932-982c-7f8d1e03b55f,Woolworths Supermarket,Pantry,Arnott's Mint Slice 200g,036215,$2.00,$1.00 / 100G,https://www.woolworths.com.au/shop/productdetails/36215/arnott-s-mint-slice,https://cdn0.woolworths.media/content/wowproductimages/medium/036215.jpg,2020-09-21 17:27:05,,0,,True
889c3766-692c-468e-9c37-5976427a08b5,Woolworths Supermarket,Pantry,Arnott's Chocolate Monte 200g,036216,$2.00,$1.00 / 100G,https://www.woolworths.com.au/shop/productdetails/36216/arnott-s-chocolate-monte,https://cdn0.woolworths.media/content/wowproductimages/medium/036216.jpg,2020-09-21 17:27:05,,0,,True
e74521c6-e707-4256-9b42-f468f641d000,Woolworths Supermarket,Pantry,Arnott's Triple Wafers 200g,036261,$3.05,$1.53 / 100G,https://www.woolworths.com.au/shop/productdetails/36261/arnott-s-triple-wafers,https://cdn0.woolworths.media/content/wowproductimages/medium/036261.jpg,2020-09-21 17:27:05,,0,,True
ad0d4e80-51b7-4383-b9c6-35ab74e37e5b,Woolworths Supermarket,Pantry,Arnott's Cheds 250g,036269,$4.00,$1.60 / 100G,https://www.woolworths.com.au/shop/productdetails/36269/arnott-s-cheds,https://cdn0.woolworths.media/content/wowproductimages/medium/036269.jpg,2020-09-21 17:27:05,,0,,True
32d99396-b011-4b67-8b82-38ca62f3cab5,Woolworths Supermarket,Pantry,John West Tuna Spread 95g,036278,$2.40,$2.53 / 100G,https://www.woolworths.com.au/shop/productdetails/36278/john-west-tuna-spread,https://cdn0.woolworths.media/content/wowproductimages/medium/036278.jpg,2020-09-21 17:27:05,,0,,True
e19b2322-fe5d-49bd-872f-c3c4d296888b,Woolworths Supermarket,Pantry,Arnott's Chocolate Ripple 250g,036281,$2.50,$1.00 / 100G,https://www.woolworths.com.au/shop/productdetails/36281/arnott-s-chocolate-ripple,https://cdn0.woolworths.media/content/wowproductimages/medium/036281.jpg,2020-09-21 17:27:05,,0,,True
be8e2dda-01fc-4f5c-9fcb-147bcfc6401d,Woolworths Supermarket,Pantry,Masterfoods Chilli Powder Mexican 30g,036345,$3.00,$1.00 / 10G,https://www.woolworths.com.au/shop/productdetails/36345/masterfoods-chilli-powder-mexican,https://cdn0.woolworths.media/content/wowproductimages/medium/036345.jpg,2020-09-21 17:27:05,,0,,True
45f3aba0-4335-4c07-af2d-fc180f27e3a8,Woolworths Supermarket,Pantry,Masterfoods Dried Mixed Herbs 10g,036349,$1.98,$1.98 / 10G,https://www.woolworths.com.au/shop/productdetails/36349/masterfoods-dried-mixed-herbs,https://cdn0.woolworths.media/content/wowproductimages/medium/036349.jpg,2020-09-21 17:27:05,,0,,True
81942f61-1cbc-4c79-a064-696d65d9edbc,Woolworths Supermarket,Pantry,Masterfoods Ground All Spice 30g,036351,$3.40,$1.13 / 10G,https://www.woolworths.com.au/shop/productdetails/36351/masterfoods-ground-all-spice,https://cdn0.woolworths.media/content/wowproductimages/medium/036351.jpg,2020-09-21 17:27:05,,0,,True
09cc8a76-ee80-49aa-bce9-443c915467e5,Woolworths Supermarket,Pantry,Masterfoods Cinnamon Ground 28g,036353,$2.60,$0.93 / 10G,https://www.woolworths.com.au/shop/productdetails/36353/masterfoods-cinnamon-ground,https://cdn0.woolworths.media/content/wowproductimages/medium/036353.jpg,2020-09-21 17:27:05,,0,,True
5d0b0c1c-cf73-4ccf-9f9d-1ce58964adbd,Woolworths Supermarket,Pantry,Spc Baked Beans Tomato Sauce 425g,036359,$1.15,$0.27 / 100G,https://www.woolworths.com.au/shop/productdetails/36359/spc-baked-beans-tomato-sauce,https://cdn0.woolworths.media/content/wowproductimages/medium/036359.jpg,2020-09-21 17:27:05,,0,Was $1.30 18/04/2016,True
1bc7fdc4-6c0f-4519-ae97-92e429ce44ed,Woolworths Supermarket,Pantry,Spc Baked Beans In Rich Tomato 220g,036361,$0.90,$0.41 / 100G,https://www.woolworths.com.au/shop/productdetails/36361/spc-baked-beans-in-rich-tomato,https://cdn0.woolworths.media/content/wowproductimages/medium/036361.jpg,2020-09-21 17:27:05,,0,,True
24472b57-00b4-451b-900f-81eaacc1ee7f,Woolworths Supermarket,Pantry,Uncle Tobys Cereal Vita Brits 1kg,036369,$5.00,$0.50 / 100G,https://www.woolworths.com.au/shop/productdetails/36369/uncle-tobys-cereal-vita-brits,https://cdn0.woolworths.media/content/wowproductimages/medium/036369.jpg,2020-09-21 17:27:05,,0,,True
fbda57cc-7e30-4ceb-bfce-b41d753d2150,Woolworths Supermarket,Pantry,Nestle Uncle Tobys Natural Style Swiss Blend Muesli 1kg,036370,$7.50,$0.75 / 100G,https://www.woolworths.com.au/shop/productdetails/36370/nestle-uncle-tobys-natural-style-swiss-blend-muesli,https://cdn0.woolworths.media/content/wowproductimages/medium/036370.jpg,2020-09-21 17:27:05,,0,,True
4b0e148e-2aca-4484-bb3c-2e296124109b,Woolworths Supermarket,Pantry,Always Fresh Cucumbers Polish Ogor 680g,036375,$3.75,$5.51 / 1KG,https://www.woolworths.com.au/shop/productdetails/36375/always-fresh-cucumbers-polish-ogor,https://cdn0.woolworths.media/content/wowproductimages/medium/036375.jpg,2020-09-21 17:27:05,,0,,True
49f6633f-b015-441c-849e-50725f13c388,Woolworths Supermarket,Pantry,Equal Sweetener Sachets 100pk,036387,$4.50,$4.50 / 100EA,https://www.woolworths.com.au/shop/productdetails/36387/equal-sweetener-sachets,https://cdn0.woolworths.media/content/wowproductimages/medium/036387.jpg,2020-09-21 17:27:05,,0,,True
af0d2f41-6609-41a5-a9d5-a6ae4fd0cffd,Woolworths Supermarket,Pantry,Plumrose Ham Leg 450g,036434,$10.50,$23.33 / 1KG,https://www.woolworths.com.au/shop/productdetails/36434/plumrose-ham-leg,https://cdn0.woolworths.media/content/wowproductimages/medium/036434.jpg,2020-09-21 17:27:05,,0,,True
fbd78d8d-7810-4042-b18d-04932a26c9e2,Woolworths Supermarket,Pantry,Hot Pot Casserole Base Savoury 80g,036437,$2.99,$3.74 / 100G,https://www.woolworths.com.au/shop/productdetails/36437/hot-pot-casserole-base-savoury,https://cdn0.woolworths.media/content/wowproductimages/medium/036437.jpg,2020-09-21 17:27:05,,0,,True
f1c6c5c2-7f8d-4411-84e7-6f389bda4701,Woolworths Supermarket,Pantry,Hot Pot Casserole Base Curry 100g,036438,$2.99,$2.99 / 100G,https://www.woolworths.com.au/shop/productdetails/36438/hot-pot-casserole-base-curry,https://cdn0.woolworths.media/content/wowproductimages/medium/036438.jpg,2020-09-21 17:27:05,,0,,True
6881092e-02d3-451f-beaa-cf3df260618e,Woolworths Supermarket,Pantry,Krummies Breadcrumbs 375g,036440,$3.00,$0.08 / 10G,https://www.woolworths.com.au/shop/productdetails/36440/krummies-breadcrumbs,https://cdn0.woolworths.media/content/wowproductimages/medium/036440.jpg,2020-09-21 17:27:05,,0,,True
84791d63-a390-4147-b63b-c2be00fc839d,Woolworths Supermarket,Pantry,John West Mackerel Fillets 125g,036442,$3.30,$26.40 / 1KG,https://www.woolworths.com.au/shop/productdetails/36442/john-west-mackerel-fillets,https://cdn0.woolworths.media/content/wowproductimages/medium/036442.jpg,2020-09-21 17:27:05,,0,,True
cb464a45-6be2-428b-a43d-97be411f1afc,Woolworths Supermarket,Pantry,Arnott's Plain Lattice 200g,036446,$2.50,$1.25 / 100G,https://www.woolworths.com.au/shop/productdetails/36446/arnott-s-plain-lattice,https://cdn0.woolworths.media/content/wowproductimages/medium/036446.jpg,2020-09-21 17:27:05,,0,,True
a796d410-5f9e-4fb4-bbd2-b702a3d57180,Woolworths Supermarket,Pantry,Campbell's Canned Soup Split Pea & Ham 420g,036447,$1.00,$0.24 / 100G,https://www.woolworths.com.au/shop/productdetails/36447/campbell-s-canned-soup-split-pea-ham,https://cdn0.woolworths.media/content/wowproductimages/medium/036447.jpg,2020-09-21 17:27:05,,0,,True
42dd7217-55ee-4be9-8cc7-eccbffb44b96,Woolworths Supermarket,Pantry,Ceres Organic Chickpea Crisps Sriracha Thai Chilli 100g,036471,$3.50,$3.50 / 100G,https://www.woolworths.com.au/shop/productdetails/36471/ceres-organic-chickpea-crisps-sriracha-thai-chilli,https://cdn0.woolworths.media/content/wowproductimages/medium/036471.jpg,2020-09-21 17:27:05,Average product rating out of 5: 5.0. Product score is based on 6 ratings,6,,True
c78ddc41-d666-49e4-9144-12bd19486975,Woolworths Supermarket,Pantry,Sunrice White Rice Premium Long Grain 1kg,036493,$2.00,$0.20 / 100G,https://www.woolworths.com.au/shop/productdetails/36493/sunrice-white-rice-premium-long-grain,https://cdn0.woolworths.media/content/wowproductimages/medium/036493.jpg,2020-09-21 17:27:05,,0,,True
dc36fb21-a9b5-4d67-8038-4a3dac72368e,Woolworths Supermarket,Pantry,Sunrice White Rice Premium Long Grain 2kg,036502,$3.90,$0.20 / 100G,https://www.woolworths.com.au/shop/productdetails/36502/sunrice-white-rice-premium-long-grain,https://cdn0.woolworths.media/content/wowproductimages/medium/036502.jpg,2020-09-21 17:27:05,,0,,True
ab9dcace-d809-4ad3-ab5c-399ed17d65e7,Woolworths Supermarket,Pantry,Ceres Organics Clouds Salt & Vinegar 50g,036504,$3.00,$6.00 / 100G,https://www.woolworths.com.au/shop/productdetails/36504/ceres-organics-clouds-salt-vinegar,https://cdn0.woolworths.media/content/wowproductimages/medium/036504.jpg,2020-09-21 17:27:05,Average product rating out of 5: 4.7. Product score is based on 6 ratings,6,,True
94ae64cc-5fad-42ce-bb1e-857b1bc7a0ec,Woolworths Supermarket,Pantry,Heinz Baked Beans Ham Sauce 220g,036512,$1.65,$0.75 / 100G,https://www.woolworths.com.au/shop/productdetails/36512/heinz-baked-beans-ham-sauce,https://cdn0.woolworths.media/content/wowproductimages/medium/036512.jpg,2020-09-21 17:27:05,,0,,True
b74f930b-dfbc-4bd4-83c4-044aab05ceac,Woolworths Supermarket,Pantry,Masterfoods Squeezy Mild American Mustard 250g,036557,$3.50,$1.40 / 100G,https://www.woolworths.com.au/shop/productdetails/36557/masterfoods-squeezy-mild-american-mustard,https://cdn0.woolworths.media/content/wowproductimages/medium/036557.jpg,2020-09-21 17:27:05,,0,,True
57e44370-234e-4aee-b9b7-9cce738a2eba,Woolworths Supermarket,Pantry,Continental Cup A Soup Classic Spring Vegetable 4 pack,036580,$2.00,$3.33 / 100G,https://www.woolworths.com.au/shop/productdetails/36580/continental-cup-a-soup-classic-spring-vegetable,https://cdn0.woolworths.media/content/wowproductimages/medium/036580.jpg,2020-09-21 17:27:05,,0,,True
f22de971-fc6b-4fa2-9fa3-62212a055065,Woolworths Supermarket,Pantry,Csr Raw Sugar 1kg,036630,$2.30,$0.23 / 100G,https://www.woolworths.com.au/shop/productdetails/36630/csr-raw-sugar,https://cdn0.woolworths.media/content/wowproductimages/medium/036630.jpg,2020-09-21 17:27:05,,0,,True
3089dfa8-66b6-4ced-91ee-232cbe797eb0,Woolworths Supermarket,Pantry,Bushells Blue Label Tea Bags Black 50 pack,036643,$2.00,$0.04 / 1EA,https://www.woolworths.com.au/shop/productdetails/36643/bushells-blue-label-tea-bags-black,https://cdn0.woolworths.media/content/wowproductimages/medium/036643.jpg,2020-09-21 17:27:05,,0,Was $2.67 13/08/2018,True
1e3f77d3-c733-474d-a73a-88b1ef11f155,Woolworths Supermarket,Pantry,Leggos Stir Through Tomoto Olive Chilli 350g,036654,$4.00,$1.14 / 100G,https://www.woolworths.com.au/shop/productdetails/36654/leggos-stir-through-tomoto-olive-chilli,https://cdn0.woolworths.media/content/wowproductimages/medium/036654.jpg,2020-09-21 17:27:05,,0,,True
b2328005-129b-4c26-a74b-ed713df0995c,Woolworths Supermarket,Pantry,Bushells Blue Label Black Tea 100 pack,036655,$3.50,$0.04 / 1EA,https://www.woolworths.com.au/shop/productdetails/36655/bushells-blue-label-black-tea,https://cdn0.woolworths.media/content/wowproductimages/medium/036655.jpg,2020-09-21 17:27:05,,0,Was $4.29 05/02/2018,True
893ed6dc-50b3-463e-9c19-ffdd3ea40042,Woolworths Supermarket,Pantry,Campbell's Canned Soup Cream Of Asparagus 420g,036668,$1.00,$0.24 / 100G,https://www.woolworths.com.au/shop/productdetails/36668/campbell-s-canned-soup-cream-of-asparagus,https://cdn0.woolworths.media/content/wowproductimages/medium/036668.jpg,2020-09-21 17:27:05,,0,,True
3dd1780d-08cc-4b41-9bbc-b9910936e88f,Woolworths Supermarket,Pantry,Arnott's Kingston Creams 200g,036720,$3.00,$1.50 / 100G,https://www.woolworths.com.au/shop/productdetails/36720/arnott-s-kingston-creams,https://cdn0.woolworths.media/content/wowproductimages/medium/036720.jpg,2020-09-21 17:27:05,,0,,True
4c1d14d8-d41d-4768-8f2d-2ba991047836,Woolworths Supermarket,Pantry,Aeroplane Jelly Lite Raspberry 2x9g,036721,$1.90,$10.56 / 100G,https://www.woolworths.com.au/shop/productdetails/36721/aeroplane-jelly-lite-raspberry,https://cdn0.woolworths.media/content/wowproductimages/medium/036721.jpg,2020-09-21 17:27:05,,0,,True
24c88aea-7ad9-48f3-8875-1907290d62e4,Woolworths Supermarket,Pantry,San Remo Spirals Large Pasta 500g,036756,$2.60,$0.52 / 100G,https://www.woolworths.com.au/shop/productdetails/36756/san-remo-spirals-large-pasta,https://cdn0.woolworths.media/content/wowproductimages/medium/036756.jpg,2020-09-21 17:27:05,,0,,True
8ac0d8d5-5f92-4a92-b829-d22047a2075f,Woolworths Supermarket,Pantry,Edgell Diced Capsicum Diced 125g,036791,$1.40,$11.20 / 1KG,https://www.woolworths.com.au/shop/productdetails/36791/edgell-diced-capsicum-diced,https://cdn0.woolworths.media/content/wowproductimages/medium/036791.jpg,2020-09-21 17:27:05,,0,,True
8788bab4-ff35-4c97-8694-2183e76f4a02,Woolworths Supermarket,Pantry,Rose's Lime Marmalade 500g,036797,$3.85,$0.77 / 100G,https://www.woolworths.com.au/shop/productdetails/36797/rose-s-lime-marmalade,https://cdn0.woolworths.media/content/wowproductimages/medium/036797.jpg,2020-09-21 17:27:05,,0,Was $4.50 03/04/2017,True
2fe385aa-780a-4b7d-bad2-cbf1bc6cea53,Woolworths Supermarket,Pantry,Allen's Anticol Throat Lozenge Vapour Action 10 pack,036833,$2.20,$0.22 / 1EA,https://www.woolworths.com.au/shop/productdetails/36833/allen-s-anticol-throat-lozenge-vapour-action,https://cdn0.woolworths.media/content/wowproductimages/medium/036833.jpg,2020-09-21 17:27:05,,0,,True
74d60317-0328-4396-a499-a87170143a84,Woolworths Supermarket,Pantry,Kikkoman Soy Sauce 150ml,036882,$3.60,$2.40 / 100ML,https://www.woolworths.com.au/shop/productdetails/36882/kikkoman-soy-sauce,https://cdn0.woolworths.media/content/wowproductimages/medium/036882.jpg,2020-09-21 17:27:05,,0,,True
bdb4f5b4-93c7-4a88-8a00-419e17691997,Woolworths Supermarket,Pantry,Ayam Instant Noodles 10 Cakes 700g,036885,$4.45,$0.64 / 100G,https://www.woolworths.com.au/shop/productdetails/36885/ayam-instant-noodles-10-cakes,https://cdn0.woolworths.media/content/wowproductimages/medium/036885.jpg,2020-09-21 17:27:05,,0,,True
18dcef3c-dea0-4733-ba28-ca81d2188e46,Woolworths Supermarket,Pantry,Leggos Pickles Mustard Spreadable 250g,036957,$1.70,$6.80 / 1KG,https://www.woolworths.com.au/shop/productdetails/36957/leggos-pickles-mustard-spreadable,https://cdn0.woolworths.media/content/wowproductimages/medium/036957.jpg,2020-09-21 17:27:05,,0,,True
a067a008-2caf-4229-9cfe-d88108af5961,Woolworths Supermarket,Pantry,Campbell's Pasta Sauce Beef Spaghetti 410g,037184,$2.80,$0.68 / 100G,https://www.woolworths.com.au/shop/productdetails/37184/campbell-s-pasta-sauce-beef-spaghetti,https://cdn0.woolworths.media/content/wowproductimages/medium/037184.jpg,2020-09-21 17:27:05,,0,,True
72bade30-9260-40c3-b5f2-11debe9f7da3,Woolworths Supermarket,Pantry,Uncle Ben's Microwave Golden Vegetable Rice Pouch 250g,037211,$3.00,$1.20 / 100G,https://www.woolworths.com.au/shop/productdetails/37211/uncle-ben-s-microwave-golden-vegetable-rice-pouch,https://cdn0.woolworths.media/content/wowproductimages/medium/037211.jpg,2020-09-21 17:27:05,,0,,True
80e99195-1c07-461b-b880-204d4761f6c1,Woolworths Supermarket,Pantry,Uncle Ben's Special Fried Rice Cup 2x125g,037238,$3.00,$1.20 / 100G,https://www.woolworths.com.au/shop/productdetails/37238/uncle-ben-s-special-fried-rice-cup,https://cdn0.woolworths.media/content/wowproductimages/medium/037238.jpg,2020-09-21 17:27:05,,0,,True
ad5b4e12-c479-4eeb-840b-17799e8907f8,Woolworths Supermarket,Pantry,Greenseas Tuna Chunk In Spring Water 95g,037250,$2.00,$21.05 / 1KG,https://www.woolworths.com.au/shop/productdetails/37250/greenseas-tuna-chunk-in-spring-water,https://cdn0.woolworths.media/content/wowproductimages/medium/037250.jpg,2020-09-21 17:27:05,,0,,True
4247b428-456a-4328-a8c8-d0c4a191bdaa,Woolworths Supermarket,Pantry,Australian Organic Food Co Fruit Puree Apple & Strawberry 120g,037259,$2.90,$24.17 / 1KG,https://www.woolworths.com.au/shop/productdetails/37259/australian-organic-food-co-fruit-puree-apple-strawberry,https://cdn0.woolworths.media/content/wowproductimages/medium/037259.jpg,2020-09-21 17:27:05,,0,,True
ac42b129-1072-4c97-9193-0c2adc88f7ef,Woolworths Supermarket,Pantry,Australian Organic Food Co Fruit Puree Apple & Watermelon 120g,037273,$2.90,$24.17 / 1KG,https://www.woolworths.com.au/shop/productdetails/37273/australian-organic-food-co-fruit-puree-apple-watermelon,https://cdn0.woolworths.media/content/wowproductimages/medium/037273.jpg,2020-09-21 17:27:05,,0,,True
f40b31f9-977a-40ed-b7e4-144305e466b7,Woolworths Supermarket,Pantry,Australian Organic Food Co Fruit Puree Apple Plum Apricot & Peach 120g,037281,$2.90,$24.17 / 1KG,https://www.woolworths.com.au/shop/productdetails/37281/australian-organic-food-co-fruit-puree-apple-plum-apricot-peach,https://cdn0.woolworths.media/content/wowproductimages/medium/037281.jpg,2020-09-21 17:27:05,,0,,True
0e99853d-93c8-472a-9d2a-9e6c0ec44054,Woolworths Supermarket,Pantry,Queen Rose Pink Food Colour 50ml,037362,$1.10,$0.22 / 10ML,https://www.woolworths.com.au/shop/productdetails/37362/queen-rose-pink-food-colour,https://cdn0.woolworths.media/content/wowproductimages/medium/037362.jpg,2020-09-21 17:27:05,,0,,True
b3410f82-bd15-4ad5-b881-69c60a9d6260,Woolworths Supermarket,Pantry,Saxa Pepper White Picnic Pack 50g,037370,$3.65,$0.73 / 10G,https://www.woolworths.com.au/shop/productdetails/37370/saxa-pepper-white-picnic-pack,https://cdn0.woolworths.media/content/wowproductimages/medium/037370.jpg,2020-09-21 17:27:05,,0,,True
b767fb4a-4756-4fed-a26e-1ddf8433547f,Woolworths Supermarket,Pantry,Csr Raw Sugar 2kg,037391,$3.15,$0.16 / 100G,https://www.woolworths.com.au/shop/productdetails/37391/csr-raw-sugar,https://cdn0.woolworths.media/content/wowproductimages/medium/037391.jpg,2020-09-21 17:27:05,,0,,True
44acdf6b-9f7b-41ec-9491-ca88219107d2,Woolworths Supermarket,Pantry,Queen Natural Lemon Extract 50ml,037417,$1.10,$0.22 / 10ML,https://www.woolworths.com.au/shop/productdetails/37417/queen-natural-lemon-extract,https://cdn0.woolworths.media/content/wowproductimages/medium/037417.jpg,2020-09-21 17:27:05,,0,,True
bcc9b04e-b318-433e-b6ba-f0b025056e63,Woolworths Supermarket,Pantry,Queen Organic Vanilla Essence 50ml,037419,,,https://www.woolworths.com.au/shop/productdetails/37419/queen-organic-vanilla-essence,https://cdn0.woolworths.media/content/wowproductimages/medium/037419.jpg,2020-09-21 17:27:05,,0,,False
637f91bd-3727-4461-a222-c31ec9335edd,Woolworths Supermarket,Pantry,Queen Blue Food Colour 50ml,037421,$1.10,$0.22 / 10ML,https://www.woolworths.com.au/shop/productdetails/37421/queen-blue-food-colour,https://cdn0.woolworths.media/content/wowproductimages/medium/037421.jpg,2020-09-21 17:27:05,,0,,True
87d26a4d-bdfe-4fd3-8b7e-fe4c42277672,Woolworths Supermarket,Pantry,Queen Green Food Colour 50ml,037422,$1.10,$0.22 / 10ML,https://www.woolworths.com.au/shop/productdetails/37422/queen-green-food-colour,https://cdn0.woolworths.media/content/wowproductimages/medium/037422.jpg,2020-09-21 17:27:05,,0,,True
b72fd09f-5e29-4540-8db2-771f2c2883de,Woolworths Supermarket,Pantry,Queen Yellow Food Colour 50ml,037423,$1.10,$0.22 / 10ML,https://www.woolworths.com.au/shop/productdetails/37423/queen-yellow-food-colour,https://cdn0.woolworths.media/content/wowproductimages/medium/037423.jpg,2020-09-21 17:27:05,,0,,True
02863203-7db1-4324-999f-68c4d3f77866,Woolworths Supermarket,Pantry,Fantastic Chicken & Corn Noodle Cup 70g,037466,$1.00,$1.43 / 100G,https://www.woolworths.com.au/shop/productdetails/37466/fantastic-chicken-corn-noodle-cup,https://cdn0.woolworths.media/content/wowproductimages/medium/037466.jpg,2020-09-21 17:27:05,,0,,True
5af96446-3810-4a16-823b-00c627bcf8ab,Woolworths Supermarket,Pantry,Sam's Pantry Salted Caramel Nut Bar 5 pack,037489,$3.50,$2.06 / 100G,https://www.woolworths.com.au/shop/productdetails/37489/sam-s-pantry-salted-caramel-nut-bar,https://cdn0.woolworths.media/content/wowproductimages/medium/037489.jpg,2020-09-21 17:27:05,Average product rating out of 5: 4.0. Product score is based on 663 ratings,663,Was $4.60 20/01/2020,True
ad661d6f-495c-42f0-99a1-c84dca90be0d,Woolworths Supermarket,Pantry,Fantastic Crispy Bacon Noodle Cup 70g,037493,$1.00,$1.43 / 100G,https://www.woolworths.com.au/shop/productdetails/37493/fantastic-crispy-bacon-noodle-cup,https://cdn0.woolworths.media/content/wowproductimages/medium/037493.jpg,2020-09-21 17:27:05,,0,,True
a41fb5b2-ef60-4a97-b370-f124ff65e144,Woolworths Supermarket,Pantry,Uncle Tobys Oats Quick Porridge 1kg,037562,$6.00,$0.60 / 100G,https://www.woolworths.com.au/shop/productdetails/37562/uncle-tobys-oats-quick-porridge,https://cdn0.woolworths.media/content/wowproductimages/medium/037562.jpg,2020-09-21 17:27:05,,0,,True
f7ab82c7-ff9c-462b-a62e-c45dba5f3f4f,Woolworths Supermarket,Pantry,Edgell Tomatoes Supreme 300g,037675,$1.40,$4.67 / 1KG,https://www.woolworths.com.au/shop/productdetails/37675/edgell-tomatoes-supreme,https://cdn0.woolworths.media/content/wowproductimages/medium/037675.jpg,2020-09-21 17:27:05,,0,,True
8104790e-2981-4027-bc58-05025dba418a,Woolworths Supermarket,Pantry,Uncle Tobys Oats Traditional Porridge 500g,037678,$4.25,$0.85 / 100G,https://www.woolworths.com.au/shop/productdetails/37678/uncle-tobys-oats-traditional-porridge,https://cdn0.woolworths.media/content/wowproductimages/medium/037678.jpg,2020-09-21 17:27:05,,0,,True
e80d47c6-25d5-4db7-9d4f-1bd941c6d60d,Woolworths Supermarket,Pantry,Csr Brown Sugar 1kg,037679,$3.00,$0.30 / 100G,https://www.woolworths.com.au/shop/productdetails/37679/csr-brown-sugar,https://cdn0.woolworths.media/content/wowproductimages/medium/037679.jpg,2020-09-21 17:27:05,,0,,True
5634ec6a-c174-46c2-8c19-cc8d87bd2708,Woolworths Supermarket,Pantry,Essentials Table Salt 1kg,037687,$0.90,$0.01 / 10G,https://www.woolworths.com.au/shop/productdetails/37687/essentials-table-salt,https://cdn0.woolworths.media/content/wowproductimages/medium/037687.jpg,2020-09-21 17:27:05,Average product rating out of 5: 4.7. Product score is based on 428 ratings,428,,True
0f275833-a704-4ac3-96bd-3e8101fb0b3c,Woolworths Supermarket,Pantry,Csr Brown Sugar Dark 1kg,037736,$4.00,$0.40 / 100G,https://www.woolworths.com.au/shop/productdetails/37736/csr-brown-sugar-dark,https://cdn0.woolworths.media/content/wowproductimages/medium/037736.jpg,2020-09-21 17:27:05,,0,,True
b166fe0d-1361-4c87-b949-a52ef0c3826d,Woolworths Supermarket,Pantry,Holbrooks Sauce Worcestershire 500ml,037774,$5.50,$1.10 / 100ML,https://www.woolworths.com.au/shop/productdetails/37774/holbrooks-sauce-worcestershire,https://cdn0.woolworths.media/content/wowproductimages/medium/037774.jpg,2020-09-21 17:27:05,,0,,True
b16680e1-2d04-44e7-b980-c84946958a6e,Woolworths Supermarket,Pantry,Sam's Pantry Rocky Road Protein Bar 5 pack,037792,$3.50,$1.84 / 100G,https://www.woolworths.com.au/shop/productdetails/37792/sam-s-pantry-rocky-road-protein-bar,https://cdn0.woolworths.media/content/wowproductimages/medium/037792.jpg,2020-09-21 17:27:05,Average product rating out of 5: 4.2. Product score is based on 699 ratings,699,Was $4.60 20/01/2020,True
26b2edfe-2f96-4bd2-b199-8e9b88b3cbda,Woolworths Supermarket,Pantry,Kikkoman Soy Sauce Soy 250ml,037808,$5.00,$2.00 / 100ML,https://www.woolworths.com.au/shop/productdetails/37808/kikkoman-soy-sauce-soy,https://cdn0.woolworths.media/content/wowproductimages/medium/037808.jpg,2020-09-21 17:27:05,,0,,True
27c4f357-43a2-4dcb-b384-2286d93e7b0d,Woolworths Supermarket,Pantry,Annalisa Tomatoes Peeled 400g,037810,$1.40,$3.50 / 1KG,https://www.woolworths.com.au/shop/productdetails/37810/annalisa-tomatoes-peeled,https://cdn0.woolworths.media/content/wowproductimages/medium/037810.jpg,2020-09-21 17:27:05,,0,,True
d8ecd801-aaac-4fb9-adb5-669d9519f433,Woolworths Supermarket,Pantry,Ferrero Rocher 3 pack,037827,$1.00,$2.67 / 100G,https://www.woolworths.com.au/shop/productdetails/37827/ferrero-rocher,https://cdn0.woolworths.media/content/wowproductimages/medium/037827.jpg,2020-09-21 17:27:05,,0,,True
c761445a-6458-41f7-8403-510a2b7e5c64,Woolworths Supermarket,Pantry,Vittoria Espresso Ground Coffee 200g,037831,$8.00,$4.00 / 100G,https://www.woolworths.com.au/shop/productdetails/37831/vittoria-espresso-ground-coffee,https://cdn0.woolworths.media/content/wowproductimages/medium/037831.jpg,2020-09-21 17:27:05,,0,,True
05d01953-34e6-4b53-8090-414ebb4ff2c2,Woolworths Supermarket,Pantry,Golden Circle Sliced Pineapple In Juice 825g,037843,$6.70,$8.12 / 1KG,https://www.woolworths.com.au/shop/productdetails/37843/golden-circle-sliced-pineapple-in-juice,https://cdn0.woolworths.media/content/wowproductimages/medium/037843.jpg,2020-09-21 17:27:05,,0,,True
217dc96f-976f-495d-8faa-167d3c5e2527,Woolworths Supermarket,Pantry,Vegie Delights Nutmeat 415g,037877,$4.20,$1.01 / 100G,https://www.woolworths.com.au/shop/productdetails/37877/vegie-delights-nutmeat,https://cdn0.woolworths.media/content/wowproductimages/medium/037877.jpg,2020-09-21 17:27:05,Average product rating out of 5: 4.2. Product score is based on 21 ratings,21,,True
5e4b580d-4b02-46db-a53d-7760956a9b86,Woolworths Supermarket,Pantry,Australian Organic Food Co Fruit Puree Pear Peach Nectarine 120g,037941,$2.90,$24.17 / 1KG,https://www.woolworths.com.au/shop/productdetails/37941/australian-organic-food-co-fruit-puree-pear-peach-nectarine,https://cdn0.woolworths.media/content/wowproductimages/medium/037941.jpg,2020-09-21 17:27:05,,0,,True
cb4c6bd4-180f-4a12-86b9-7a237667e863,Woolworths Supermarket,Pantry,Woolworths Mixed Fruit 1kg,037997,$5.50,$5.50 / 1KG,https://www.woolworths.com.au/shop/productdetails/37997/woolworths-mixed-fruit,https://cdn0.woolworths.media/content/wowproductimages/medium/037997.jpg,2020-09-21 17:27:05,Average product rating out of 5: 4.0. Product score is based on 397 ratings,397,,True
eddf1046-b269-4a42-9271-6cdb494c0a60,Woolworths Supermarket,Pantry,Csr Caster Sugar 1kg,038022,$2.00,$0.20 / 100G,https://www.woolworths.com.au/shop/productdetails/38022/csr-caster-sugar,https://cdn0.woolworths.media/content/wowproductimages/medium/038022.jpg,2020-09-21 17:27:05,,0,,True
63be76cc-fa83-49de-a619-4e08f6c239d1,Woolworths Supermarket,Pantry,Masterfoods Onion Flakes 100g,038077,$4.20,$0.42 / 10G,https://www.woolworths.com.au/shop/productdetails/38077/masterfoods-onion-flakes,https://cdn0.woolworths.media/content/wowproductimages/medium/038077.jpg,2020-09-21 17:27:05,,0,,True
410f9894-9716-4ddc-b30b-316c42078896,Woolworths Supermarket,Pantry,Moccona Freeze Dried Instant Coffee Classic Medium Roast 100g,038078,$9.95,$9.95 / 100G,https://www.woolworths.com.au/shop/productdetails/38078/moccona-freeze-dried-instant-coffee-classic-medium-roast,https://cdn0.woolworths.media/content/wowproductimages/medium/038078.jpg,2020-09-21 17:27:05,,0,,True
090bf7d8-c62f-41f0-b331-4b0b982fbf3c,Woolworths Supermarket,Pantry,Lee Kum Kee Sauce Char Siu 240g,038109,$4.20,$1.75 / 100G,https://www.woolworths.com.au/shop/productdetails/38109/lee-kum-kee-sauce-char-siu,https://cdn0.woolworths.media/content/wowproductimages/medium/038109.jpg,2020-09-21 17:27:05,,0,,True
37fb3f30-76bf-4aa3-9174-7c108c3d9d8f,Woolworths Supermarket,Pantry,Ichiban Noodle Spicy Sichuan Beef 140g,038133,$4.40,$3.14 / 100G,https://www.woolworths.com.au/shop/productdetails/38133/ichiban-noodle-spicy-sichuan-beef,https://cdn0.woolworths.media/content/wowproductimages/medium/038133.jpg,2020-09-21 17:27:05,,0,,True
8c80bc3e-1cbd-46dc-81ca-d98850711da1,Woolworths Supermarket,Pantry,Angas Park Peaches Dried 200g,038181,$6.00,$30.00 / 1KG,https://www.woolworths.com.au/shop/productdetails/38181/angas-park-peaches-dried,https://cdn0.woolworths.media/content/wowproductimages/medium/038181.jpg,2020-09-21 17:27:05,,0,,True
3b0dbad4-fd11-4a53-ad04-2344a82c1979,Woolworths Supermarket,Pantry,Lian Vietnamese Pho Rice Noodle Beef 70g,038219,$2.50,$3.57 / 100G,https://www.woolworths.com.au/shop/productdetails/38219/lian-vietnamese-pho-rice-noodle-beef,https://cdn0.woolworths.media/content/wowproductimages/medium/038219.jpg,2020-09-21 17:27:05,,0,,True
ad5d4929-8374-45d7-8de3-ccc17d85fe4c,Woolworths Supermarket,Pantry,Dilmah Premium Quality Tea Bags 100 pack,038288,$5.50,$0.06 / 1EA,https://www.woolworths.com.au/shop/productdetails/38288/dilmah-premium-quality-tea-bags,https://cdn0.woolworths.media/content/wowproductimages/medium/038288.jpg,2020-09-21 17:27:05,,0,,True
8c6d1752-18ad-4723-85b3-b72bd5d2bf7f,Woolworths Supermarket,Pantry,Oreo Coat Triple Chocolate 204g,038324,$3.00,$1.47 / 100G,https://www.woolworths.com.au/shop/productdetails/38324/oreo-coat-triple-chocolate,https://cdn0.woolworths.media/content/wowproductimages/medium/038324.jpg,2020-09-21 17:27:05,,0,,True
31c361fd-e909-4aa6-8573-457c1314dd67,Woolworths Supermarket,Pantry,Yeo's Satay Sauce Satay Bbq 250ml,038339,$4.00,$1.60 / 100ML,https://www.woolworths.com.au/shop/productdetails/38339/yeo-s-satay-sauce-satay-bbq,https://cdn0.woolworths.media/content/wowproductimages/medium/038339.jpg,2020-09-21 17:27:05,,0,,True
445883dc-5cea-449a-816c-7ce71935e341,Woolworths Supermarket,Pantry,Masterfoods Mint Jelly Sauce 290g,038443,$2.65,$0.91 / 100G,https://www.woolworths.com.au/shop/productdetails/38443/masterfoods-mint-jelly-sauce,https://cdn0.woolworths.media/content/wowproductimages/medium/038443.jpg,2020-09-21 17:27:05,,0,,True
b0e04fc5-e11c-4f4f-83b6-eec84227e2c0,Woolworths Supermarket,Pantry,Rosella Chutney Fruit 525g,038497,$3.60,$6.86 / 1KG,https://www.woolworths.com.au/shop/productdetails/38497/rosella-chutney-fruit,https://cdn0.woolworths.media/content/wowproductimages/medium/038497.jpg,2020-09-21 17:27:05,,0,,True
77e979ff-fcf0-4767-af53-2a320838db47,Woolworths Supermarket,Pantry,Sirena Tuna In Oil Italian Style 95g,038609,$2.70,$28.42 / 1KG,https://www.woolworths.com.au/shop/productdetails/38609/sirena-tuna-in-oil-italian-style,https://cdn0.woolworths.media/content/wowproductimages/medium/038609.jpg,2020-09-21 17:27:05,,0,,True
fe688ba8-ea63-487d-96ff-2d174ebc2eb0,Woolworths Supermarket,Pantry,Sirena Tuna In Oil Italian Style 185g,038610,$4.30,$23.24 / 1KG,https://www.woolworths.com.au/shop/productdetails/38610/sirena-tuna-in-oil-italian-style,https://cdn0.woolworths.media/content/wowproductimages/medium/038610.jpg,2020-09-21 17:27:05,,0,,True
e17cc4fe-0a14-4292-b99a-b42c72387f84,Woolworths Supermarket,Pantry,Leggos Tomato Paste 500g,038640,$4.00,$0.80 / 100G,https://www.woolworths.com.au/shop/productdetails/38640/leggos-tomato-paste,https://cdn0.woolworths.media/content/wowproductimages/medium/038640.jpg,2020-09-21 17:27:05,,0,,True
0798d085-7279-4af8-ae32-40ed1bee4bef,Woolworths Supermarket,Pantry,Leggos Pasta Sauce Spaghetti With Beef 680g,038648,$4.20,$0.62 / 100G,https://www.woolworths.com.au/shop/productdetails/38648/leggos-pasta-sauce-spaghetti-with-beef,https://cdn0.woolworths.media/content/wowproductimages/medium/038648.jpg,2020-09-21 17:27:05,,0,,True
c8f03200-08cb-4738-8f30-9fb6b7d9bd92,Woolworths Supermarket,Pantry,Gravox Gravy Mix Supreme 425g,038695,$4.95,$0.12 / 10G,https://www.woolworths.com.au/shop/productdetails/38695/gravox-gravy-mix-supreme,https://cdn0.woolworths.media/content/wowproductimages/medium/038695.jpg,2020-09-21 17:27:05,,0,,True
bf5aa8e9-bfdc-4117-891d-e1b7551e2668,Woolworths Supermarket,Pantry,Gravox Gravy Mix Traditional 425g,038723,$4.95,$0.12 / 10G,https://www.woolworths.com.au/shop/productdetails/38723/gravox-gravy-mix-traditional,https://cdn0.woolworths.media/content/wowproductimages/medium/038723.jpg,2020-09-21 17:27:05,,0,,True
7667010d-b081-4881-aead-c7ea5fb5d406,Woolworths Supermarket,Pantry,Essentials Essentials Mini Dark Choc Chips 250g,038755,$1.50,$0.60 / 100G,https://www.woolworths.com.au/shop/productdetails/38755/essentials-essentials-mini-dark-choc-chips,https://cdn0.woolworths.media/content/wowproductimages/medium/038755.jpg,2020-09-21 17:27:05,,0,,True
b048b76e-8f6d-4de7-b859-198e67e5d03f,Woolworths Supermarket,Pantry,Brunswick Sardines Tomato Sauce 106g,038844,$1.50,$14.15 / 1KG,https://www.woolworths.com.au/shop/productdetails/38844/brunswick-sardines-tomato-sauce,https://cdn0.woolworths.media/content/wowproductimages/medium/038844.jpg,2020-09-21 17:27:05,,0,,True
628df52d-ecb6-4890-a728-3cf0cfbd10f8,Woolworths Supermarket,Pantry,Valcom Canned Chestnuts Water Sliced 227g,038882,$1.10,$0.48 / 100G,https://www.woolworths.com.au/shop/productdetails/38882/valcom-canned-chestnuts-water-sliced,https://cdn0.woolworths.media/content/wowproductimages/medium/038882.jpg,2020-09-21 17:27:05,,0,,True
5b9cab1d-714b-4941-b669-d8c267d07e0b,Woolworths Supermarket,Pantry,Peck's Devilled Ham Spread 125g,038898,$2.80,$2.24 / 100G,https://www.woolworths.com.au/shop/productdetails/38898/peck-s-devilled-ham-spread,https://cdn0.woolworths.media/content/wowproductimages/medium/038898.jpg,2020-09-21 17:27:05,,0,,True
d5a53eac-c2ad-420b-9725-67657cdc5d4c,Woolworths Supermarket,Pantry,Gravox Gravy Mix Brown Onion 120g,038904,$2.70,$0.23 / 10G,https://www.woolworths.com.au/shop/productdetails/38904/gravox-gravy-mix-brown-onion,https://cdn0.woolworths.media/content/wowproductimages/medium/038904.jpg,2020-09-21 17:27:05,,0,,True
2acb60e5-c899-4697-a7e7-36abc137772d,Woolworths Supermarket,Pantry,Gravox Gravy Mix Instant Chicken 120g,038908,$2.70,$0.23 / 10G,https://www.woolworths.com.au/shop/productdetails/38908/gravox-gravy-mix-instant-chicken,https://cdn0.woolworths.media/content/wowproductimages/medium/038908.jpg,2020-09-21 17:27:05,,0,,True
80c1af58-8b36-4536-ab31-da8abf58555f,Woolworths Supermarket,Pantry,Gravox Gravy Mix Roast Meat 120g,038909,$2.70,$0.23 / 10G,https://www.woolworths.com.au/shop/productdetails/38909/gravox-gravy-mix-roast-meat,https://cdn0.woolworths.media/content/wowproductimages/medium/038909.jpg,2020-09-21 17:27:05,,0,,True
1fe6bdb6-1a83-41b6-a4d0-a7feb1457be3,Woolworths Supermarket,Pantry,Gravox Gravy Mix Traditional 120g,038911,$2.70,$0.23 / 10G,https://www.woolworths.com.au/shop/productdetails/38911/gravox-gravy-mix-traditional,https://cdn0.woolworths.media/content/wowproductimages/medium/038911.jpg,2020-09-21 17:27:05,,0,,True
69a0fbab-80ad-4ae7-adab-9aa58b214f0f,Woolworths Supermarket,Pantry,Bega Peanut Butter Smooth 200g,038920,$3.20,$1.60 / 100G,https://www.woolworths.com.au/shop/productdetails/38920/bega-peanut-butter-smooth,https://cdn0.woolworths.media/content/wowproductimages/medium/038920.jpg,2020-09-21 17:27:05,,0,,True
48c5ed51-f33a-4823-a0da-1ca8a072fb45,Woolworths Supermarket,Pantry,Bega Peanut Butter Crunchy 780g,038921,$6.50,$0.83 / 100G,https://www.woolworths.com.au/shop/productdetails/38921/bega-peanut-butter-crunchy,https://cdn0.woolworths.media/content/wowproductimages/medium/038921.jpg,2020-09-21 17:27:05,,0,Was $8.00 24/04/2017,True
7ef06588-a5c1-4875-a31e-4fb0f94841d4,Woolworths Supermarket,Pantry,Masterfoods Promite Spread 290g,038930,$4.40,$1.52 / 100G,https://www.woolworths.com.au/shop/productdetails/38930/masterfoods-promite-spread,https://cdn0.woolworths.media/content/wowproductimages/medium/038930.jpg,2020-09-21 17:27:05,,0,,True
6cd270fb-4936-4800-8185-8ec431620328,Woolworths Supermarket,Pantry,Val Verde Passata Sauce 700g,038963,$2.00,$0.29 / 100G,https://www.woolworths.com.au/shop/productdetails/38963/val-verde-passata-sauce,https://cdn0.woolworths.media/content/wowproductimages/medium/038963.jpg,2020-09-21 17:27:05,,0,Was $2.75 19/03/2018,True
feb2f7df-2a96-4750-8ffa-a4895006eb2e,Woolworths Supermarket,Pantry,White Wings Pavlova Magic Mix Egg 125g,038986,$4.30,$3.44 / 100G,https://www.woolworths.com.au/shop/productdetails/38986/white-wings-pavlova-magic-mix-egg,https://cdn0.woolworths.media/content/wowproductimages/medium/038986.jpg,2020-09-21 17:27:05,,0,,True
70756c41-65ce-437b-8e13-2be2470e9b19,Woolworths Supermarket,Pantry,Angas Park Prunes Pitted 250g,039122,$4.30,$17.20 / 1KG,https://www.woolworths.com.au/shop/productdetails/39122/angas-park-prunes-pitted,https://cdn0.woolworths.media/content/wowproductimages/medium/039122.jpg,2020-09-21 17:27:05,,0,,True
a60d9c5e-1f8c-43f1-80cf-8fc5cf43e33b,Woolworths Supermarket,Pantry,Essentials Cornflour 500g,039128,$1.90,$3.80 / 1KG,https://www.woolworths.com.au/shop/productdetails/39128/essentials-cornflour,https://cdn0.woolworths.media/content/wowproductimages/medium/039128.jpg,2020-09-21 17:27:05,Average product rating out of 5: 4.6. Product score is based on 649 ratings,649,,True
05db56ad-3898-4740-83c9-bae4e010ea86,Woolworths Supermarket,Pantry,Angas Park Prunes Large 1kg,039152,$8.25,$8.25 / 1KG,https://www.woolworths.com.au/shop/productdetails/39152/angas-park-prunes-large,https://cdn0.woolworths.media/content/wowproductimages/medium/039152.jpg,2020-09-21 17:27:05,,0,,True
b05385a7-6417-4bb7-8b38-a78a34837bcc,Woolworths Supermarket,Pantry,Tandaco Dry Yeast 12pk 84g,039156,$4.70,$5.60 / 100G,https://www.woolworths.com.au/shop/productdetails/39156/tandaco-dry-yeast,https://cdn0.woolworths.media/content/wowproductimages/medium/039156.jpg,2020-09-21 17:27:05,,0,,True
e2ce5cfc-2dbb-40cd-8e1e-c598641cd575,Woolworths Supermarket,Pantry,Yeo's Ingredients Sesame Oil 150ml,039319,$3.15,$2.10 / 100ML,https://www.woolworths.com.au/shop/productdetails/39319/yeo-s-ingredients-sesame-oil,https://cdn0.woolworths.media/content/wowproductimages/medium/039319.jpg,2020-09-21 17:27:05,,0,,True
e184a0ee-d850-4a9c-ad3f-2782b721ea62,Woolworths Supermarket,Pantry,Gravox Gravy Mix Lite Supreme 425g,039331,$4.95,$0.12 / 10G,https://www.woolworths.com.au/shop/productdetails/39331/gravox-gravy-mix-lite-supreme,https://cdn0.woolworths.media/content/wowproductimages/medium/039331.jpg,2020-09-21 17:27:05,,0,,True
8194d3c7-6732-4e4f-95a2-2bdfce93357b,Woolworths Supermarket,Pantry,Lee Kum Kee Sauce Hoi Sin 240g,039336,$3.60,$1.50 / 100G,https://www.woolworths.com.au/shop/productdetails/39336/lee-kum-kee-sauce-hoi-sin,https://cdn0.woolworths.media/content/wowproductimages/medium/039336.jpg,2020-09-21 17:27:05,,0,,True
6ee1587c-9b4f-4b76-a858-05a2f56dad8d,Woolworths Supermarket,Pantry,Masterfoods Lemon Butter Spread 280g,039361,$3.40,$1.21 / 100G,https://www.woolworths.com.au/shop/productdetails/39361/masterfoods-lemon-butter-spread,https://cdn0.woolworths.media/content/wowproductimages/medium/039361.jpg,2020-09-21 17:27:05,,0,,True
11b38d52-8e04-45f7-b026-a31925045fe3,Woolworths Supermarket,Pantry,Bega Peanut Butter Smooth 780g,039362,$6.50,$0.83 / 100G,https://www.woolworths.com.au/shop/productdetails/39362/bega-peanut-butter-smooth,https://cdn0.woolworths.media/content/wowproductimages/medium/039362.jpg,2020-09-21 17:27:05,,0,Was $8.00 24/04/2017,True
55072259-d47b-45a0-a29a-eff1c2b9a1e0,Woolworths Supermarket,Pantry,Hot Pot Casserole Base French Onion 80g,039369,$2.99,$3.74 / 100G,https://www.woolworths.com.au/shop/productdetails/39369/hot-pot-casserole-base-french-onion,https://cdn0.woolworths.media/content/wowproductimages/medium/039369.jpg,2020-09-21 17:27:05,,0,,True
28636259-7998-4d2e-8bc8-cced60f74b8b,Woolworths Supermarket,Pantry,San Remo Elbows Pasta No 35 500g,039484,$2.60,$0.52 / 100G,https://www.woolworths.com.au/shop/productdetails/39484/san-remo-elbows-pasta-no-35,https://cdn0.woolworths.media/content/wowproductimages/medium/039484.jpg,2020-09-21 17:27:05,,0,,True
9f6cc196-a64e-45f1-8117-173f30c54bf7,Woolworths Supermarket,Pantry,Plumrose Ham Leg 200g,039488,$5.80,$29.00 / 1KG,https://www.woolworths.com.au/shop/productdetails/39488/plumrose-ham-leg,https://cdn0.woolworths.media/content/wowproductimages/medium/039488.jpg,2020-09-21 17:27:05,,0,,True
4a04774b-af9d-46fc-ad29-8a56a9517863,Woolworths Supermarket,Pantry,Uncle Ben's Microwave Basmati Coconut Chilli Lemongrass Rice Pouch 250g,039717,$3.00,$1.20 / 100G,https://www.woolworths.com.au/shop/productdetails/39717/uncle-ben-s-microwave-basmati-coconut-chilli-lemongrass-rice-pouch,https://cdn0.woolworths.media/content/wowproductimages/medium/039717.jpg,2020-09-21 17:27:05,,0,,True
1f5279e6-56fb-436a-9215-11aab277a30a,Woolworths Supermarket,Pantry,Sunbeam Sultanas 375g,039731,$4.00,$10.67 / 1KG,https://www.woolworths.com.au/shop/productdetails/39731/sunbeam-sultanas,https://cdn0.woolworths.media/content/wowproductimages/medium/039731.jpg,2020-09-21 17:27:05,,0,,True
3e2be89f-8500-437e-91be-3edce60ee9ca,Woolworths Supermarket,Pantry,Branston Pickle 310g,039891,$4.50,$14.52 / 1KG,https://www.woolworths.com.au/shop/productdetails/39891/branston-pickle,https://cdn0.woolworths.media/content/wowproductimages/medium/039891.jpg,2020-09-21 17:27:05,,0,,True
db6131bb-2b0b-4425-b41c-89c244ccecf3,Woolworths Supermarket,Pantry,White Wings Plain Flour 2kg,039900,$3.60,$1.80 / 1KG,https://www.woolworths.com.au/shop/productdetails/39900/white-wings-plain-flour,https://cdn0.woolworths.media/content/wowproductimages/medium/039900.jpg,2020-09-21 17:27:05,,0,,True
d4de477c-6167-4077-a6cd-35a4488df586,Woolworths Supermarket,Pantry,Always Fresh Cucumbers Dill 680g,039902,$3.75,$5.51 / 1KG,https://www.woolworths.com.au/shop/productdetails/39902/always-fresh-cucumbers-dill,https://cdn0.woolworths.media/content/wowproductimages/medium/039902.jpg,2020-09-21 17:27:05,,0,,True
46383568-0223-4fef-b22f-663534faecee,Woolworths Supermarket,Pantry,Mckenzie's Soup Mix Italian Style 375g,039916,$2.30,$0.61 / 100G,https://www.woolworths.com.au/shop/productdetails/39916/mckenzie-s-soup-mix-italian-style,https://cdn0.woolworths.media/content/wowproductimages/medium/039916.jpg,2020-09-21 17:27:05,,0,,True
9652a481-2a85-42ee-b120-8a14973b289e,Woolworths Supermarket,Pantry,Carbonell Original Olive Oil Olive Oil 4l,039931,$24.00,$0.60 / 100ML,https://www.woolworths.com.au/shop/productdetails/39931/carbonell-original-olive-oil-olive-oil,https://cdn0.woolworths.media/content/wowproductimages/medium/039931.jpg,2020-09-21 17:27:05,,0,,True
1c297686-51fe-4292-bc94-c47d9f0a0e9b,Woolworths Supermarket,Pantry,Crisco Sunflower Oil 750ml,039950,$4.00,$0.53 / 100ML,https://www.woolworths.com.au/shop/productdetails/39950/crisco-sunflower-oil,https://cdn0.woolworths.media/content/wowproductimages/medium/039950.jpg,2020-09-21 17:27:05,,0,,True
328db664-f443-4dc0-99ca-64adc83dbeed,Woolworths Supermarket,Pantry,Campbell's Canned Soup Cream Of Celery 410g,040049,$1.00,$0.24 / 100G,https://www.woolworths.com.au/shop/productdetails/40049/campbell-s-canned-soup-cream-of-celery,https://cdn0.woolworths.media/content/wowproductimages/medium/040049.jpg,2020-09-21 17:27:05,,0,,True
cd66cd21-89d7-4a81-8e07-8a0cfa29adcd,Woolworths Supermarket,Pantry,San Remo Fettuccine Pasta 500g,040068,$2.60,$0.52 / 100G,https://www.woolworths.com.au/shop/productdetails/40068/san-remo-fettuccine-pasta,https://cdn0.woolworths.media/content/wowproductimages/medium/040068.jpg,2020-09-21 17:27:05,,0,,True
7e3c1041-362b-4b71-9ee4-bcaf762f4987,Woolworths Supermarket,Pantry,San Remo Fettuccine Spinach Pasta 500g,040208,$2.60,$0.52 / 100G,https://www.woolworths.com.au/shop/productdetails/40208/san-remo-fettuccine-spinach-pasta,https://cdn0.woolworths.media/content/wowproductimages/medium/040208.jpg,2020-09-21 17:27:05,,0,,True
75c8d932-e0ef-491a-99f1-eda672c914dd,Woolworths Supermarket,Pantry,Sam's Pantry Roasted Hazelnut Protein Bar 5 pack,040251,$3.50,$1.84 / 100G,https://www.woolworths.com.au/shop/productdetails/40251/sam-s-pantry-roasted-hazelnut-protein-bar,https://cdn0.woolworths.media/content/wowproductimages/medium/040251.jpg,2020-09-21 17:27:05,Average product rating out of 5: 4.1. Product score is based on 725 ratings,725,Was $4.60 20/01/2020,True
85255172-396c-41c9-a466-f00f44044d95,Woolworths Supermarket,Pantry,Erawan Rice Stick Medium 375g,040313,$2.10,$0.56 / 100G,https://www.woolworths.com.au/shop/productdetails/40313/erawan-rice-stick-medium,https://cdn0.woolworths.media/content/wowproductimages/medium/040313.jpg,2020-09-21 17:27:05,,0,,True
5dabc964-48b1-42ee-b5b6-3c78d398ba30,Woolworths Supermarket,Pantry,Indomie Noodles Special Chicken 75g,040389,$0.65,$0.87 / 100G,https://www.woolworths.com.au/shop/productdetails/40389/indomie-noodles-special-chicken,https://cdn0.woolworths.media/content/wowproductimages/medium/040389.jpg,2020-09-21 17:27:05,,0,,True
03d05f6d-893a-43f9-bbed-22f652bccb12,Woolworths Supermarket,Pantry,Sandhurst Chillies Jalapeno Medium Hot 270g,041049,$3.65,$13.52 / 1KG,https://www.woolworths.com.au/shop/productdetails/41049/sandhurst-chillies-jalapeno-medium-hot,https://cdn0.woolworths.media/content/wowproductimages/medium/041049.jpg,2020-09-21 17:27:05,,0,,True
e710d870-45ec-4586-af26-3f7b167051e7,Woolworths Supermarket,Pantry,Cornwell's Lancashire Relish 500ml,041178,$5.00,$1.00 / 100ML,https://www.woolworths.com.au/shop/productdetails/41178/cornwell-s-lancashire-relish,https://cdn0.woolworths.media/content/wowproductimages/medium/041178.jpg,2020-09-21 17:27:05,,0,,True
bc963bf2-76d8-4f17-b096-537fd434fc5f,Woolworths Supermarket,Pantry,Campbell's Real Vegetable Liquid Stock 500ml,041444,$2.29,$0.46 / 100ML,https://www.woolworths.com.au/shop/productdetails/41444/campbell-s-real-vegetable-liquid-stock,https://cdn0.woolworths.media/content/wowproductimages/medium/041444.jpg,2020-09-21 17:27:05,,0,,True
aa21dd77-447e-4617-83c1-14bef757bfc3,Woolworths Supermarket,Pantry,Uncle Ben's Microwave Basmati Coconut Rice Pouch 250g,041577,$3.00,$1.20 / 100G,https://www.woolworths.com.au/shop/productdetails/41577/uncle-ben-s-microwave-basmati-coconut-rice-pouch,https://cdn0.woolworths.media/content/wowproductimages/medium/041577.jpg,2020-09-21 17:27:05,,0,,True
d066e81f-770e-4224-9b1e-6f97eccd8443,Woolworths Supermarket,Pantry,Sakata Rice Crackers Plain 100g,041814,$2.00,$2.00 / 100G,https://www.woolworths.com.au/shop/productdetails/41814/sakata-rice-crackers-plain,https://cdn0.woolworths.media/content/wowproductimages/medium/041814.jpg,2020-09-21 17:27:05,,0,Was $2.40 11/06/2018,True
9d576b10-7c8d-4015-bfea-0041c6b636ba,Woolworths Supermarket,Pantry,Sharwood's Mango & Ginger Chutney 354g,041836,$5.65,$1.60 / 100G,https://www.woolworths.com.au/shop/productdetails/41836/sharwood-s-mango-ginger-chutney,https://cdn0.woolworths.media/content/wowproductimages/medium/041836.jpg,2020-09-21 17:27:05,,0,,True
5a47fa56-1a7b-4e41-882b-6b7be49eba0d,Woolworths Supermarket,Pantry,Continental Simmer Soup Salt Reduced French Onion 35g,041841,$1.00,$2.86 / 100G,https://www.woolworths.com.au/shop/productdetails/41841/continental-simmer-soup-salt-reduced-french-onion,https://cdn0.woolworths.media/content/wowproductimages/medium/041841.jpg,2020-09-21 17:27:05,,0,,True
8ff8dfa2-a4a2-4b10-a9b6-1ae7dc57b7ed,Woolworths Supermarket,Pantry,Twinings English Breakfast Loose Leaf Tea 125g,041853,$7.00,$5.60 / 100G,https://www.woolworths.com.au/shop/productdetails/41853/twinings-english-breakfast-loose-leaf-tea,https://cdn0.woolworths.media/content/wowproductimages/medium/041853.jpg,2020-09-21 17:27:05,,0,,True
71282a6c-b067-4688-91b8-21936c9e0fa8,Woolworths Supermarket,Pantry,Twinings Earl Grey Loose Leaf Tea 125g,041859,$7.00,$5.60 / 100G,https://www.woolworths.com.au/shop/productdetails/41859/twinings-earl-grey-loose-leaf-tea,https://cdn0.woolworths.media/content/wowproductimages/medium/041859.jpg,2020-09-21 17:27:05,,0,,True
9ad34246-d03a-4587-8858-284ad2099764,Woolworths Supermarket,Pantry,Twinings Earl Grey Tea Bags 10pk 20g,041944,$2.70,$0.27 / 1EA,https://www.woolworths.com.au/shop/productdetails/41944/twinings-earl-grey-tea-bags,https://cdn0.woolworths.media/content/wowproductimages/medium/041944.jpg,2020-09-21 17:27:05,,0,,True
8deb8a7c-a93f-4621-bd51-accf53c9f263,Woolworths Supermarket,Pantry,Twinings English Breakfast Tea Bags 10 pack,041946,$2.70,$0.27 / 1EA,https://www.woolworths.com.au/shop/productdetails/41946/twinings-english-breakfast-tea-bags,https://cdn0.woolworths.media/content/wowproductimages/medium/041946.jpg,2020-09-21 17:27:05,,0,,True
5aa6d2c3-3539-4f46-b27a-5bc7ac02ea0a,Woolworths Supermarket,Pantry,Twinings Darjeeling Tea Bags 10pk 20g,041949,$2.70,$0.27 / 1EA,https://www.woolworths.com.au/shop/productdetails/41949/twinings-darjeeling-tea-bags,https://cdn0.woolworths.media/content/wowproductimages/medium/041949.jpg,2020-09-21 17:27:05,,0,,True
97a08ecb-3d17-4a2c-9ee6-280ac9f1ec58,Woolworths Supermarket,Pantry,Sharwood's Ingredients Chutney Mango 354g,041968,$5.65,$1.60 / 100G,https://www.woolworths.com.au/shop/productdetails/41968/sharwood-s-ingredients-chutney-mango,https://cdn0.woolworths.media/content/wowproductimages/medium/041968.jpg,2020-09-21 17:27:05,,0,,True
35522958-1fd4-436c-bc58-ee09a506bac1,Woolworths Supermarket,Pantry,Mentos Fruit Chews 37.5g roll,042336,$1.40,$3.73 / 100G,https://www.woolworths.com.au/shop/productdetails/42336/mentos-fruit-chews,https://cdn0.woolworths.media/content/wowproductimages/medium/042336.jpg,2020-09-21 17:27:05,,0,,True
3710e7cc-8804-49dc-ac28-2dd338e52f13,Woolworths Supermarket,Pantry,Mentos Mints 37.5g roll,042340,$1.40,$3.73 / 100G,https://www.woolworths.com.au/shop/productdetails/42340/mentos-mints,https://cdn0.woolworths.media/content/wowproductimages/medium/042340.jpg,2020-09-21 17:27:05,,0,,True
83e66e5a-8019-4921-ae18-5fe61fbbbd59,Woolworths Supermarket,Pantry,Twinings Russian Caravan Loose Leaf Tea 125g,042861,$7.00,$5.60 / 100G,https://www.woolworths.com.au/shop/productdetails/42861/twinings-russian-caravan-loose-leaf-tea,https://cdn0.woolworths.media/content/wowproductimages/medium/042861.jpg,2020-09-21 17:27:05,,0,,True
38664937-a04f-4710-b4b6-05b6360cbc51,Woolworths Supermarket,Pantry,Twinings Earl Grey Tea Bags 50pk 100g,042980,$7.00,$0.14 / 1EA,https://www.woolworths.com.au/shop/productdetails/42980/twinings-earl-grey-tea-bags,https://cdn0.woolworths.media/content/wowproductimages/medium/042980.jpg,2020-09-21 17:27:05,,0,,True
35f78233-0972-49e0-9e7b-bfdfe15f7e7f,Woolworths Supermarket,Pantry,Twinings English Breakfast Tea Bags 50pk 100g,042982,$7.00,$0.14 / 1EA,https://www.woolworths.com.au/shop/productdetails/42982/twinings-english-breakfast-tea-bags,https://cdn0.woolworths.media/content/wowproductimages/medium/042982.jpg,2020-09-21 17:27:05,,0,,True
f31cd315-49e0-41b2-ac00-0d2f0b139963,Woolworths Supermarket,Pantry,Moro Light Taste Olive Oil 4l,043083,$29.00,$0.73 / 100ML,https://www.woolworths.com.au/shop/productdetails/43083/moro-light-taste-olive-oil,https://cdn0.woolworths.media/content/wowproductimages/medium/043083.jpg,2020-09-21 17:27:05,,0,Was $31.50 16/08/2016,True
2a33d685-df93-4c80-8497-e9487bb27d31,Woolworths Supermarket,Pantry,Always Fresh Olives Spanish Black 450g,043112,$3.25,$7.22 / 1KG,https://www.woolworths.com.au/shop/productdetails/43112/always-fresh-olives-spanish-black,https://cdn0.woolworths.media/content/wowproductimages/medium/043112.jpg,2020-09-21 17:27:05,,0,,True
f82c3a64-d1b0-4033-95c5-f43426796135,Woolworths Supermarket,Pantry,Rosella Aristocrat Onions Cocktail White 150g,043114,$2.15,$14.33 / 1KG,https://www.woolworths.com.au/shop/productdetails/43114/rosella-aristocrat-onions-cocktail-white,https://cdn0.woolworths.media/content/wowproductimages/medium/043114.jpg,2020-09-21 17:27:05,,0,,True
8524c7ce-1f49-470e-91ff-a5ea78eb732d,Woolworths Supermarket,Pantry,Saxa Table Salt Picnic Pack 125g,043115,$2.00,$0.16 / 10G,https://www.woolworths.com.au/shop/productdetails/43115/saxa-table-salt-picnic-pack,https://cdn0.woolworths.media/content/wowproductimages/medium/043115.jpg,2020-09-21 17:27:05,,0,,True
ee39e72f-7978-488c-878c-90758b05d212,Woolworths Supermarket,Pantry,Nestle Caramel Top N Fill 380g,043133,$5.00,$1.32 / 100G,https://www.woolworths.com.au/shop/productdetails/43133/nestle-caramel-top-n-fill,https://cdn0.woolworths.media/content/wowproductimages/medium/043133.jpg,2020-09-21 17:27:05,,0,,True
17bdce58-dc81-4e4c-a40e-8050a8e456bf,Woolworths Supermarket,Pantry,Wing Hong Lup Chong Chinese Pork Sausage 175g,043210,$8.00,$4.57 / 100G,https://www.woolworths.com.au/shop/productdetails/43210/wing-hong-lup-chong-chinese-pork-sausage,https://cdn0.woolworths.media/content/wowproductimages/medium/043210.jpg,2020-09-21 17:27:05,,0,,True
c56a60f3-bb96-4660-9005-63de09f9a1a8,Woolworths Supermarket,Pantry,Spc Peaches Sliced In Mango Nectar 825g,043268,$3.50,$4.24 / 1KG,https://www.woolworths.com.au/shop/productdetails/43268/spc-peaches-sliced-in-mango-nectar,https://cdn0.woolworths.media/content/wowproductimages/medium/043268.jpg,2020-09-21 17:27:05,,0,,True
4f20a91e-93ef-45e9-a5ee-8d16d4097c8c,Woolworths Supermarket,Pantry,Steeves Maples Maple Syrup 250ml,043500,$5.00,$2.00 / 100ML,https://www.woolworths.com.au/shop/productdetails/43500/steeves-maples-maple-syrup,https://cdn0.woolworths.media/content/wowproductimages/medium/043500.jpg,2020-09-21 17:27:05,,0,,True
f5f9870b-87e1-47a8-b364-688b5574ae82,Woolworths Supermarket,Pantry,Edgell Baby Peas & Corn Baby Peas & Super Sweet Corn 420g,043701,$2.00,$4.76 / 1KG,https://www.woolworths.com.au/shop/productdetails/43701/edgell-baby-peas-corn-baby-peas-super-sweet-corn,https://cdn0.woolworths.media/content/wowproductimages/medium/043701.jpg,2020-09-21 17:27:05,,0,,True
2c88cbd8-0692-4b8c-b642-7e8d6d83a8a4,Woolworths Supermarket,Pantry,Nestle Plaistowe Dark Cooking Chocolate 200g,043816,$4.00,$2.00 / 100G,https://www.woolworths.com.au/shop/productdetails/43816/nestle-plaistowe-dark-cooking-chocolate,https://cdn0.woolworths.media/content/wowproductimages/medium/043816.jpg,2020-09-21 17:27:05,,0,Was $4.75 20/02/2017,True
6c209e55-d462-4358-b721-cfdfde6e0a17,Woolworths Supermarket,Pantry,John West Passionfruit Pulp In Syrup 170g,043915,$1.80,$10.59 / 1KG,https://www.woolworths.com.au/shop/productdetails/43915/john-west-passionfruit-pulp-in-syrup,https://cdn0.woolworths.media/content/wowproductimages/medium/043915.jpg,2020-09-21 17:27:05,,0,,True
d28c3525-afc9-4cc9-96bc-6e105e6fa00e,Woolworths Supermarket,Pantry,San Remo Spaghetti Pasta No 5 500g,043974,$2.60,$0.52 / 100G,https://www.woolworths.com.au/shop/productdetails/43974/san-remo-spaghetti-pasta-no-5,https://cdn0.woolworths.media/content/wowproductimages/medium/043974.jpg,2020-09-21 17:27:05,,0,,True
532d583d-713c-4ef0-9a9b-0b681fdba8e7,Woolworths Supermarket,Pantry,San Remo Macaroni Pasta No 38 500g,044025,$2.60,$0.52 / 100G,https://www.woolworths.com.au/shop/productdetails/44025/san-remo-macaroni-pasta-no-38,https://cdn0.woolworths.media/content/wowproductimages/medium/044025.jpg,2020-09-21 17:27:05,,0,,True
0bddbbcf-b0a1-4d2d-9030-e177bdb38214,Woolworths Supermarket,Pantry,Edgell Super Sweet Corn Kernels Super Sweet 420g,044079,$2.05,$4.88 / 1KG,https://www.woolworths.com.au/shop/productdetails/44079/edgell-super-sweet-corn-kernels-super-sweet,https://cdn0.woolworths.media/content/wowproductimages/medium/044079.jpg,2020-09-21 17:27:05,,0,,True
0803c438-fc4f-411c-be71-3d93bf404ec0,Woolworths Supermarket,Pantry,Suimin Brasied Beef Noodle Cup 70g,044192,$1.50,$2.14 / 100G,https://www.woolworths.com.au/shop/productdetails/44192/suimin-brasied-beef-noodle-cup,https://cdn0.woolworths.media/content/wowproductimages/medium/044192.jpg,2020-09-21 17:27:05,,0,,True
34a2d303-5c84-4a53-9a2e-c300c97a7e55,Woolworths Supermarket,Pantry,Suimin Chicken & Prawn Noodle Cup 70g,044194,$1.50,$2.14 / 100G,https://www.woolworths.com.au/shop/productdetails/44194/suimin-chicken-prawn-noodle-cup,https://cdn0.woolworths.media/content/wowproductimages/medium/044194.jpg,2020-09-21 17:27:05,,0,,True
2dd4ebc9-a1b9-4974-92bf-1a7869272632,Woolworths Supermarket,Pantry,Arnott's Salada Wholemeal 250g,044346,$3.20,$1.28 / 100G,https://www.woolworths.com.au/shop/productdetails/44346/arnott-s-salada-wholemeal,https://cdn0.woolworths.media/content/wowproductimages/medium/044346.jpg,2020-09-21 17:27:05,,0,,True
62b029cc-4434-46fb-a03d-1c15df7edb87,Woolworths Supermarket,Pantry,Vegie Delights Casserole Mince In Gravy 415g,044429,$4.20,$1.01 / 100G,https://www.woolworths.com.au/shop/productdetails/44429/vegie-delights-casserole-mince-in-gravy,https://cdn0.woolworths.media/content/wowproductimages/medium/044429.jpg,2020-09-21 17:27:05,Average product rating out of 5: 4.3. Product score is based on 6 ratings,6,,True
5bd266ff-0831-406e-9d34-c8dd6d30aa39,Woolworths Supermarket,Pantry,Essentials Pasta Spaghetti 500g,044571,$0.80,$0.16 / 100G,https://www.woolworths.com.au/shop/productdetails/44571/essentials-pasta-spaghetti,https://cdn0.woolworths.media/content/wowproductimages/medium/044571.jpg,2020-09-21 17:27:05,Average product rating out of 5: 4.7. Product score is based on 341 ratings,341,,True
c2edb8fb-b617-4129-bd35-4c4c96bfcd90,Woolworths Supermarket,Pantry,Essentials Cooking Chocolate Dark 375g,044628,$2.50,$0.67 / 100G,https://www.woolworths.com.au/shop/productdetails/44628/essentials-cooking-chocolate-dark,https://cdn0.woolworths.media/content/wowproductimages/medium/044628.jpg,2020-09-21 17:27:05,Average product rating out of 5: 4.3. Product score is based on 57 ratings,57,,True
deacb19f-a242-44f1-bfd7-59fdb592f03f,Woolworths Supermarket,Pantry,Masterfoods Roast Chicken Seasoning 36g,044751,$3.40,$0.83 / 10G,https://www.woolworths.com.au/shop/productdetails/44751/masterfoods-roast-chicken-seasoning,https://cdn0.woolworths.media/content/wowproductimages/medium/044751.jpg,2020-09-21 17:27:05,,0,,True
07c78542-2114-4807-97cb-784c177026c0,Woolworths Supermarket,Pantry,Masterfoods Cloves Ground 26g,044760,$4.50,$1.73 / 10G,https://www.woolworths.com.au/shop/productdetails/44760/masterfoods-cloves-ground,https://cdn0.woolworths.media/content/wowproductimages/medium/044760.jpg,2020-09-21 17:27:05,,0,,True
cc9df3e2-f246-4fac-9c45-d1409b811b81,Woolworths Supermarket,Pantry,Masterfoods Cajun Seasoning 30g,044765,$2.90,$0.83 / 10G,https://www.woolworths.com.au/shop/productdetails/44765/masterfoods-cajun-seasoning,https://cdn0.woolworths.media/content/wowproductimages/medium/044765.jpg,2020-09-21 17:27:05,,0,,True
3320ef5f-d94f-4d31-b25b-bd431ccc11f6,Woolworths Supermarket,Pantry,Masterfoods Chilli Flakes 18g,044782,$2.90,$1.61 / 10G,https://www.woolworths.com.au/shop/productdetails/44782/masterfoods-chilli-flakes,https://cdn0.woolworths.media/content/wowproductimages/medium/044782.jpg,2020-09-21 17:27:05,,0,,True
ad34a0d8-d702-489b-bdc9-13380121116e,Woolworths Supermarket,Pantry,Dragon And Phoenix Ingredients Fried Shallot 100g,044857,$2.40,$2.40 / 100G,https://www.woolworths.com.au/shop/productdetails/44857/dragon-and-phoenix-ingredients-fried-shallot,https://cdn0.woolworths.media/content/wowproductimages/medium/044857.jpg,2020-09-21 17:27:05,,0,,True
e324d0c2-2da6-4c50-a5d5-8f4c46f033de,Woolworths Supermarket,Pantry,Negrita Ground Coffee Turkish Dark Roast 200g,044917,$4.50,$2.25 / 100G,https://www.woolworths.com.au/shop/productdetails/44917/negrita-ground-coffee-turkish-dark-roast,https://cdn0.woolworths.media/content/wowproductimages/medium/044917.jpg,2020-09-21 17:27:05,,0,,True
23f39a0f-e061-40a0-9d78-a90d2c3739a3,Woolworths Supermarket,Pantry,Ardmona Apple Sliced 800g,044973,$4.30,$5.38 / 1KG,https://www.woolworths.com.au/shop/productdetails/44973/ardmona-apple-sliced,https://cdn0.woolworths.media/content/wowproductimages/medium/044973.jpg,2020-09-21 17:27:05,,0,,True
bfb954c0-f464-483c-9e7f-d9279e2fab0b,Woolworths Supermarket,Pantry,Moccona Freeze Dried Instant Coffee Espresso 400g,045058,$24.00,$6.00 / 100G,https://www.woolworths.com.au/shop/productdetails/45058/moccona-freeze-dried-instant-coffee-espresso,https://cdn0.woolworths.media/content/wowproductimages/medium/045058.jpg,2020-09-21 17:27:05,,0,,True
eaba8b95-bd03-4d5b-a8bf-3af0fc74989e,Woolworths Supermarket,Pantry,Campbell's Chicken Noodle Condensed Soup 420g,045226,$1.00,$0.25 / 100G,https://www.woolworths.com.au/shop/productdetails/45226/campbell-s-chicken-noodle-condensed-soup,https://cdn0.woolworths.media/content/wowproductimages/medium/045226.jpg,2020-09-21 17:27:05,,0,,True
afedacd2-acc3-473c-83bd-6aba12f19f39,Woolworths Supermarket,Pantry,Maesri Paste Green Curry 114g,045323,$1.65,$1.45 / 100G,https://www.woolworths.com.au/shop/productdetails/45323/maesri-paste-green-curry,https://cdn0.woolworths.media/content/wowproductimages/medium/045323.jpg,2020-09-21 17:27:05,,0,,True
538e25db-1b9f-4204-95cb-b111b14fe4a8,Woolworths Supermarket,Pantry,Maesri Paste Red Curry 114g,045458,$1.65,$1.45 / 100G,https://www.woolworths.com.au/shop/productdetails/45458/maesri-paste-red-curry,https://cdn0.woolworths.media/content/wowproductimages/medium/045458.jpg,2020-09-21 17:27:05,,0,,True
3e780527-64f4-4090-a35a-49711d751673,Woolworths Supermarket,Pantry,Campbell's Country Ladle Canned Soup Minestrone 495g,045777,$3.50,$0.71 / 100G,https://www.woolworths.com.au/shop/productdetails/45777/campbell-s-country-ladle-canned-soup-minestrone,https://cdn0.woolworths.media/content/wowproductimages/medium/045777.jpg,2020-09-21 17:27:05,,0,,True
6f0f8684-ee49-4792-b951-5eadfc988077,Woolworths Supermarket,Pantry,Campbell's Country Ladle Canned Soup Butternut Pumpkin 505g,045795,$3.50,$0.69 / 100G,https://www.woolworths.com.au/shop/productdetails/45795/campbell-s-country-ladle-canned-soup-butternut-pumpkin,https://cdn0.woolworths.media/content/wowproductimages/medium/045795.jpg,2020-09-21 17:27:05,,0,,True
c07b8254-3a23-43e2-b975-706925c59f08,Woolworths Supermarket,Pantry,Campbell's Country Ladle Farmhouse Vegetable 495g,045931,$3.50,$0.71 / 100G,https://www.woolworths.com.au/shop/productdetails/45931/campbell-s-country-ladle-farmhouse-vegetable,https://cdn0.woolworths.media/content/wowproductimages/medium/045931.jpg,2020-09-21 17:27:05,,0,,True
59740bb6-04be-49e3-a492-d5883984bce4,Woolworths Supermarket,Pantry,Wai Wai Oriental Instant Noodles 60g,045955,$0.65,$10.83 / 1KG,https://www.woolworths.com.au/shop/productdetails/45955/wai-wai-oriental-instant-noodles,https://cdn0.woolworths.media/content/wowproductimages/medium/045955.jpg,2020-09-21 17:27:05,,0,,True
7a581547-425a-4c63-b317-5c8d4c3ab528,Woolworths Supermarket,Pantry,Paul Newman's Dressings Ranch 250ml,046037,$4.00,$1.60 / 100ML,https://www.woolworths.com.au/shop/productdetails/46037/paul-newman-s-dressings-ranch,https://cdn0.woolworths.media/content/wowproductimages/medium/046037.jpg,2020-09-21 17:27:05,,0,Was $4.40 21/08/2017,True
d80d3913-a319-4272-b0bc-fca028cfe039,Woolworths Supermarket,Pantry,Lindt Lindor Chocolate Block White 100g block,046223,$3.00,$3.00 / 100G,https://www.woolworths.com.au/shop/productdetails/46223/lindt-lindor-chocolate-block-white,https://cdn0.woolworths.media/content/wowproductimages/medium/046223.jpg,2020-09-21 17:27:05,,0,,True
b32f03b2-6ba0-4bcb-a4d7-41f7f9839ac2,Woolworths Supermarket,Pantry,Heinz Baked Beans Salt Reduced Tomato Sauce 130g,046307,$0.80,$0.62 / 100G,https://www.woolworths.com.au/shop/productdetails/46307/heinz-baked-beans-salt-reduced-tomato-sauce,https://cdn0.woolworths.media/content/wowproductimages/medium/046307.jpg,2020-09-21 17:27:05,,0,,True
48f56bf1-5e4c-4023-82d1-a74b1e3901d4,Woolworths Supermarket,Pantry,Oli & Vine Balsamic And Fig 250ml,046337,$5.00,$2.00 / 100ML,https://www.woolworths.com.au/shop/productdetails/46337/oli-vine-balsamic-and-fig,https://cdn0.woolworths.media/content/wowproductimages/medium/046337.jpg,2020-09-21 17:27:05,,0,,True
42a8b3fb-5588-443b-bae5-03d0e6405b08,Woolworths Supermarket,Pantry,Old El Paso Mexican Jumbo Taco Shells 10 pack,046370,$4.00,$2.11 / 100G,https://www.woolworths.com.au/shop/productdetails/46370/old-el-paso-mexican-jumbo-taco-shells,https://cdn0.woolworths.media/content/wowproductimages/medium/046370.jpg,2020-09-21 17:27:05,,0,,True
6c51a85b-0448-4d24-9c03-30f2c688cb49,Woolworths Supermarket,Pantry,Trident Hot & Spicy 2 Minute Noodles 85g,046382,$1.00,$1.18 / 100G,https://www.woolworths.com.au/shop/productdetails/46382/trident-hot-spicy-2-minute-noodles,https://cdn0.woolworths.media/content/wowproductimages/medium/046382.jpg,2020-09-21 17:27:05,,0,,True
87635cc3-00d2-45aa-a769-8108e35e0d08,Woolworths Supermarket,Pantry,Masterfoods Chicken Salt 65g,046497,$2.40,$0.37 / 10G,https://www.woolworths.com.au/shop/productdetails/46497/masterfoods-chicken-salt,https://cdn0.woolworths.media/content/wowproductimages/medium/046497.jpg,2020-09-21 17:27:05,,0,,True
ab1a18dc-6c61-499f-a8c4-d955230a7280,Woolworths Supermarket,Pantry,Podravka Beef Goulash 300g,046607,$4.00,$13.33 / 1KG,https://www.woolworths.com.au/shop/productdetails/46607/podravka-beef-goulash,https://cdn0.woolworths.media/content/wowproductimages/medium/046607.jpg,2020-09-21 17:27:05,,0,,True
8a90ff5f-070f-4d7b-b969-badb98c41529,Woolworths Supermarket,Pantry,Bega Peanut Butter Crunchy 200g,046731,$3.20,$1.60 / 100G,https://www.woolworths.com.au/shop/productdetails/46731/bega-peanut-butter-crunchy,https://cdn0.woolworths.media/content/wowproductimages/medium/046731.jpg,2020-09-21 17:27:05,,0,,True
5dd43490-1a0a-4495-9dab-88743d317265,Woolworths Supermarket,Pantry,Oli & Vine Creamy Ranch 250ml,046732,$5.00,$2.00 / 100ML,https://www.woolworths.com.au/shop/productdetails/46732/oli-vine-creamy-ranch,https://cdn0.woolworths.media/content/wowproductimages/medium/046732.jpg,2020-09-21 17:27:05,,0,,True
ef27b21e-2fd5-45fc-a9d9-0a2af01f2102,Woolworths Supermarket,Pantry,Oli & Vine Smokey Chipotle Lime & Herb Dressing 250ml,046756,$5.00,$2.00 / 100ML,https://www.woolworths.com.au/shop/productdetails/46756/oli-vine-smokey-chipotle-lime-herb-dressing,https://cdn0.woolworths.media/content/wowproductimages/medium/046756.jpg,2020-09-21 17:27:05,,0,,True
9a27cdc6-d1ef-4b5f-8824-6278dc2001b1,Woolworths Supermarket,Pantry,Arnott's Scotch Finger Chocolate Coated Biscuits 250g,046808,$2.00,$0.80 / 100G,https://www.woolworths.com.au/shop/productdetails/46808/arnott-s-scotch-finger-chocolate-coated-biscuits,https://cdn0.woolworths.media/content/wowproductimages/medium/046808.jpg,2020-09-21 17:27:05,,0,,True
2cf739a8-0bd1-444f-8871-aadd11e7a05c,Woolworths Supermarket,Pantry,Toblerone Milk Chocolate Bar 50g,047011,$1.00,$2.00 / 100G,https://www.woolworths.com.au/shop/productdetails/47011/toblerone-milk-chocolate-bar,https://cdn0.woolworths.media/content/wowproductimages/medium/047011.jpg,2020-09-21 17:27:05,,0,,True
5f8bd748-b341-42c3-8523-a6b099711ff1,Woolworths Supermarket,Pantry,Fountain Sweet Chilli Sauce 250ml,047106,$2.70,$1.08 / 100ML,https://www.woolworths.com.au/shop/productdetails/47106/fountain-sweet-chilli-sauce,https://cdn0.woolworths.media/content/wowproductimages/medium/047106.jpg,2020-09-21 17:27:05,,0,,True
95b0949a-934f-493b-a0ec-94560d463b04,Woolworths Supermarket,Pantry,Mrs H.s.ball's Chutney Original 470g,047190,$5.00,$10.64 / 1KG,https://www.woolworths.com.au/shop/productdetails/47190/mrs-h-s-ball-s-chutney-original,https://cdn0.woolworths.media/content/wowproductimages/medium/047190.jpg,2020-09-21 17:27:05,,0,,True
521a07f5-27e9-49c5-b70e-2e7c4f7938cd,Woolworths Supermarket,Pantry,Always Fresh Cucumbers Sweet & Sour 680g,047513,$3.75,$5.51 / 1KG,https://www.woolworths.com.au/shop/productdetails/47513/always-fresh-cucumbers-sweet-sour,https://cdn0.woolworths.media/content/wowproductimages/medium/047513.jpg,2020-09-21 17:27:05,,0,,True
0b5a4237-9d1d-4a53-8768-861829304f39,Woolworths Supermarket,Pantry,Three Threes Pickles Mustard Spreadable 390g,047553,$1.85,$4.74 / 1KG,https://www.woolworths.com.au/shop/productdetails/47553/three-threes-pickles-mustard-spreadable,https://cdn0.woolworths.media/content/wowproductimages/medium/047553.jpg,2020-09-21 17:27:05,,0,,True
dd41a03a-7abd-499c-9c87-275f3e98979c,Woolworths Supermarket,Pantry,Three Threes Onions Pickled Old Style 500g,047554,$3.90,$7.80 / 1KG,https://www.woolworths.com.au/shop/productdetails/47554/three-threes-onions-pickled-old-style,https://cdn0.woolworths.media/content/wowproductimages/medium/047554.jpg,2020-09-21 17:27:05,,0,,True
74b1be08-bea7-46ba-af4d-cba61ac40eb5,Woolworths Supermarket,Pantry,Woolworths Nuts Granulated 200g,047680,$1.50,$7.50 / 1KG,https://www.woolworths.com.au/shop/productdetails/47680/woolworths-nuts-granulated,https://cdn0.woolworths.media/content/wowproductimages/medium/047680.jpg,2020-09-21 17:27:05,Average product rating out of 5: 4.4. Product score is based on 558 ratings,558,,True
b918914c-a34d-4d1e-914a-01290794a91e,Woolworths Supermarket,Pantry,Woolworths Spaghetti In Tomato Sauce 420g,047681,$0.65,$0.15 / 100G,https://www.woolworths.com.au/shop/productdetails/47681/woolworths-spaghetti-in-tomato-sauce,https://cdn0.woolworths.media/content/wowproductimages/medium/047681.jpg,2020-09-21 17:27:05,Average product rating out of 5: 3.4. Product score is based on 285 ratings,285,,True
ea4ec998-221a-4732-bf80-0d0674bd1a15,Woolworths Supermarket,Pantry,Woolworths Baked Beans In Tomato Sauce 420g,047682,$0.65,$0.15 / 100G,https://www.woolworths.com.au/shop/productdetails/47682/woolworths-baked-beans-in-tomato-sauce,https://cdn0.woolworths.media/content/wowproductimages/medium/047682.jpg,2020-09-21 17:27:05,Average product rating out of 5: 3.8. Product score is based on 380 ratings,380,,True
56e72791-9b6d-4b84-b600-bb0963476590,Woolworths Supermarket,Pantry,Marco Polo Pitted Cherries Pitted Fresh 670g,047701,$3.95,$5.90 / 1KG,https://www.woolworths.com.au/shop/productdetails/47701/marco-polo-pitted-cherries-pitted-fresh,https://cdn0.woolworths.media/content/wowproductimages/medium/047701.jpg,2020-09-21 17:27:05,,0,,True
f3ae9d79-7384-430e-9931-5f530436fc7a,Woolworths Supermarket,Pantry,Angas Park Apricot Large Dried 200g,047780,$8.00,$40.00 / 1KG,https://www.woolworths.com.au/shop/productdetails/47780/angas-park-apricot-large-dried,https://cdn0.woolworths.media/content/wowproductimages/medium/047780.jpg,2020-09-21 17:27:05,,0,,True
e73695b5-d17c-4386-b168-85f0c5f01919,Woolworths Supermarket,Pantry,Annalisa Beans Cannellini 400g,047882,$1.50,$3.75 / 1KG,https://www.woolworths.com.au/shop/productdetails/47882/annalisa-beans-cannellini,https://cdn0.woolworths.media/content/wowproductimages/medium/047882.jpg,2020-09-21 17:27:05,,0,,True
e3b16dd8-d794-4f81-bb05-d45215c3e28f,Woolworths Supermarket,Pantry,Annalisa Beans Borlotti 400g,047893,$1.50,$3.75 / 1KG,https://www.woolworths.com.au/shop/productdetails/47893/annalisa-beans-borlotti,https://cdn0.woolworths.media/content/wowproductimages/medium/047893.jpg,2020-09-21 17:27:05,,0,,True
7450ae7a-08c5-4df7-9e6e-4d480751a8bc,Woolworths Supermarket,Pantry,Quick-eze Heartburn & Indigestion Relief Chewy Peppermint 24 pack,048119,$6.00,$0.25 / 1EA,https://www.woolworths.com.au/shop/productdetails/48119/quick-eze-heartburn-indigestion-relief-chewy-peppermint,https://cdn0.woolworths.media/content/wowproductimages/medium/048119.jpg,2020-09-21 17:27:05,,0,,True
33ae29ba-a354-4836-bdb5-c8301719ecec,Woolworths Supermarket,Pantry,Nestle Violet Crumble 50g bar,048431,$2.00,$4.00 / 100G,https://www.woolworths.com.au/shop/productdetails/48431/nestle-violet-crumble,https://cdn0.woolworths.media/content/wowproductimages/medium/048431.jpg,2020-09-21 17:27:05,,0,,True
dab28a0c-3f3e-49d4-a011-ee1dabd893bf,Woolworths Supermarket,Pantry,Tabasco Green Pepper Mild Sauce 60ml,048548,$4.60,$7.67 / 100ML,https://www.woolworths.com.au/shop/productdetails/48548/tabasco-green-pepper-mild-sauce,https://cdn0.woolworths.media/content/wowproductimages/medium/048548.jpg,2020-09-21 17:27:05,,0,,True
8084cc41-7109-4cb6-8379-28e340e9c078,Woolworths Supermarket,Pantry,San Remo La Pasta Macaroni Cheese Single Snack 80g,048645,$1.00,$1.25 / 100G,https://www.woolworths.com.au/shop/productdetails/48645/san-remo-la-pasta-macaroni-cheese-single-snack,https://cdn0.woolworths.media/content/wowproductimages/medium/048645.jpg,2020-09-21 17:27:05,,0,,True
5c2731c1-bf37-4a3b-b5f2-49aa75005113,Woolworths Supermarket,Pantry,Fantastic Oriental Noodle Cup 70g,048736,$1.00,$1.43 / 100G,https://www.woolworths.com.au/shop/productdetails/48736/fantastic-oriental-noodle-cup,https://cdn0.woolworths.media/content/wowproductimages/medium/048736.jpg,2020-09-21 17:27:05,,0,,True
28a74a6c-a97e-483c-b176-806fe0eb4c4f,Woolworths Supermarket,Pantry,Fantastic Chicken Noodle Bowl 85g,048883,$1.60,$1.88 / 100G,https://www.woolworths.com.au/shop/productdetails/48883/fantastic-chicken-noodle-bowl,https://cdn0.woolworths.media/content/wowproductimages/medium/048883.jpg,2020-09-21 17:27:05,,0,,True
d973555f-c397-43af-8d19-25ed3f2788e2,Woolworths Supermarket,Pantry,San Remo Bows Ties Pasta No 23 500g,048900,$2.60,$0.52 / 100G,https://www.woolworths.com.au/shop/productdetails/48900/san-remo-bows-ties-pasta-no-23,https://cdn0.woolworths.media/content/wowproductimages/medium/048900.jpg,2020-09-21 17:27:05,,0,,True
23235682-ed1f-4fa9-85f7-c3607b9f03a7,Woolworths Supermarket,Pantry,Berri Quelch Fruit Sticks Ice Blocks 24x70ml,049156,$7.00,$0.42 / 100ML,https://www.woolworths.com.au/shop/productdetails/49156/berri-quelch-fruit-sticks-ice-blocks,https://cdn0.woolworths.media/content/wowproductimages/medium/049156.jpg,2020-09-21 17:27:05,,0,,True
5deff03d-1220-406b-adfc-482a5c4282ba,Woolworths Supermarket,Pantry,Nestle Butter-menthol Throat Lozenge Liquid Centre 10 pack,049212,$2.20,$0.22 / 1EA,https://www.woolworths.com.au/shop/productdetails/49212/nestle-butter-menthol-throat-lozenge-liquid-centre,https://cdn0.woolworths.media/content/wowproductimages/medium/049212.jpg,2020-09-21 17:27:05,,0,,True
66e95272-3168-4e06-beda-cc5a23d5cc48,Woolworths Supermarket,Pantry,Fantastic Beef Noodle Bowl 85g,049286,$1.60,$1.88 / 100G,https://www.woolworths.com.au/shop/productdetails/49286/fantastic-beef-noodle-bowl,https://cdn0.woolworths.media/content/wowproductimages/medium/049286.jpg,2020-09-21 17:27:05,,0,,True
b63f45fc-759e-4220-b237-a633034f0f2c,Woolworths Supermarket,Pantry,Fantastic Oriental Noodle Bowl 85g,049305,$1.60,$1.88 / 100G,https://www.woolworths.com.au/shop/productdetails/49305/fantastic-oriental-noodle-bowl,https://cdn0.woolworths.media/content/wowproductimages/medium/049305.jpg,2020-09-21 17:27:05,,0,,True
07d9de5f-0804-438b-bc82-9967f803f854,Woolworths Supermarket,Pantry,Spc Baked Beans Tomato Sauce 4x220g,049314,$4.20,$0.48 / 100G,https://www.woolworths.com.au/shop/productdetails/49314/spc-baked-beans-tomato-sauce,https://cdn0.woolworths.media/content/wowproductimages/medium/049314.jpg,2020-09-21 17:27:05,,0,,True
fa48d17e-55cd-48e2-8861-fd19923f3226,Woolworths Supermarket,Pantry,Spc Spaghetti Tomato & Cheese Sauce 4x220g,049315,$4.20,$0.48 / 100G,https://www.woolworths.com.au/shop/productdetails/49315/spc-spaghetti-tomato-cheese-sauce,https://cdn0.woolworths.media/content/wowproductimages/medium/049315.jpg,2020-09-21 17:27:05,,0,,True
29d42fa1-02e8-4b14-8ab8-5a5a2136aae5,Woolworths Supermarket,Pantry,Gravox Gravy Mix Pepper Sauce 140g,049587,$2.70,$0.19 / 10G,https://www.woolworths.com.au/shop/productdetails/49587/gravox-gravy-mix-pepper-sauce,https://cdn0.woolworths.media/content/wowproductimages/medium/049587.jpg,2020-09-21 17:27:05,,0,,True
4fc56fcf-0e60-486b-aa07-07b60ae8c136,Woolworths Supermarket,Pantry,Masterfoods Mustard Dijon Original 170g,049709,$2.80,$1.65 / 100G,https://www.woolworths.com.au/shop/productdetails/49709/masterfoods-mustard-dijon-original,https://cdn0.woolworths.media/content/wowproductimages/medium/049709.jpg,2020-09-21 17:27:05,,0,,True
70c2ca79-53d7-4e21-8be1-0c2fc2550653,Woolworths Supermarket,Pantry,Lindt Lindor Chocolate Balls Mint 123g,049772,$4.80,$3.90 / 100G,https://www.woolworths.com.au/shop/productdetails/49772/lindt-lindor-chocolate-balls-mint,https://cdn0.woolworths.media/content/wowproductimages/medium/049772.jpg,2020-09-21 17:27:05,,0,,True
375672e0-d781-456e-9b57-150c3c52f8e6,Woolworths Supermarket,Pantry,Bonne Maman Raspberry Jam 370g,049905,$5.20,$1.41 / 100G,https://www.woolworths.com.au/shop/productdetails/49905/bonne-maman-raspberry-jam,https://cdn0.woolworths.media/content/wowproductimages/medium/049905.jpg,2020-09-21 17:27:05,,0,,True
d83c6a49-2bbc-43b4-b882-1c791251bce4,Woolworths Supermarket,Pantry,Masterfoods Tuscan Seasoning 35g,050431,$3.70,$0.93 / 10G,https://www.woolworths.com.au/shop/productdetails/50431/masterfoods-tuscan-seasoning,https://cdn0.woolworths.media/content/wowproductimages/medium/050431.jpg,2020-09-21 17:27:05,,0,,True
4d2689a9-02ae-49b7-9320-236700032204,Woolworths Supermarket,Pantry,Masterfoods Garlic & Herb Salt 62g,050748,$2.30,$0.37 / 10G,https://www.woolworths.com.au/shop/productdetails/50748/masterfoods-garlic-herb-salt,https://cdn0.woolworths.media/content/wowproductimages/medium/050748.jpg,2020-09-21 17:27:05,,0,,True
aa24d25a-fc11-41d0-8d2a-261933a6c3b8,Woolworths Supermarket,Pantry,Frey Supreme Dark Orange Chocolate 100g,051277,$2.50,$2.50 / 100G,https://www.woolworths.com.au/shop/productdetails/51277/frey-supreme-dark-orange-chocolate,https://cdn0.woolworths.media/content/wowproductimages/medium/051277.jpg,2020-09-21 17:27:05,Average product rating out of 5: 4.4. Product score is based on 453 ratings,453,,True
5b7aa621-51d2-4b2b-869f-dd2e1234b10f,Woolworths Supermarket,Pantry,Bounty Chocolate Bar 56g,051628,$1.50,$2.68 / 100G,https://www.woolworths.com.au/shop/productdetails/51628/bounty-chocolate-bar,https://cdn0.woolworths.media/content/wowproductimages/medium/051628.jpg,2020-09-21 17:27:05,,0,,True
6e1f5c5a-761e-4745-9673-d3f9e06d939f,Woolworths Supermarket,Pantry,Masterfoods Smokey Bbq Marinade 375g,051631,$2.50,$0.67 / 100G,https://www.woolworths.com.au/shop/productdetails/51631/masterfoods-smokey-bbq-marinade,https://cdn0.woolworths.media/content/wowproductimages/medium/051631.jpg,2020-09-21 17:27:05,,0,Was $3.39 24/10/16,True
b5ef9c15-be4c-46b6-b212-8598a93f2b44,Woolworths Supermarket,Pantry,Masterfoods Marinade Satay 375g,051632,$2.50,$0.67 / 100G,https://www.woolworths.com.au/shop/productdetails/51632/masterfoods-marinade-satay,https://cdn0.woolworths.media/content/wowproductimages/medium/051632.jpg,2020-09-21 17:27:05,,0,Was $3.39 24/10/16,True
044c46d4-e44f-4dca-92ea-f9824b612e78,Woolworths Supermarket,Pantry,Old El Paso Chunky Tomato Salsa Dip Hot 300g,051652,$2.55,$0.85 / 100G,https://www.woolworths.com.au/shop/productdetails/51652/old-el-paso-chunky-tomato-salsa-dip-hot,https://cdn0.woolworths.media/content/wowproductimages/medium/051652.jpg,2020-09-21 17:27:05,,0,,True
339cebee-766f-4874-bb7e-3f336124d35e,Woolworths Supermarket,Pantry,Patak's Spicy Chicken Oven Bake Bake 120g,051671,$2.00,$1.67 / 100G,https://www.woolworths.com.au/shop/productdetails/51671/patak-s-spicy-chicken-oven-bake-bake,https://cdn0.woolworths.media/content/wowproductimages/medium/051671.jpg,2020-09-21 17:27:05,,0,,True
1ecba75d-093c-4c81-91c0-74458fb3e2b3,Woolworths Supermarket,Pantry,Loacker Hazelnut Wafers 175g,052002,$1.50,$0.86 / 100G,https://www.woolworths.com.au/shop/productdetails/52002/loacker-hazelnut-wafers,https://cdn0.woolworths.media/content/wowproductimages/medium/052002.jpg,2020-09-21 17:27:05,,0,,True
9d67c84a-def4-4dcf-a655-c843b9c89eaa,Woolworths Supermarket,Pantry,Loacker Chocolate Classic Wafer 175g,052003,$1.50,$0.86 / 100G,https://www.woolworths.com.au/shop/productdetails/52003/loacker-chocolate-classic-wafer,https://cdn0.woolworths.media/content/wowproductimages/medium/052003.jpg,2020-09-21 17:27:05,,0,,True
425b777f-6cbd-4a8f-bd66-e3d9a7783648,Woolworths Supermarket,Pantry,Mckenzie's Pepper Black Coarse Milled 100g,052070,$3.75,$0.38 / 10G,https://www.woolworths.com.au/shop/productdetails/52070/mckenzie-s-pepper-black-coarse-milled,https://cdn0.woolworths.media/content/wowproductimages/medium/052070.jpg,2020-09-21 17:27:05,,0,,True
bd632517-417a-411b-97fe-4bc901dd0a1f,Woolworths Supermarket,Pantry,Lindt Excellence Honeycomb Dark Chocolate 100g,052152,$3.00,$3.00 / 100G,https://www.woolworths.com.au/shop/productdetails/52152/lindt-excellence-honeycomb-dark-chocolate,https://cdn0.woolworths.media/content/wowproductimages/medium/052152.jpg,2020-09-21 17:27:05,,0,,True
8d566868-6e66-4135-a2cc-2f2f7e09cf71,Woolworths Supermarket,Pantry,Lindt Excellence Dark Chocolate Cranberry Almond & Hazelnut 100g,052153,$2.70,$2.70 / 100G,https://www.woolworths.com.au/shop/productdetails/52153/lindt-excellence-dark-chocolate-cranberry-almond-hazelnut,https://cdn0.woolworths.media/content/wowproductimages/medium/052153.jpg,2020-09-21 17:27:05,,0,,True
f5750f0a-e322-4309-838c-5f8fee28a04d,Woolworths Supermarket,Pantry,Spc Baked Beans Salt Reduced Tomato Sauce 425g,052181,$1.15,$0.27 / 100G,https://www.woolworths.com.au/shop/productdetails/52181/spc-baked-beans-salt-reduced-tomato-sauce,https://cdn0.woolworths.media/content/wowproductimages/medium/052181.jpg,2020-09-21 17:27:05,,0,Was $1.30 18/04/2016,True
06f78865-f513-4b69-ba0a-acd26f769805,Woolworths Supermarket,Pantry,Tasti Nut Bar Salted Caramel 12 pack,052273,$5.50,$3.14 / 100G,https://www.woolworths.com.au/shop/productdetails/52273/tasti-nut-bar-salted-caramel,https://cdn0.woolworths.media/content/wowproductimages/medium/052273.jpg,2020-09-21 17:27:05,,0,,True
f5b42e7e-3dae-4e42-a51b-64c2c95337f3,Woolworths Supermarket,Pantry,Admiral Mangoes Sliced In Natural Juice 800g,052280,$3.50,$4.38 / 1KG,https://www.woolworths.com.au/shop/productdetails/52280/admiral-mangoes-sliced-in-natural-juice,https://cdn0.woolworths.media/content/wowproductimages/medium/052280.jpg,2020-09-21 17:27:05,,0,,True
7aee4798-977b-4aeb-80ba-b88bb65347d6,Woolworths Supermarket,Pantry,Cool Pak Popcorn Original 16 pack,052323_1,$4.00,$1.92 / 100G,https://www.woolworths.com.au/shop/productdetails/52323/cool-pak-popcorn-original,https://cdn0.woolworths.media/content/wowproductimages/medium/052323_1.jpg,2020-09-21 17:27:05,,0,,True
1f8b5078-dd9b-42d9-b174-fe505dc8fe3e,Woolworths Supermarket,Pantry,Cadbury Favourites 570g,052409,$10.00,$1.75 / 100G,https://www.woolworths.com.au/shop/productdetails/52409/cadbury-favourites,https://cdn0.woolworths.media/content/wowproductimages/medium/052409.jpg,2020-09-21 17:27:05,,0,,True
af59da45-fd17-4374-8698-6b94345bebe6,Woolworths Supermarket,Pantry,Poonsin Canned Stir Fry Vegetables Mixed 425g,052427,$2.35,$5.53 / 1KG,https://www.woolworths.com.au/shop/productdetails/52427/poonsin-canned-stir-fry-vegetables-mixed,https://cdn0.woolworths.media/content/wowproductimages/medium/052427.jpg,2020-09-21 17:27:05,,0,,True
a757bec8-2f6d-4214-b691-89b00846a312,Woolworths Supermarket,Pantry,Cadbury Favourites Party Pack 570g,052433,$10.00,$1.75 / 100G,https://www.woolworths.com.au/shop/productdetails/52433/cadbury-favourites-party-pack,https://cdn0.woolworths.media/content/wowproductimages/medium/052433.jpg,2020-09-21 17:27:05,,0,,True
a699e19b-2522-41d3-bec2-fbc668447877,Woolworths Supermarket,Pantry,Cadbury Favourites 373g,052434,$14.00,$3.75 / 100G,https://www.woolworths.com.au/shop/productdetails/52434/cadbury-favourites,https://cdn0.woolworths.media/content/wowproductimages/medium/052434.jpg,2020-09-21 17:27:05,,0,,True
a58ec060-cd99-429c-8488-4e96616bc023,Woolworths Supermarket,Pantry,Mutti Polpa Chopped Tomato 210g,052604,$0.80,$3.81 / 1KG,https://www.woolworths.com.au/shop/productdetails/52604/mutti-polpa-chopped-tomato,https://cdn0.woolworths.media/content/wowproductimages/medium/052604.jpg,2020-09-21 17:27:05,,0,,True
f0698690-2e01-4d59-8479-99463258bdbe,Woolworths Supermarket,Pantry,"Dolmio Extra Tomato, Onion & Garlic Pasta Sauce 785g",052869,$3.75,$0.48 / 100G,https://www.woolworths.com.au/shop/productdetails/52869/dolmio-extra-tomato-onion-garlic-pasta-sauce,https://cdn0.woolworths.media/content/wowproductimages/medium/052869.jpg,2020-09-21 17:27:05,,0,Was $4.50 25/03/2019,True
2298631c-6df1-45bc-8d7b-660fb495658c,Woolworths Supermarket,Pantry,Calbee Harvest Snaps Original Salted 200g,053140,$5.00,$25.00 / 1KG,https://www.woolworths.com.au/shop/productdetails/53140/calbee-harvest-snaps-original-salted,https://cdn0.woolworths.media/content/wowproductimages/medium/053140.jpg,2020-09-21 17:27:05,,0,,True
7f25f22d-4be1-4960-84bf-2cbb636148c2,Woolworths Supermarket,Pantry,Nestle Maggi Fusian Noodle Cup Japanese Teriyaki 62g,053301,$1.80,$2.90 / 100G,https://www.woolworths.com.au/shop/productdetails/53301/nestle-maggi-fusian-noodle-cup-japanese-teriyaki,https://cdn0.woolworths.media/content/wowproductimages/medium/053301.jpg,2020-09-21 17:27:05,,0,,True
29bf7b12-d88c-4c15-a7ee-1e8ecdee55cc,Woolworths Supermarket,Pantry,Maggi Fusian Noodle Japanese Teriyaki 5pack 350g,053305,$3.95,$1.13 / 100G,https://www.woolworths.com.au/shop/productdetails/53305/maggi-fusian-noodle-japanese-teriyaki-5pack,https://cdn0.woolworths.media/content/wowproductimages/medium/053305.jpg,2020-09-21 17:27:05,,0,,True
5c5a4efd-ed8b-449a-84b5-45330741b964,Woolworths Supermarket,Pantry,Maggi Fusian Noodle Malaysian Laksa 5pack 345g,053306,$3.95,$1.14 / 100G,https://www.woolworths.com.au/shop/productdetails/53306/maggi-fusian-noodle-malaysian-laksa-5pack,https://cdn0.woolworths.media/content/wowproductimages/medium/053306.jpg,2020-09-21 17:27:05,,0,,True
8bbd0b68-3a8a-4bcb-8980-c2d950d41454,Woolworths Supermarket,Pantry,Maggi Fusian Noodle Cup Malaysian Laksa 61g,053323,$1.80,$2.95 / 100G,https://www.woolworths.com.au/shop/productdetails/53323/maggi-fusian-noodle-cup-malaysian-laksa,https://cdn0.woolworths.media/content/wowproductimages/medium/053323.jpg,2020-09-21 17:27:05,,0,,True
74648b5b-59dd-49d2-9179-0d269eb67410,Woolworths Supermarket,Pantry,Wai Wai Rice Vermicelli 200g,053333,$1.40,$0.70 / 100G,https://www.woolworths.com.au/shop/productdetails/53333/wai-wai-rice-vermicelli,https://cdn0.woolworths.media/content/wowproductimages/medium/053333.jpg,2020-09-21 17:27:05,,0,,True
ed6b5971-22c2-483f-9fa4-6a5b43c158da,Woolworths Supermarket,Pantry,Tabasco Chilli Sauce Red Pepper 150ml,053367,$8.50,$5.67 / 100ML,https://www.woolworths.com.au/shop/productdetails/53367/tabasco-chilli-sauce-red-pepper,https://cdn0.woolworths.media/content/wowproductimages/medium/053367.jpg,2020-09-21 17:27:05,,0,,True
b86e9f86-23f3-4a41-ad6b-635873f7ff83,Woolworths Supermarket,Pantry,Hoyt's Vanilla Beans each,053371,$6.30,,https://www.woolworths.com.au/shop/productdetails/53371/hoyt-s-vanilla-beans,https://cdn0.woolworths.media/content/wowproductimages/medium/053371.jpg,2020-09-21 17:27:05,,0,,True
e0dac455-bd10-41f5-8192-b59e970148b5,Woolworths Supermarket,Pantry,Europe Summer Roll Bitesize 135g,053374,$3.00,$2.22 / 100G,https://www.woolworths.com.au/shop/productdetails/53374/europe-summer-roll-bitesize,https://cdn0.woolworths.media/content/wowproductimages/medium/053374.jpg,2020-09-21 17:27:05,,0,Was $4.00 10/07/2017,True
85db8609-fe1d-4efd-8d3d-48bd111383f3,Woolworths Supermarket,Pantry,Wai Wai Noodles Rice Vermicelli Instant 55g,053389,$0.65,$1.18 / 100G,https://www.woolworths.com.au/shop/productdetails/53389/wai-wai-noodles-rice-vermicelli-instant,https://cdn0.woolworths.media/content/wowproductimages/medium/053389.jpg,2020-09-21 17:27:05,,0,,True
1cc41fa0-9144-418f-8065-7ad36b0cda63,Woolworths Supermarket,Pantry,Mentos Pure Fresh Gum Strawberry 30g,053557,$2.00,$6.67 / 100G,https://www.woolworths.com.au/shop/productdetails/53557/mentos-pure-fresh-gum-strawberry,https://cdn0.woolworths.media/content/wowproductimages/medium/053557.jpg,2020-09-21 17:27:05,,0,,True
1b434510-1906-42a5-9dc9-d1e1565f84ce,Woolworths Supermarket,Pantry,King Oscar Sardines Olive Oil Double Layer 105g,053629,$2.80,$26.67 / 1KG,https://www.woolworths.com.au/shop/productdetails/53629/king-oscar-sardines-olive-oil-double-layer,https://cdn0.woolworths.media/content/wowproductimages/medium/053629.jpg,2020-09-21 17:27:05,,0,,True
d530f33e-7a95-4ffe-9f94-a6adc2788ca0,Woolworths Supermarket,Pantry,Lowan Cereal Cocoa Bombs 350g,053672,$3.00,$0.86 / 100G,https://www.woolworths.com.au/shop/productdetails/53672/lowan-cereal-cocoa-bombs,https://cdn0.woolworths.media/content/wowproductimages/medium/053672.jpg,2020-09-21 17:27:05,Average product rating out of 5: 5.0. Product score is based on 16 ratings,16,,True
38e131f5-b225-4555-91a0-48b313fd52a4,Woolworths Supermarket,Pantry,Nature Valley Crunchy Bars Canadian Maple Syrup 12 pack,053831,$5.50,$2.18 / 100G,https://www.woolworths.com.au/shop/productdetails/53831/nature-valley-crunchy-bars-canadian-maple-syrup,https://cdn0.woolworths.media/content/wowproductimages/medium/053831.jpg,2020-09-21 17:27:05,,0,,True
501fd040-0e85-4479-907e-a0ff2a2d0a4d,Woolworths Supermarket,Pantry,Nature Valley Crunchy Bars Oats & Honey 12 pack,053843,$5.50,$2.18 / 100G,https://www.woolworths.com.au/shop/productdetails/53843/nature-valley-crunchy-bars-oats-honey,https://cdn0.woolworths.media/content/wowproductimages/medium/053843.jpg,2020-09-21 17:27:05,,0,,True
659f585d-f30d-405f-bbbc-aa15b680e435,Woolworths Supermarket,Pantry,Nature Valley Crunchy Variety 252g,053847,$5.50,$2.18 / 100G,https://www.woolworths.com.au/shop/productdetails/53847/nature-valley-crunchy-variety,https://cdn0.woolworths.media/content/wowproductimages/medium/053847.jpg,2020-09-21 17:27:05,,0,,True
97de54ab-e506-49fb-ba89-dc1601948f69,Woolworths Supermarket,Pantry,Nature Valley Crunchy Peanut Butter 252g,053852,$5.50,$2.18 / 100G,https://www.woolworths.com.au/shop/productdetails/53852/nature-valley-crunchy-peanut-butter,https://cdn0.woolworths.media/content/wowproductimages/medium/053852.jpg,2020-09-21 17:27:05,,0,,True
18c3e1c7-24a8-449a-89b8-03a72ba6c95f,Woolworths Supermarket,Pantry,Fountain Soy Sauce 250ml,053866,$2.70,$1.08 / 100ML,https://www.woolworths.com.au/shop/productdetails/53866/fountain-soy-sauce,https://cdn0.woolworths.media/content/wowproductimages/medium/053866.jpg,2020-09-21 17:27:05,,0,,True
97fa1369-d22a-4f45-a8c0-1eaec46045bd,Woolworths Supermarket,Pantry,Fountain Hot Chilli Sauce 250ml,053869,$2.70,$1.08 / 100ML,https://www.woolworths.com.au/shop/productdetails/53869/fountain-hot-chilli-sauce,https://cdn0.woolworths.media/content/wowproductimages/medium/053869.jpg,2020-09-21 17:27:05,,0,,True
4c91a00e-86cf-4531-8f40-3ae3695b5d89,Woolworths Supermarket,Pantry,Green's Cake Mix Traditional Chocolate 440g,053941,$2.75,$0.63 / 100G,https://www.woolworths.com.au/shop/productdetails/53941/green-s-cake-mix-traditional-chocolate,https://cdn0.woolworths.media/content/wowproductimages/medium/053941.jpg,2020-09-21 17:27:05,,0,,True
c4447aa1-47c5-44cb-b013-8f8182b97234,Woolworths Supermarket,Pantry,Continental Cup A Soup Chinese Chicken & Corn With Lots Of Noodles 2 pack,054148,$2.00,$3.03 / 100G,https://www.woolworths.com.au/shop/productdetails/54148/continental-cup-a-soup-chinese-chicken-corn-with-lots-of-noodles,https://cdn0.woolworths.media/content/wowproductimages/medium/054148.jpg,2020-09-21 17:27:05,,0,,True
25d7b7c8-8b34-4257-99ac-d553ab53148e,Woolworths Supermarket,Pantry,Continental Cup A Soup Italian Minestrone 2 pack,054157,$2.00,$2.67 / 100G,https://www.woolworths.com.au/shop/productdetails/54157/continental-cup-a-soup-italian-minestrone,https://cdn0.woolworths.media/content/wowproductimages/medium/054157.jpg,2020-09-21 17:27:05,,0,,True
a43758da-ec78-463b-8e2a-27c215ff5e68,Woolworths Supermarket,Pantry,Hoyt's Mustard Seed 25g,054179,$1.30,$0.52 / 10G,https://www.woolworths.com.au/shop/productdetails/54179/hoyt-s-mustard-seed,https://cdn0.woolworths.media/content/wowproductimages/medium/054179.jpg,2020-09-21 17:27:05,,0,,True
bedff211-1a21-4d72-876b-fa66f3e6c19d,Woolworths Supermarket,Pantry,Tic Tac Strawberry 24g,054187,$1.80,$7.50 / 100G,https://www.woolworths.com.au/shop/productdetails/54187/tic-tac-strawberry,https://cdn0.woolworths.media/content/wowproductimages/medium/054187.jpg,2020-09-21 17:27:05,,0,,True
c53696b8-d1ce-46f3-8560-42d95252cf6f,Woolworths Supermarket,Pantry,Heinz Baconnaise Flavoured Mayonnaise 295ml,054314,$4.00,$1.36 / 100ML,https://www.woolworths.com.au/shop/productdetails/54314/heinz-baconnaise-flavoured-mayonnaise,https://cdn0.woolworths.media/content/wowproductimages/medium/054314.jpg,2020-09-21 17:27:05,,0,,True
65274344-22b8-4f8a-9b78-8cc0fc8cee47,Woolworths Supermarket,Pantry,Heinz Creamy Ranch Mayonnaise 295ml,054315,$4.00,$1.36 / 100ML,https://www.woolworths.com.au/shop/productdetails/54315/heinz-creamy-ranch-mayonnaise,https://cdn0.woolworths.media/content/wowproductimages/medium/054315.jpg,2020-09-21 17:27:05,,0,,True
b6124160-937e-4170-8ce1-681f1b009967,Woolworths Supermarket,Pantry,Heinz Olive Oil Mayonnaise 295ml,054324,$4.00,$1.36 / 100ML,https://www.woolworths.com.au/shop/productdetails/54324/heinz-olive-oil-mayonnaise,https://cdn0.woolworths.media/content/wowproductimages/medium/054324.jpg,2020-09-21 17:27:05,,0,,True
a3aa5d9f-d5c8-4126-8a2a-94c02eaed58e,Woolworths Supermarket,Pantry,Heinz Whole Egg Mayonnaise With Added Olive Oil 295ml,054327,$4.00,$1.36 / 100ML,https://www.woolworths.com.au/shop/productdetails/54327/heinz-whole-egg-mayonnaise-with-added-olive-oil,https://cdn0.woolworths.media/content/wowproductimages/medium/054327.jpg,2020-09-21 17:27:05,,0,,True
fae64279-78ff-4d67-9584-1e5c4e6fe92f,Woolworths Supermarket,Pantry,Ritz Sandwich Chocolate 118g,054343,$1.00,$0.85 / 100G,https://www.woolworths.com.au/shop/productdetails/54343/ritz-sandwich-chocolate,https://cdn0.woolworths.media/content/wowproductimages/medium/054343.jpg,2020-09-21 17:27:05,,0,,True
8005f6c7-cd1b-49b6-a86b-330894e2ebb9,Woolworths Supermarket,Pantry,Ritz Sandwich Vanilla 118g,054344,$1.00,$0.85 / 100G,https://www.woolworths.com.au/shop/productdetails/54344/ritz-sandwich-vanilla,https://cdn0.woolworths.media/content/wowproductimages/medium/054344.jpg,2020-09-21 17:27:05,,0,,True
93646347-a066-4d0b-8e31-911a2bf710ae,Woolworths Supermarket,Pantry,Grinders Coffee Capsules Smooth Espresso Caffitaly System 10 pack,054354,$6.00,$0.60 / 1EA,https://www.woolworths.com.au/shop/productdetails/54354/grinders-coffee-capsules-smooth-espresso-caffitaly-system,https://cdn0.woolworths.media/content/wowproductimages/medium/054354.jpg,2020-09-21 17:27:05,,0,,True
774caab1-1026-49db-97db-424fdc5cd4c2,Woolworths Supermarket,Pantry,Continental Recipe Base Rich Beefy Mince 50g,054372,$1.60,$3.20 / 100G,https://www.woolworths.com.au/shop/productdetails/54372/continental-recipe-base-rich-beefy-mince,https://cdn0.woolworths.media/content/wowproductimages/medium/054372.jpg,2020-09-21 17:27:05,,0,2 for $3.00,True
6a50a18f-e51d-4dd2-9326-2a5cb4094ca0,Woolworths Supermarket,Pantry,Continental Recipe Base Chow Mein Mince 30g,054373,$1.60,$5.33 / 100G,https://www.woolworths.com.au/shop/productdetails/54373/continental-recipe-base-chow-mein-mince,https://cdn0.woolworths.media/content/wowproductimages/medium/054373.jpg,2020-09-21 17:27:05,,0,2 for $3.00,True
b331dd77-b934-4c97-bb67-3d4127bc4e4d,Woolworths Supermarket,Pantry,Continental Recipe Base Chilli Con Carne 40g,054375,$1.60,$4.00 / 100G,https://www.woolworths.com.au/shop/productdetails/54375/continental-recipe-base-chilli-con-carne,https://cdn0.woolworths.media/content/wowproductimages/medium/054375.jpg,2020-09-21 17:27:05,,0,2 for $3.00,True
0a41fb89-376f-449a-a22f-dca016190359,Woolworths Supermarket,Pantry,Continental Recipe Base Beef Stroganoff 40g,054381,$1.60,$4.00 / 100G,https://www.woolworths.com.au/shop/productdetails/54381/continental-recipe-base-beef-stroganoff,https://cdn0.woolworths.media/content/wowproductimages/medium/054381.jpg,2020-09-21 17:27:05,,0,2 for $3.00,True
6d033cc3-a193-4b74-a9f0-1c13c52d677e,Woolworths Supermarket,Pantry,Continental Recipe Base Mild Mince Curry 40g,054383,$1.60,$4.00 / 100G,https://www.woolworths.com.au/shop/productdetails/54383/continental-recipe-base-mild-mince-curry,https://cdn0.woolworths.media/content/wowproductimages/medium/054383.jpg,2020-09-21 17:27:05,,0,2 for $3.00,True
d0509c5f-6e5a-4ca3-a270-a533668ac7e6,Woolworths Supermarket,Pantry,Maltesers Milk Chocolate Buttons Medium Bag 120g,054405,$4.50,$3.75 / 100G,https://www.woolworths.com.au/shop/productdetails/54405/maltesers-milk-chocolate-buttons-medium-bag,https://cdn0.woolworths.media/content/wowproductimages/medium/054405.jpg,2020-09-21 17:27:05,,0,,True
76b0f60e-8a1c-4a99-93f9-a50a8aa91153,Woolworths Supermarket,Pantry,M&m's Peanut Chocolate Gift Box 460g,054406,$8.00,$1.74 / 100G,https://www.woolworths.com.au/shop/productdetails/54406/m-m-s-peanut-chocolate-gift-box,https://cdn0.woolworths.media/content/wowproductimages/medium/054406.jpg,2020-09-21 17:27:05,,0,,True
fa9e0d7c-d6ed-416f-bce8-1cb584743079,Woolworths Supermarket,Pantry,Maltesers Milk Chocolate Gift Box 400g,054407,$8.00,$2.00 / 100G,https://www.woolworths.com.au/shop/productdetails/54407/maltesers-milk-chocolate-gift-box,https://cdn0.woolworths.media/content/wowproductimages/medium/054407.jpg,2020-09-21 17:27:05,,0,,True
3f293f82-4b4f-40b1-afb7-ae9e1d02a842,Woolworths Supermarket,Pantry,Mars Chocolate Gift Celebrations Box 320g,054408,$8.00,$2.50 / 100G,https://www.woolworths.com.au/shop/productdetails/54408/mars-chocolate-gift-celebrations-box,https://cdn0.woolworths.media/content/wowproductimages/medium/054408.jpg,2020-09-21 17:27:05,,0,,True
f95c15fe-f710-492d-9d23-9c13861c7bf3,Woolworths Supermarket,Pantry,S&b Japanese Wasabi Tube Paste 43g,054429,$3.00,$6.98 / 100G,https://www.woolworths.com.au/shop/productdetails/54429/s-b-japanese-wasabi-tube-paste,https://cdn0.woolworths.media/content/wowproductimages/medium/054429.jpg,2020-09-21 17:27:05,,0,,True
ccf9aa85-6f80-481a-ada8-1188035e0c5d,Woolworths Supermarket,Pantry,Suimin Chicken Noodle Cup 70g,054624,$1.50,$2.14 / 100G,https://www.woolworths.com.au/shop/productdetails/54624/suimin-chicken-noodle-cup,https://cdn0.woolworths.media/content/wowproductimages/medium/054624.jpg,2020-09-21 17:27:05,,0,,True
2f1223b4-17b4-48b1-b0dd-46e57111ac23,Woolworths Supermarket,Pantry,Cool Pak Popcorn Butter 6 pack,054627,$3.15,$4.77 / 100G,https://www.woolworths.com.au/shop/productdetails/54627/cool-pak-popcorn-butter,https://cdn0.woolworths.media/content/wowproductimages/medium/054627.jpg,2020-09-21 17:27:05,,0,2 for $5.00,True
9cb3f44e-c669-4cb9-b8da-e2c3efda20df,Woolworths Supermarket,Pantry,Doritos Cheese Supreme Party Size 380g,054631,$7.00,$1.84 / 100G,https://www.woolworths.com.au/shop/productdetails/54631/doritos-cheese-supreme-party-size,https://cdn0.woolworths.media/content/wowproductimages/medium/054631.jpg,2020-09-21 17:27:05,,0,,True
0672c1b4-8af0-49e4-9062-616d4e97fd53,Woolworths Supermarket,Pantry,Woolworths Milk Chocolate Sultanas 190g,054640,$2.00,$1.05 / 100G,https://www.woolworths.com.au/shop/productdetails/54640/woolworths-milk-chocolate-sultanas,https://cdn0.woolworths.media/content/wowproductimages/medium/054640.jpg,2020-09-21 17:27:05,,0,,True
a9ec2ada-647c-4ca7-b267-2caab0bf4687,Woolworths Supermarket,Pantry,Woolworths Milk Chocolate Peanuts 190g,054641,$2.00,$1.05 / 100G,https://www.woolworths.com.au/shop/productdetails/54641/woolworths-milk-chocolate-peanuts,https://cdn0.woolworths.media/content/wowproductimages/medium/054641.jpg,2020-09-21 17:27:05,,0,,True
48639287-5930-458c-a32e-bb8b93aa58f3,Woolworths Supermarket,Pantry,Smith's Original Flavour Party Size 380g,054665,$7.00,$1.84 / 100G,https://www.woolworths.com.au/shop/productdetails/54665/smith-s-original-flavour-party-size,https://cdn0.woolworths.media/content/wowproductimages/medium/054665.jpg,2020-09-21 17:27:05,,0,,True
20a01dd3-b661-45a5-91ec-daf959527012,Woolworths Supermarket,Pantry,Smith's Salt & Vinegar Flavour Party Size 380g,054670,$7.00,$1.84 / 100G,https://www.woolworths.com.au/shop/productdetails/54670/smith-s-salt-vinegar-flavour-party-size,https://cdn0.woolworths.media/content/wowproductimages/medium/054670.jpg,2020-09-21 17:27:05,,0,,True
b96580f9-af21-4108-a9e0-a97486057c5c,Woolworths Supermarket,Pantry,Doritos Nacho Cheese Dip 300g,054672,$2.50,$0.83 / 100G,https://www.woolworths.com.au/shop/productdetails/54672/doritos-nacho-cheese-dip,https://cdn0.woolworths.media/content/wowproductimages/medium/054672.jpg,2020-09-21 17:27:05,,0,Was $2.99 21/05/2018,True
a9c180d6-bd0d-4985-b73f-1f8076fc72c0,Woolworths Supermarket,Pantry,Smith's Thnly Cut Bbq Rbs Chips 175g 175g,054678,$2.00,$1.14 / 100G,https://www.woolworths.com.au/shop/productdetails/54678/smith-s-thnly-cut-bbq-rbs-chips-175g,https://cdn0.woolworths.media/content/wowproductimages/medium/054678.jpg,2020-09-21 17:27:05,,0,Was $3.29 10/10/16,True
10ba5ed0-04d9-4262-ba6b-cf964da7f80a,Woolworths Supermarket,Pantry,Mamee Chinese Chicken 72g,054684,$2.30,$3.15 / 100G,https://www.woolworths.com.au/shop/productdetails/54684/mamee-chinese-chicken,https://cdn0.woolworths.media/content/wowproductimages/medium/054684.jpg,2020-09-21 17:27:05,,0,,True
e49142be-7056-4345-80fe-9452c5897c95,Woolworths Supermarket,Pantry,Woolworths Milk Chocolate Almonds 190g,054702,$2.00,$1.05 / 100G,https://www.woolworths.com.au/shop/productdetails/54702/woolworths-milk-chocolate-almonds,https://cdn0.woolworths.media/content/wowproductimages/medium/054702.jpg,2020-09-21 17:27:05,,0,,True
c7f844e5-90ea-4c0d-8712-64b048f30816,Woolworths Supermarket,Pantry,Lakanto Monkfruit Sweetener Classic 200g,054737,$8.90,$4.45 / 100G,https://www.woolworths.com.au/shop/productdetails/54737/lakanto-monkfruit-sweetener-classic,https://cdn0.woolworths.media/content/wowproductimages/medium/054737.jpg,2020-09-21 17:27:05,,0,,True
39221676-dd7e-49d8-a49f-b51033bc53ff,Woolworths Supermarket,Pantry,Lakanto Monkfruit Sweetener Golden 200g,054738,$8.90,$4.45 / 100G,https://www.woolworths.com.au/shop/productdetails/54738/lakanto-monkfruit-sweetener-golden,https://cdn0.woolworths.media/content/wowproductimages/medium/054738.jpg,2020-09-21 17:27:05,,0,,True
5f342cbe-11f3-4357-a218-77616cb3dcde,Woolworths Supermarket,Pantry,Gravox Gravy Instant Supreme Chicken 29g,054768,$1.10,$0.38 / 10G,https://www.woolworths.com.au/shop/productdetails/54768/gravox-gravy-instant-supreme-chicken,https://cdn0.woolworths.media/content/wowproductimages/medium/054768.jpg,2020-09-21 17:27:05,,0,,True
b931bc16-b792-40cd-830b-4ac19f2c3e34,Woolworths Supermarket,Pantry,Gravox Gravy Mix Supreme Roast Meat 29g,054769,$1.10,$0.38 / 10G,https://www.woolworths.com.au/shop/productdetails/54769/gravox-gravy-mix-supreme-roast-meat,https://cdn0.woolworths.media/content/wowproductimages/medium/054769.jpg,2020-09-21 17:27:05,,0,,True
74b8cee5-8a55-4ce1-b9b4-f38021d2bf4a,Woolworths Supermarket,Pantry,Fountain Satay Sauce 250ml,054778,$2.70,$1.08 / 100ML,https://www.woolworths.com.au/shop/productdetails/54778/fountain-satay-sauce,https://cdn0.woolworths.media/content/wowproductimages/medium/054778.jpg,2020-09-21 17:27:05,,0,,True
2403c28d-4526-4d17-9ed7-cf08892b7d5d,Woolworths Supermarket,Pantry,"Nice & Natural Nut Butter Bars Almond Butter With Peanuts, Coconut & Choc 5 pack",054834,$3.00,$1.71 / 100G,https://www.woolworths.com.au/shop/productdetails/54834/nice-natural-nut-butter-bars-almond-butter-with-peanuts-coconut-choc,https://cdn0.woolworths.media/content/wowproductimages/medium/054834.jpg,2020-09-21 17:27:05,,0,,True
6a887edc-9458-4985-96eb-75eeaf757374,Woolworths Supermarket,Pantry,Belvita Breakfast Duo Crunch Choc Hazelnut Flavoured Biscuits 5 pack,054839,$3.00,$1.19 / 100G,https://www.woolworths.com.au/shop/productdetails/54839/belvita-breakfast-duo-crunch-choc-hazelnut-flavoured-biscuits,https://cdn0.woolworths.media/content/wowproductimages/medium/054839.jpg,2020-09-21 17:27:05,,0,,True
f8d08168-598f-47d7-81ff-e05413278bb5,Woolworths Supermarket,Pantry,Nice & Natural Nut Butter Bars Cashew Butter With Peanuts & Dark Choc 5 pack,054840,$3.00,$1.71 / 100G,https://www.woolworths.com.au/shop/productdetails/54840/nice-natural-nut-butter-bars-cashew-butter-with-peanuts-dark-choc,https://cdn0.woolworths.media/content/wowproductimages/medium/054840.jpg,2020-09-21 17:27:05,,0,,True
421917b3-4416-4acd-98a5-6462a96ff162,Woolworths Supermarket,Pantry,Nice & Natural Nut Butter Bars Peanut Butter With Milk Choc 5 pack,054859,$3.00,,https://www.woolworths.com.au/shop/productdetails/54859/nice-natural-nut-butter-bars-peanut-butter-with-milk-choc,https://cdn0.woolworths.media/content/wowproductimages/medium/054859.jpg,2020-09-21 17:27:05,,0,,True
c6114ae0-0aec-4901-9c00-1d12b5bb2a56,Woolworths Supermarket,Pantry,Sirena Tuna In Oil Chilli 185g,054883,$4.30,$23.24 / 1KG,https://www.woolworths.com.au/shop/productdetails/54883/sirena-tuna-in-oil-chilli,https://cdn0.woolworths.media/content/wowproductimages/medium/054883.jpg,2020-09-21 17:27:05,,0,,True
23621b31-d06c-4221-b2c6-b512d290edd5,Woolworths Supermarket,Pantry,Woolworths Beetroot Wafer Crackers 100g,054932,$2.00,$2.00 / 100G,https://www.woolworths.com.au/shop/productdetails/54932/woolworths-beetroot-wafer-crackers,https://cdn0.woolworths.media/content/wowproductimages/medium/054932.jpg,2020-09-21 17:27:05,,0,,True
208ea863-fca7-433e-8dac-37b8047bf52a,Woolworths Supermarket,Pantry,Woolworths Sweet Potato & Rosemary Wafer Crackers 100g,054933,$2.00,$2.00 / 100G,https://www.woolworths.com.au/shop/productdetails/54933/woolworths-sweet-potato-rosemary-wafer-crackers,https://cdn0.woolworths.media/content/wowproductimages/medium/054933.jpg,2020-09-21 17:27:05,,0,,True
d9bed592-4cf4-4a1a-9e40-60a461864701,Woolworths Supermarket,Pantry,Local Legends Biltong Chilli 45g,054972,$4.30,$9.56 / 100G,https://www.woolworths.com.au/shop/productdetails/54972/local-legends-biltong-chilli,https://cdn0.woolworths.media/content/wowproductimages/medium/054972.jpg,2020-09-21 17:27:05,,0,,True
14396c84-bffb-4fdb-8598-2dab2536668e,Woolworths Supermarket,Pantry,Local Legends Biltong Orignal 45g,055002,$4.30,$9.56 / 100G,https://www.woolworths.com.au/shop/productdetails/55002/local-legends-biltong-orignal,https://cdn0.woolworths.media/content/wowproductimages/medium/055002.jpg,2020-09-21 17:27:05,,0,,True
e8b2374c-17bf-4d21-a029-6ee5d1389f4c,Woolworths Supermarket,Pantry,Hoyt's Ginger Ground 50g,055377,$3.50,$0.70 / 10G,https://www.woolworths.com.au/shop/productdetails/55377/hoyt-s-ginger-ground,https://cdn0.woolworths.media/content/wowproductimages/medium/055377.jpg,2020-09-21 17:27:05,,0,,True
a62d1af2-3905-4d8c-a3ea-10685a6ecd54,Woolworths Supermarket,Pantry,Red Rock Deli Deluxe Crisps Cheddar Caramelised Onion & Rosemary 135g,055379,$2.25,$1.67 / 100G,https://www.woolworths.com.au/shop/productdetails/55379/red-rock-deli-deluxe-crisps-cheddar-caramelised-onion-rosemary,https://cdn0.woolworths.media/content/wowproductimages/medium/055379.jpg,2020-09-21 17:27:05,,0,,True
4a1714c0-74c2-4946-8632-074bc3da9a87,Woolworths Supermarket,Pantry,Organic Mountain Panela 500g,055389,$5.00,$1.00 / 100G,https://www.woolworths.com.au/shop/productdetails/55389/organic-mountain-panela,https://cdn0.woolworths.media/content/wowproductimages/medium/055389.jpg,2020-09-21 17:27:05,,0,,True
f7cfbde0-eab6-4e60-a8ba-53939fcad80c,Woolworths Supermarket,Pantry,Angas Park Fruit Mix Medley 375g,055432,$8.40,$22.40 / 1KG,https://www.woolworths.com.au/shop/productdetails/55432/angas-park-fruit-mix-medley,https://cdn0.woolworths.media/content/wowproductimages/medium/055432.jpg,2020-09-21 17:27:05,,0,,True
f4a31751-1caf-4ce3-ad5f-fbb1b4283993,Woolworths Supermarket,Pantry,Red Rock Deli Deluxe Crisps Parmesan & Black Truffle Oil 135g,055446,$2.25,$1.67 / 100G,https://www.woolworths.com.au/shop/productdetails/55446/red-rock-deli-deluxe-crisps-parmesan-black-truffle-oil,https://cdn0.woolworths.media/content/wowproductimages/medium/055446.jpg,2020-09-21 17:27:05,,0,,True
443c7492-e8f6-42b5-a49f-410f186eae5c,Woolworths Supermarket,Pantry,Jumpy's Veggie Salt Multipack Chips 10 pack,055474,$5.20,$2.89 / 100G,https://www.woolworths.com.au/shop/productdetails/55474/jumpy-s-veggie-salt-multipack-chips,https://cdn0.woolworths.media/content/wowproductimages/medium/055474.jpg,2020-09-21 17:27:05,,0,,True
91fa666f-1f8c-4b4e-8b3d-360756415798,Woolworths Supermarket,Pantry,Kettle Thai Chilli & Lime Potato Chips 150g,055496,$4.65,$3.10 / 100G,https://www.woolworths.com.au/shop/productdetails/55496/kettle-thai-chilli-lime-potato-chips,https://cdn0.woolworths.media/content/wowproductimages/medium/055496.jpg,2020-09-21 17:27:05,,0,,True
2079b16e-f162-4f60-a4b0-967064594eb9,Woolworths Supermarket,Pantry,Thins Hot & Spicy Potato Chips 175g,055497,$1.75,$1.00 / 100G,https://www.woolworths.com.au/shop/productdetails/55497/thins-hot-spicy-potato-chips,https://cdn0.woolworths.media/content/wowproductimages/medium/055497.jpg,2020-09-21 17:27:05,,0,,True
a2b12e5f-0511-4dfe-b968-1dd165e99413,Woolworths Supermarket,Pantry,Madura Premium Blend Tea Bags 100pk 200g,055696,$8.30,$0.08 / 1EA,https://www.woolworths.com.au/shop/productdetails/55696/madura-premium-blend-tea-bags,https://cdn0.woolworths.media/content/wowproductimages/medium/055696.jpg,2020-09-21 17:27:05,,0,,True
3a9849f1-f317-40cd-87fb-4246c503eb41,Woolworths Supermarket,Pantry,Green's Pudding Butterscotch Sponge 260g,055855,$2.80,$1.08 / 100G,https://www.woolworths.com.au/shop/productdetails/55855/green-s-pudding-butterscotch-sponge,https://cdn0.woolworths.media/content/wowproductimages/medium/055855.jpg,2020-09-21 17:27:05,,0,,True
90b1331d-9255-4041-8260-e5c27f98df2e,Woolworths Supermarket,Pantry,Green's Pudding Chocolate Sponge 260g,055856,$2.80,$1.08 / 100G,https://www.woolworths.com.au/shop/productdetails/55856/green-s-pudding-chocolate-sponge,https://cdn0.woolworths.media/content/wowproductimages/medium/055856.jpg,2020-09-21 17:27:05,,0,,True
3c5307c6-d049-49fc-9a09-9819219e88d4,Woolworths Supermarket,Pantry,Il Molino Polenta Bramata Traditional 500g,055897,$2.80,$5.60 / 1KG,https://www.woolworths.com.au/shop/productdetails/55897/il-molino-polenta-bramata-traditional,https://cdn0.woolworths.media/content/wowproductimages/medium/055897.jpg,2020-09-21 17:27:05,,0,,True
90dc3021-c72a-4764-8a45-b7b1ad2583c8,Woolworths Supermarket,Pantry,Il Molino Instant Polenta Corn Meal 500g,055898,$3.20,$6.40 / 1KG,https://www.woolworths.com.au/shop/productdetails/55898/il-molino-instant-polenta-corn-meal,https://cdn0.woolworths.media/content/wowproductimages/medium/055898.jpg,2020-09-21 17:27:05,,0,,True
6226794a-8abf-442f-b0c4-b595c5656dca,Woolworths Supermarket,Pantry,Illy Espresso Intenso Capsules 10 pack,055910,$7.50,$0.75 / 1EA,https://www.woolworths.com.au/shop/productdetails/55910/illy-espresso-intenso-capsules,https://cdn0.woolworths.media/content/wowproductimages/medium/055910.jpg,2020-09-21 17:27:05,,0,,True
013ed9d0-9e9f-452f-8608-8dc7a2cd0a89,Woolworths Supermarket,Pantry,Illy Classico Espresso Capsules 10 pack,055934,$7.50,$0.75 / 1EA,https://www.woolworths.com.au/shop/productdetails/55934/illy-classico-espresso-capsules,https://cdn0.woolworths.media/content/wowproductimages/medium/055934.jpg,2020-09-21 17:27:05,,0,,True
61243e86-754d-4006-a536-fac82eae490c,Woolworths Supermarket,Pantry,Illy Espresso Forte Capsules 10 pack,055936,$7.50,$0.75 / 1EA,https://www.woolworths.com.au/shop/productdetails/55936/illy-espresso-forte-capsules,https://cdn0.woolworths.media/content/wowproductimages/medium/055936.jpg,2020-09-21 17:27:05,,0,,True
145c8331-6ed4-4a29-be53-7190a219893d,Woolworths Supermarket,Pantry,Byron Bay Cookies Gluten Free Dotty Cookie Bites 100g,056167,$3.00,$3.00 / 100G,https://www.woolworths.com.au/shop/productdetails/56167/byron-bay-cookies-gluten-free-dotty-cookie-bites,https://cdn0.woolworths.media/content/wowproductimages/medium/056167.jpg,2020-09-21 17:27:05,Average product rating out of 5: 5.0. Product score is based on 10 ratings,10,,True
7873c0ef-bc72-4280-9f83-b5080ecc788f,Woolworths Supermarket,Pantry,Twinings Lemon & Ginger Tea Bags 10pk 15g,056290,$2.70,$0.27 / 1EA,https://www.woolworths.com.au/shop/productdetails/56290/twinings-lemon-ginger-tea-bags,https://cdn0.woolworths.media/content/wowproductimages/medium/056290.jpg,2020-09-21 17:27:05,,0,,True
2ce73087-c49a-4ed9-a247-32f51f1e7919,Woolworths Supermarket,Pantry,Pureharvest Rice Malt Syrup 500g,056698,$3.80,$0.76 / 100G,https://www.woolworths.com.au/shop/productdetails/56698/pureharvest-rice-malt-syrup,https://cdn0.woolworths.media/content/wowproductimages/medium/056698.jpg,2020-09-21 17:27:05,,0,,True
0ca43229-9746-4a70-b81b-665f94c01b8d,Woolworths Supermarket,Pantry,Health Rite Vegetable Salt 250g,056866,$2.75,$0.11 / 10G,https://www.woolworths.com.au/shop/productdetails/56866/health-rite-vegetable-salt,https://cdn0.woolworths.media/content/wowproductimages/medium/056866.jpg,2020-09-21 17:27:05,,0,,True
b9639ecc-a5bb-4296-9832-5c2117f163c7,Woolworths Supermarket,Pantry,Cadbury Caramilk Block 180g,056949,$5.00,$2.78 / 100G,https://www.woolworths.com.au/shop/productdetails/56949/cadbury-caramilk-block,https://cdn0.woolworths.media/content/wowproductimages/medium/056949.jpg,2020-09-21 17:27:05,,0,,True
8f8fe3b3-d256-4c36-9114-318d304ba962,Woolworths Supermarket,Pantry,Pana Organic White Chocolate & Macadamia 45g,057026,$6.00,$13.33 / 100G,https://www.woolworths.com.au/shop/productdetails/57026/pana-organic-white-chocolate-macadamia,https://cdn0.woolworths.media/content/wowproductimages/medium/057026.jpg,2020-09-21 17:27:05,Average product rating out of 5: 4.8. Product score is based on 15 ratings,15,Was $7.00 24/05/2018,True
6fd9ed01-4183-4162-a70f-97d8508d9ed2,Woolworths Supermarket,Pantry,John West Tempters Tuna Chilli 95g,057053,$1.15,$12.11 / 1KG,https://www.woolworths.com.au/shop/productdetails/57053/john-west-tempters-tuna-chilli,https://cdn0.woolworths.media/content/wowproductimages/medium/057053.jpg,2020-09-21 17:27:05,,0,,True
d001045f-b42c-4c10-8960-2044491c7245,Woolworths Supermarket,Pantry,Hoyt's Oregano 60g,057055,$2.73,$0.46 / 10G,https://www.woolworths.com.au/shop/productdetails/57055/hoyt-s-oregano,https://cdn0.woolworths.media/content/wowproductimages/medium/057055.jpg,2020-09-21 17:27:05,,0,,True
02a10220-df45-44d3-b495-34c17d0a1524,Woolworths Supermarket,Pantry,Hoyt's Paprika Sweet 190g,057056,$3.80,$0.20 / 10G,https://www.woolworths.com.au/shop/productdetails/57056/hoyt-s-paprika-sweet,https://cdn0.woolworths.media/content/wowproductimages/medium/057056.jpg,2020-09-21 17:27:05,,0,,True
8bf13ddf-43bc-468d-af74-f28710ac9640,Woolworths Supermarket,Pantry,John West Tempters Tuna Onion & Tomato Savoury Sauce 95g,057070,$1.15,$12.11 / 1KG,https://www.woolworths.com.au/shop/productdetails/57070/john-west-tempters-tuna-onion-tomato-savoury-sauce,https://cdn0.woolworths.media/content/wowproductimages/medium/057070.jpg,2020-09-21 17:27:05,,0,,True
b9ec845f-6e3f-4fbd-b399-03a322824d8b,Woolworths Supermarket,Pantry,Cobs Popcorn Sea Salted Caramel Gluten Free 100g,057085,$1.42,$1.42 / 100G,https://www.woolworths.com.au/shop/productdetails/57085/cobs-popcorn-sea-salted-caramel-gluten-free,https://cdn0.woolworths.media/content/wowproductimages/medium/057085.jpg,2020-09-21 17:27:05,,0,,True
ae75a942-00c7-4248-935b-c99cd30b88a2,Woolworths Supermarket,Pantry,Natural Pink Himalayan Rock Salt Grinder 370g,057086,$5.00,$0.14 / 10G,https://www.woolworths.com.au/shop/productdetails/57086/natural-pink-himalayan-rock-salt-grinder,https://cdn0.woolworths.media/content/wowproductimages/medium/057086.jpg,2020-09-21 17:27:05,,0,,True
6e91e63f-c32f-4e88-b42b-a6475fc2d416,Woolworths Supermarket,Pantry,Natural Whole Black Peppercorns Grinder Refill 180g,057132,$6.00,$0.33 / 10G,https://www.woolworths.com.au/shop/productdetails/57132/natural-whole-black-peppercorns-grinder-refill,https://cdn0.woolworths.media/content/wowproductimages/medium/057132.jpg,2020-09-21 17:27:05,,0,,True
d6e76fb7-e6e9-4e5c-86dd-76c8a2d768ea,Woolworths Supermarket,Pantry,Ayam Coconut Cream 270ml,057199,$2.60,$0.96 / 100ML,https://www.woolworths.com.au/shop/productdetails/57199/ayam-coconut-cream,https://cdn0.woolworths.media/content/wowproductimages/medium/057199.jpg,2020-09-21 17:27:05,,0,,True
eab4a5a5-ec87-432a-9341-52f9a41f952e,Woolworths Supermarket,Pantry,Ayam Coconut Cream Light 270ml,057200,$2.60,$0.96 / 100ML,https://www.woolworths.com.au/shop/productdetails/57200/ayam-coconut-cream-light,https://cdn0.woolworths.media/content/wowproductimages/medium/057200.jpg,2020-09-21 17:27:05,,0,,True
27027c51-263f-41cd-9715-07eef02999e7,Woolworths Supermarket,Pantry,Angas Park Fruit Mix Salad 500g,057242,$10.00,$20.00 / 1KG,https://www.woolworths.com.au/shop/productdetails/57242/angas-park-fruit-mix-salad,https://cdn0.woolworths.media/content/wowproductimages/medium/057242.jpg,2020-09-21 17:27:05,,0,,True
ddc285a9-d199-48c5-b9f5-f6faf5443a91,Woolworths Supermarket,Pantry,Erawan Rice Stick Large 375g,057252,$2.10,$0.56 / 100G,https://www.woolworths.com.au/shop/productdetails/57252/erawan-rice-stick-large,https://cdn0.woolworths.media/content/wowproductimages/medium/057252.jpg,2020-09-21 17:27:05,,0,,True
83a99fa3-86f8-4dcc-b6f7-6d6f7fe63299,Woolworths Supermarket,Pantry,Mae Ploy Sauce Sweet Chilli 280ml,057326,$2.90,$1.04 / 100ML,https://www.woolworths.com.au/shop/productdetails/57326/mae-ploy-sauce-sweet-chilli,https://cdn0.woolworths.media/content/wowproductimages/medium/057326.jpg,2020-09-21 17:27:05,,0,,True
cb10d35b-82b9-4e80-a9e1-692e40ec0580,Woolworths Supermarket,Pantry,Cobram Estate Lemongrass & Ginger Meal Starters 375ml,057368,$7.00,$1.87 / 100ML,https://www.woolworths.com.au/shop/productdetails/57368/cobram-estate-lemongrass-ginger-meal-starters,https://cdn0.woolworths.media/content/wowproductimages/medium/057368.jpg,2020-09-21 17:27:05,,0,,True
f7469938-5482-4295-9093-33130df50a41,Woolworths Supermarket,Pantry,Green's Pancake Mix Original Shake 200g,057420,$2.40,$1.20 / 100G,https://www.woolworths.com.au/shop/productdetails/57420/green-s-pancake-mix-original-shake,https://cdn0.woolworths.media/content/wowproductimages/medium/057420.jpg,2020-09-21 17:27:05,,0,,True
60e17ac0-d78d-4bcd-83e5-9bd4d41123bc,Woolworths Supermarket,Pantry,Patak's Garlic & Coriander Naan Naan 2 pack,057430,$3.00,$1.25 / 100G,https://www.woolworths.com.au/shop/productdetails/57430/patak-s-garlic-coriander-naan-naan,https://cdn0.woolworths.media/content/wowproductimages/medium/057430.jpg,2020-09-21 17:27:05,,0,,True
cd623810-0b50-4a42-b4a2-75b3980bf18a,Woolworths Supermarket,Pantry,Patak's Sultana & Coconut Naan 2 pack,057462,$3.00,$1.25 / 100G,https://www.woolworths.com.au/shop/productdetails/57462/patak-s-sultana-coconut-naan,https://cdn0.woolworths.media/content/wowproductimages/medium/057462.jpg,2020-09-21 17:27:05,,0,,True
015e6e83-15b3-4813-8a43-ccbe1b10f137,Woolworths Supermarket,Pantry,Deliciou Bacon Seasoning Original Original 55g,057478,$5.50,$1.00 / 10G,https://www.woolworths.com.au/shop/productdetails/57478/deliciou-bacon-seasoning-original-original,https://cdn0.woolworths.media/content/wowproductimages/medium/057478.jpg,2020-09-21 17:27:05,,0,,True
e4161123-6ce2-49d3-bca7-b7fb7446fc4e,Woolworths Supermarket,Pantry,Ritz Breakz Original 250g,057563,$3.80,$1.52 / 100G,https://www.woolworths.com.au/shop/productdetails/57563/ritz-breakz-original,https://cdn0.woolworths.media/content/wowproductimages/medium/057563.jpg,2020-09-21 17:27:05,,0,,True
2c5080dc-d5b5-4da2-bfd9-b0bb50f0848c,Woolworths Supermarket,Pantry,Ritz Breakz Mediterranean Herb 250g,057564,$3.80,$1.52 / 100G,https://www.woolworths.com.au/shop/productdetails/57564/ritz-breakz-mediterranean-herb,https://cdn0.woolworths.media/content/wowproductimages/medium/057564.jpg,2020-09-21 17:27:05,,0,,True
4f2b7f6a-357b-4780-8805-dfd9314d903e,Woolworths Supermarket,Pantry,Masterfoods Marinade Teriyaki 375g,057688,$2.50,$0.67 / 100G,https://www.woolworths.com.au/shop/productdetails/57688/masterfoods-marinade-teriyaki,https://cdn0.woolworths.media/content/wowproductimages/medium/057688.jpg,2020-09-21 17:27:05,,0,Was $3.39 24/10/16,True
9d7eb235-ec3c-4149-87bb-cd2f621d45d8,Woolworths Supermarket,Pantry,Sam's Pantry Berry Baked Granola With Infused Wholegrains 450g,058250,$3.50,$0.78 / 100G,https://www.woolworths.com.au/shop/productdetails/58250/sam-s-pantry-berry-baked-granola-with-infused-wholegrains,https://cdn0.woolworths.media/content/wowproductimages/medium/058250.jpg,2020-09-21 17:27:05,Average product rating out of 5: 4.3. Product score is based on 273 ratings,273,,True
9e4e40f1-62cd-452c-90d4-cb720268f05a,Woolworths Supermarket,Pantry,Sam's Pantry Butter Baked Oats With Roasted Almonds Toasted Muesli 475g,058315,$3.50,$0.74 / 100G,https://www.woolworths.com.au/shop/productdetails/58315/sam-s-pantry-butter-baked-oats-with-roasted-almonds-toasted-muesli,https://cdn0.woolworths.media/content/wowproductimages/medium/058315.jpg,2020-09-21 17:27:05,Average product rating out of 5: 4.1. Product score is based on 290 ratings,290,,True
6c0b84cf-7526-41bc-b356-8825c5cd39ca,Woolworths Supermarket,Pantry,Sam's Pantry Honey Oat Bake With Roasted Almonds Granola 450g,058319,$3.50,$0.78 / 100G,https://www.woolworths.com.au/shop/productdetails/58319/sam-s-pantry-honey-oat-bake-with-roasted-almonds-granola,https://cdn0.woolworths.media/content/wowproductimages/medium/058319.jpg,2020-09-21 17:27:05,Average product rating out of 5: 4.3. Product score is based on 203 ratings,203,,True
9d77d5e8-a447-4a4c-8a4e-04f83aca8675,Woolworths Supermarket,Pantry,Corinthians Wafers Chocolate 350g,058444,$3.00,$0.86 / 100G,https://www.woolworths.com.au/shop/productdetails/58444/corinthians-wafers-chocolate,https://cdn0.woolworths.media/content/wowproductimages/medium/058444.jpg,2020-09-21 17:27:05,,0,,True
f1f2b295-2eb6-4ed5-8534-f0b65e2ceb0e,Woolworths Supermarket,Pantry,Lotus Biscoff Spread Crunchy 380g,058497,$5.50,$1.45 / 100G,https://www.woolworths.com.au/shop/productdetails/58497/lotus-biscoff-spread-crunchy,https://cdn0.woolworths.media/content/wowproductimages/medium/058497.jpg,2020-09-21 17:27:05,,0,,True
fa860777-a99c-4497-b7ad-4a365e318271,Woolworths Supermarket,Pantry,Essentials White Sugar 1kg,058537,$1.00,$0.10 / 100G,https://www.woolworths.com.au/shop/productdetails/58537/essentials-white-sugar,https://cdn0.woolworths.media/content/wowproductimages/medium/058537.jpg,2020-09-21 17:27:05,Average product rating out of 5: 4.9. Product score is based on 573 ratings,573,,True
aca14769-b9ed-4aae-812e-55938c4b2189,Woolworths Supermarket,Pantry,Frank's Red Hot Seasoning Blend 116g,058545,$4.50,$0.39 / 10G,https://www.woolworths.com.au/shop/productdetails/58545/frank-s-red-hot-seasoning-blend,https://cdn0.woolworths.media/content/wowproductimages/medium/058545.jpg,2020-09-21 17:27:05,,0,,True
31b29e94-8f31-4b02-9b11-6b36b14a2612,Woolworths Supermarket,Pantry,Mccormicks Grill Mates Chipotle & Garlic 40g,058546,$1.99,$0.50 / 10G,https://www.woolworths.com.au/shop/productdetails/58546/mccormicks-grill-mates-chipotle-garlic,https://cdn0.woolworths.media/content/wowproductimages/medium/058546.jpg,2020-09-21 17:27:05,,0,,True
9a58fcdc-1b67-424a-a5dc-305ca8b239de,Woolworths Supermarket,Pantry,Mccormicks Organic Garlic Powder 17g,058553,$2.50,$1.47 / 10G,https://www.woolworths.com.au/shop/productdetails/58553/mccormicks-organic-garlic-powder,https://cdn0.woolworths.media/content/wowproductimages/medium/058553.jpg,2020-09-21 17:27:05,,0,,True
6e1e865e-fec9-4993-a696-ec1b7ba4a8c3,Woolworths Supermarket,Pantry,The Spice Tailor Hyderabad Red Korma 300g,058557,$5.50,$1.83 / 100G,https://www.woolworths.com.au/shop/productdetails/58557/the-spice-tailor-hyderabad-red-korma,https://cdn0.woolworths.media/content/wowproductimages/medium/058557.jpg,2020-09-21 17:27:05,,0,,True
9cbd0062-bc1f-41e9-98d5-aa2970ac88e3,Woolworths Supermarket,Pantry,The Spice Tailor Southern Pepper Curry 300g,058558,$5.50,$1.83 / 100G,https://www.woolworths.com.au/shop/productdetails/58558/the-spice-tailor-southern-pepper-curry,https://cdn0.woolworths.media/content/wowproductimages/medium/058558.jpg,2020-09-21 17:27:05,,0,,True
f181272e-6d14-4d04-8ab0-64c1bad21324,Woolworths Supermarket,Pantry,Always Fresh Green Peppercorns 100g,058576,$3.75,$0.38 / 10G,https://www.woolworths.com.au/shop/productdetails/58576/always-fresh-green-peppercorns,https://cdn0.woolworths.media/content/wowproductimages/medium/058576.jpg,2020-09-21 17:27:05,,0,,True
cb0ba4bd-2842-48aa-a2d5-5c6493cdd033,Woolworths Supermarket,Pantry,Mitani Chicken Salt 200g,058611,$3.45,$0.17 / 10G,https://www.woolworths.com.au/shop/productdetails/58611/mitani-chicken-salt,https://cdn0.woolworths.media/content/wowproductimages/medium/058611.jpg,2020-09-21 17:27:05,,0,,True
6245a588-4282-4665-bd75-89d92db31abd,Woolworths Supermarket,Pantry,Woolworths Morello Cherries 680g,058659,$3.00,$4.41 / 1KG,https://www.woolworths.com.au/shop/productdetails/58659/woolworths-morello-cherries,https://cdn0.woolworths.media/content/wowproductimages/medium/058659.jpg,2020-09-21 17:27:05,,0,,True
84415f67-1b8b-4587-88fe-b8269ccfda31,Woolworths Supermarket,Pantry,Woolworths Savoury Nut Mix 500g,058661,$5.00,$1.00 / 100G,https://www.woolworths.com.au/shop/productdetails/58661/woolworths-savoury-nut-mix,https://cdn0.woolworths.media/content/wowproductimages/medium/058661.jpg,2020-09-21 17:27:05,,0,,True
5ba94154-2db1-494b-b922-550e51da37d3,Woolworths Supermarket,Pantry,Mary Mack's Instant Batter Mix 150g,058798,$2.50,$0.17 / 10G,https://www.woolworths.com.au/shop/productdetails/58798/mary-mack-s-instant-batter-mix,https://cdn0.woolworths.media/content/wowproductimages/medium/058798.jpg,2020-09-21 17:27:05,,0,,True
c3434966-4827-44ff-85c2-9408a0a0a0d1,Woolworths Supermarket,Pantry,Macro Organic Peeled Italian Tomatoes 400g,058895,$1.20,$3.00 / 1KG,https://www.woolworths.com.au/shop/productdetails/58895/macro-organic-peeled-italian-tomatoes,https://cdn0.woolworths.media/content/wowproductimages/medium/058895.jpg,2020-09-21 17:27:05,,0,,True
852b94b4-36e4-427c-beb6-9f7c1b4f395c,Woolworths Supermarket,Pantry,Annalisa Organically Farmed Peeled Tomatoes 400g,058915,$1.40,$3.50 / 1KG,https://www.woolworths.com.au/shop/productdetails/58915/annalisa-organically-farmed-peeled-tomatoes,https://cdn0.woolworths.media/content/wowproductimages/medium/058915.jpg,2020-09-21 17:27:05,,0,,True
379e98fb-60db-484f-9e1e-9569cfab82a2,Woolworths Supermarket,Pantry,Annalisa Organically Farmed Red Kidney Beans 400g,058916,$1.40,$0.35 / 100G,https://www.woolworths.com.au/shop/productdetails/58916/annalisa-organically-farmed-red-kidney-beans,https://cdn0.woolworths.media/content/wowproductimages/medium/058916.jpg,2020-09-21 17:27:05,,0,,True
6e502a0f-6c63-4729-a129-4471f0c08c51,Woolworths Supermarket,Pantry,Annalisa Organically Farmed Lentils 400g,058917,$1.40,$0.35 / 100G,https://www.woolworths.com.au/shop/productdetails/58917/annalisa-organically-farmed-lentils,https://cdn0.woolworths.media/content/wowproductimages/medium/058917.jpg,2020-09-21 17:27:05,,0,,True
65487b49-fc6e-4df7-83a3-a17709f5dc89,Woolworths Supermarket,Pantry,Annalisa Organically Farmed Diced Tomatoes 400g,058918,$1.40,$3.50 / 1KG,https://www.woolworths.com.au/shop/productdetails/58918/annalisa-organically-farmed-diced-tomatoes,https://cdn0.woolworths.media/content/wowproductimages/medium/058918.jpg,2020-09-21 17:27:05,,0,,True
96c6d730-d5ab-4c0b-b1bd-cb1ca58f32d4,Woolworths Supermarket,Pantry,Annalisa Organically Farmed 4 Bean Mix 400g,058919,$1.40,$0.35 / 100G,https://www.woolworths.com.au/shop/productdetails/58919/annalisa-organically-farmed-4-bean-mix,https://cdn0.woolworths.media/content/wowproductimages/medium/058919.jpg,2020-09-21 17:27:05,,0,,True
b16f9650-9dbf-4309-addc-637e26ebcb28,Woolworths Supermarket,Pantry,Annalisa Organically Farmed Chickpeas 400g,058921,$1.40,$0.35 / 100G,https://www.woolworths.com.au/shop/productdetails/58921/annalisa-organically-farmed-chickpeas,https://cdn0.woolworths.media/content/wowproductimages/medium/058921.jpg,2020-09-21 17:27:05,,0,,True
7ac0de54-042c-4f75-b9ea-6a66dd638f91,Woolworths Supermarket,Pantry,Tcc Coconut Milk Lite 400ml,058926,$1.50,$0.38 / 100ML,https://www.woolworths.com.au/shop/productdetails/58926/tcc-coconut-milk-lite,https://cdn0.woolworths.media/content/wowproductimages/medium/058926.jpg,2020-09-21 17:27:05,,0,,True
8e24466b-a141-41de-b785-429e9811a3ff,Woolworths Supermarket,Pantry,Twinings Lemon Twist Tea Bags 10pk 20g,058968,$2.70,$0.27 / 1EA,https://www.woolworths.com.au/shop/productdetails/58968/twinings-lemon-twist-tea-bags,https://cdn0.woolworths.media/content/wowproductimages/medium/058968.jpg,2020-09-21 17:27:05,,0,,True
54974125-3d98-4f81-9d0c-649b9de7e059,Woolworths Supermarket,Pantry,Twinings Pure Peppermint Tea Bags 10 pack,058970,$2.70,$0.27 / 1EA,https://www.woolworths.com.au/shop/productdetails/58970/twinings-pure-peppermint-tea-bags,https://cdn0.woolworths.media/content/wowproductimages/medium/058970.jpg,2020-09-21 17:27:05,,0,,True
78cf5c24-4d98-4f73-a826-f698cbcb224a,Woolworths Supermarket,Pantry,Annalisa Organically Farmed Black Beans 400g,058992,$1.40,$0.35 / 100G,https://www.woolworths.com.au/shop/productdetails/58992/annalisa-organically-farmed-black-beans,https://cdn0.woolworths.media/content/wowproductimages/medium/058992.jpg,2020-09-21 17:27:05,,0,,True
1e5c2989-56a4-435b-947a-ae6b3a67ebf2,Woolworths Supermarket,Pantry,Patak's Rogan Josh Curry Paste Paste 283g,059025,$5.50,$1.94 / 100G,https://www.woolworths.com.au/shop/productdetails/59025/patak-s-rogan-josh-curry-paste-paste,https://cdn0.woolworths.media/content/wowproductimages/medium/059025.jpg,2020-09-21 17:27:05,,0,,True
f58ba3bc-bb68-40bc-81e4-ddca29119648,Woolworths Supermarket,Pantry,Mccormicks Organic Ginger Powder 10g,059119,$2.50,$2.50 / 10G,https://www.woolworths.com.au/shop/productdetails/59119/mccormicks-organic-ginger-powder,https://cdn0.woolworths.media/content/wowproductimages/medium/059119.jpg,2020-09-21 17:27:05,,0,,True
6f634749-7d89-428a-ac07-b45a65eeb762,Woolworths Supermarket,Pantry,Maesri Paste Masaman Curry 114g,059121,$1.65,$1.45 / 100G,https://www.woolworths.com.au/shop/productdetails/59121/maesri-paste-masaman-curry,https://cdn0.woolworths.media/content/wowproductimages/medium/059121.jpg,2020-09-21 17:27:05,,0,,True
47c42230-023f-4c52-a65b-c8b6c1271c98,Woolworths Supermarket,Pantry,Masterfoods Parsley Flakes 4g,059265,$1.80,$4.50 / 10G,https://www.woolworths.com.au/shop/productdetails/59265/masterfoods-parsley-flakes,https://cdn0.woolworths.media/content/wowproductimages/medium/059265.jpg,2020-09-21 17:27:05,,0,,True
50192371-89ad-499a-a879-2b9b2eebfe4f,Woolworths Supermarket,Pantry,Ocean Spray Craisins Dried Cranberries Infused With Blueberry Juice 150g,059305,$3.00,$20.00 / 1KG,https://www.woolworths.com.au/shop/productdetails/59305/ocean-spray-craisins-dried-cranberries-infused-with-blueberry-juice,https://cdn0.woolworths.media/content/wowproductimages/medium/059305.jpg,2020-09-21 17:27:05,,0,,True
54893c23-5f4f-4eac-bd69-a6fbd42b6133,Woolworths Supermarket,Pantry,St.dalfour Four Fruits Spread No Added Sugar 284g,059306,$4.00,$1.41 / 100G,https://www.woolworths.com.au/shop/productdetails/59306/st-dalfour-four-fruits-spread-no-added-sugar,https://cdn0.woolworths.media/content/wowproductimages/medium/059306.jpg,2020-09-21 17:27:05,,0,,True
94e851f2-bc81-4c3d-a80b-5d19ba378cb5,Woolworths Supermarket,Pantry,Buderim Dark Chocolate Coated Ginger 150g,059315,$4.65,$31.00 / 1KG,https://www.woolworths.com.au/shop/productdetails/59315/buderim-dark-chocolate-coated-ginger,https://cdn0.woolworths.media/content/wowproductimages/medium/059315.jpg,2020-09-21 17:27:05,,0,,True
68f34dad-f0e3-4d48-96ba-6f50a3811d68,Woolworths Supermarket,Pantry,Starbucks By Nespresso Blonde Espresso Roast Coffee Pods 10 pack,059352,$6.90,$0.69 / 1EA,https://www.woolworths.com.au/shop/productdetails/59352/starbucks-by-nespresso-blonde-espresso-roast-coffee-pods,https://cdn0.woolworths.media/content/wowproductimages/medium/059352.jpg,2020-09-21 17:27:05,,0,,True
fba7292f-3eea-40e4-bf82-6cf39c7814b6,Woolworths Supermarket,Pantry,Fountain Thick Mint Sauce 250ml,059360,$2.50,$1.00 / 100ML,https://www.woolworths.com.au/shop/productdetails/59360/fountain-thick-mint-sauce,https://cdn0.woolworths.media/content/wowproductimages/medium/059360.jpg,2020-09-21 17:27:05,,0,,True
80ab77cd-7f79-4f10-8999-f530813dbe7c,Woolworths Supermarket,Pantry,Aeroplane Jelly Original Mango 85g,059407,$1.15,$1.35 / 100G,https://www.woolworths.com.au/shop/productdetails/59407/aeroplane-jelly-original-mango,https://cdn0.woolworths.media/content/wowproductimages/medium/059407.jpg,2020-09-21 17:27:05,,0,,True
6112d9b9-9318-494f-bcca-4fd744ddc85d,Woolworths Supermarket,Pantry,The Happy Snack Company Chickpeas Chocolate 5 pack,059453,$4.20,$4.20 / 100G,https://www.woolworths.com.au/shop/productdetails/59453/the-happy-snack-company-chickpeas-chocolate,https://cdn0.woolworths.media/content/wowproductimages/medium/059453.jpg,2020-09-21 17:27:05,,0,,True
07ee65ed-414a-4092-bcd5-8f3e70357cbe,Woolworths Supermarket,Pantry,Cobram Estate Garlic & Rosemary Meal Starter 375ml,059454,$7.00,$1.87 / 100ML,https://www.woolworths.com.au/shop/productdetails/59454/cobram-estate-garlic-rosemary-meal-starter,https://cdn0.woolworths.media/content/wowproductimages/medium/059454.jpg,2020-09-21 17:27:05,,0,,True
d45925e1-dddc-4c18-b635-8f46de3d26ce,Woolworths Supermarket,Pantry,The Spice Tailor Tandoori Marinade Classic 170g,059505,$5.00,$2.94 / 100G,https://www.woolworths.com.au/shop/productdetails/59505/the-spice-tailor-tandoori-marinade-classic,https://cdn0.woolworths.media/content/wowproductimages/medium/059505.jpg,2020-09-21 17:27:05,,0,,True
66b8735b-27f1-4769-ad4b-d6ff78bf90d1,Woolworths Supermarket,Pantry,The Spice Tailor Tandoori Marinade Spicy 170g,059506,$5.00,$2.94 / 100G,https://www.woolworths.com.au/shop/productdetails/59506/the-spice-tailor-tandoori-marinade-spicy,https://cdn0.woolworths.media/content/wowproductimages/medium/059506.jpg,2020-09-21 17:27:05,,0,,True
0a77613d-6d18-4239-9454-27c0259e9c9c,Woolworths Supermarket,Pantry,Buderim Ginger Bears 175g,059525,$4.50,$25.71 / 1KG,https://www.woolworths.com.au/shop/productdetails/59525/buderim-ginger-bears,https://cdn0.woolworths.media/content/wowproductimages/medium/059525.jpg,2020-09-21 17:27:05,,0,,True
e81af058-ba92-456a-a03f-53552df17573,Woolworths Supermarket,Pantry,Cobram Estate Chilli & Coriander Oil Meal Starter 375ml,059546,$7.00,$1.87 / 100ML,https://www.woolworths.com.au/shop/productdetails/59546/cobram-estate-chilli-coriander-oil-meal-starter,https://cdn0.woolworths.media/content/wowproductimages/medium/059546.jpg,2020-09-21 17:27:05,,0,,True
e7209e0c-a1dc-4c6f-8ca6-7c7a67ae1bda,Woolworths Supermarket,Pantry,Frisp Banana Crisps 15g,059549,$1.75,$116.67 / 1KG,https://www.woolworths.com.au/shop/productdetails/59549/frisp-banana-crisps,https://cdn0.woolworths.media/content/wowproductimages/medium/059549.jpg,2020-09-21 17:27:05,,0,,True
e00bad09-c36a-48c7-8851-61a390909de7,Woolworths Supermarket,Pantry,Woolworths Orange Caramelised Nut Mix 200g,059559,$7.00,$35.00 / 1KG,https://www.woolworths.com.au/shop/productdetails/59559/woolworths-orange-caramelised-nut-mix,https://cdn0.woolworths.media/content/wowproductimages/medium/059559.jpg,2020-09-21 17:27:05,,0,,True
a0f06f87-1ee9-4080-b884-9a3d56ef3c50,Woolworths Supermarket,Pantry,Arnott's Plain Scotch Finger 375g,059583,$3.50,$0.93 / 100G,https://www.woolworths.com.au/shop/productdetails/59583/arnott-s-plain-scotch-finger,https://cdn0.woolworths.media/content/wowproductimages/medium/059583.jpg,2020-09-21 17:27:05,,0,,True
4d0c2c54-baa3-4385-a67a-2c350794ec22,Woolworths Supermarket,Pantry,Hershey's Chocolate Syrup Squeeze 680g,059655,$4.00,$0.59 / 100G,https://www.woolworths.com.au/shop/productdetails/59655/hershey-s-chocolate-syrup-squeeze,https://cdn0.woolworths.media/content/wowproductimages/medium/059655.jpg,2020-09-21 17:27:05,,0,,True
f0fd6077-43aa-4004-81dd-9c7c38c0619b,Woolworths Supermarket,Pantry,Starbucks Caffe Verona Coffee Pods 10 pack,059693,$6.90,$0.69 / 1EA,https://www.woolworths.com.au/shop/productdetails/59693/starbucks-caffe-verona-coffee-pods,https://cdn0.woolworths.media/content/wowproductimages/medium/059693.jpg,2020-09-21 17:27:05,,0,,True
47a76dcc-8600-4183-b10f-b8403a5884d5,Woolworths Supermarket,Pantry,Starbucks By Nespresso Single Origin Colombia Coffee Pods 10 pack,059694,$6.90,$0.69 / 1EA,https://www.woolworths.com.au/shop/productdetails/59694/starbucks-by-nespresso-single-origin-colombia-coffee-pods,https://cdn0.woolworths.media/content/wowproductimages/medium/059694.jpg,2020-09-21 17:27:05,,0,,True
8a1702d9-15a6-4f7d-a629-d649380b15c4,Woolworths Supermarket,Pantry,Starbucks By Nespresso Single Origin Sumatra Coffee Pods 10 pack,059695,$6.90,$0.69 / 1EA,https://www.woolworths.com.au/shop/productdetails/59695/starbucks-by-nespresso-single-origin-sumatra-coffee-pods,https://cdn0.woolworths.media/content/wowproductimages/medium/059695.jpg,2020-09-21 17:27:05,,0,,True
b64644ac-2068-444e-a24e-d9a79a7681d9,Woolworths Supermarket,Pantry,Starbucks By Nespresso Espresso Roast Coffee Pods 10 pack,059704,$6.90,$0.69 / 1EA,https://www.woolworths.com.au/shop/productdetails/59704/starbucks-by-nespresso-espresso-roast-coffee-pods,https://cdn0.woolworths.media/content/wowproductimages/medium/059704.jpg,2020-09-21 17:27:05,,0,,True
afd24016-b6e8-47d4-9f75-98b6f9823a25,Woolworths Supermarket,Pantry,Starbucks By Nespresso House Blend Coffee Pods 10 pack,059706,$6.90,$0.69 / 1EA,https://www.woolworths.com.au/shop/productdetails/59706/starbucks-by-nespresso-house-blend-coffee-pods,https://cdn0.woolworths.media/content/wowproductimages/medium/059706.jpg,2020-09-21 17:27:05,,0,,True
d34cb272-eaee-41f4-a999-6155016f6c68,Woolworths Supermarket,Pantry,Extra Tropical Flavour Sugar Free Gum 27g,059765,$1.80,$6.67 / 100G,https://www.woolworths.com.au/shop/productdetails/59765/extra-tropical-flavour-sugar-free-gum,https://cdn0.woolworths.media/content/wowproductimages/medium/059765.jpg,2020-09-21 17:27:05,,0,,True
d1bf8b92-8fb1-4075-8ee1-c73cd3d216b0,Woolworths Supermarket,Pantry,Eclipse Chewy Mints Raspberry 27g,059766,$1.20,$4.44 / 100G,https://www.woolworths.com.au/shop/productdetails/59766/eclipse-chewy-mints-raspberry,https://cdn0.woolworths.media/content/wowproductimages/medium/059766.jpg,2020-09-21 17:27:05,,0,,True
e57e8ce6-8586-4946-8156-d41b8ef76cfd,Woolworths Supermarket,Pantry,Eclipse Watermelon Mints 40g,059767,$3.00,$7.50 / 100G,https://www.woolworths.com.au/shop/productdetails/59767/eclipse-watermelon-mints,https://cdn0.woolworths.media/content/wowproductimages/medium/059767.jpg,2020-09-21 17:27:05,,0,,True
de714a8a-4227-4160-8e72-6810c939a51e,Woolworths Supermarket,Pantry,Bonvit Roasted Dandelion Tea Bags 32 pack,059823,$8.00,$0.25 / 1EA,https://www.woolworths.com.au/shop/productdetails/59823/bonvit-roasted-dandelion-tea-bags,https://cdn0.woolworths.media/content/wowproductimages/medium/059823.jpg,2020-09-21 17:27:05,,0,,True
02a3a07b-bd25-461c-b3ae-5ab4a07ebe56,Woolworths Supermarket,Pantry,Heinz Burger Sauce Original 295ml,059852,$3.50,$1.19 / 100ML,https://www.woolworths.com.au/shop/productdetails/59852/heinz-burger-sauce-original,https://cdn0.woolworths.media/content/wowproductimages/medium/059852.jpg,2020-09-21 17:27:05,,0,,True
4db03a20-f363-48a1-99bd-b423458158e7,Woolworths Supermarket,Pantry,Capilano Honey Manuka Mgo 300+ Jar 250g,059911,$26.00,$10.40 / 100G,https://www.woolworths.com.au/shop/productdetails/59911/capilano-honey-manuka-mgo-300-jar,https://cdn0.woolworths.media/content/wowproductimages/medium/059911.jpg,2020-09-21 17:27:05,,0,,True
044d58ef-0d74-4075-b5f9-2c0f17f45e06,Woolworths Supermarket,Pantry,Capilano Honey Manuka Mgo 100+ Jar 250g,059921,$18.00,$7.20 / 100G,https://www.woolworths.com.au/shop/productdetails/59921/capilano-honey-manuka-mgo-100-jar,https://cdn0.woolworths.media/content/wowproductimages/medium/059921.jpg,2020-09-21 17:27:05,,0,,True
dec8a0af-57cc-48b0-bc75-b787c2b322e6,Woolworths Supermarket,Pantry,Capilano Manuka Honey Mgo 100+ 340g,059963,$24.00,$7.06 / 100G,https://www.woolworths.com.au/shop/productdetails/59963/capilano-manuka-honey-mgo-100-,https://cdn0.woolworths.media/content/wowproductimages/medium/059963.jpg,2020-09-21 17:27:05,,0,,True
d0e9c2f2-0357-42b1-90e9-00f740b04d6b,Woolworths Supermarket,Pantry,Capilano Manuka Honey Mgo 300+ 340g,059972,$30.00,$8.82 / 100G,https://www.woolworths.com.au/shop/productdetails/59972/capilano-manuka-honey-mgo-300-,https://cdn0.woolworths.media/content/wowproductimages/medium/059972.jpg,2020-09-21 17:27:05,,0,,True
5498d3da-69a4-44dd-8573-20ded299490f,Woolworths Supermarket,Pantry,Capilano Honey Yellow Box 340g,059973,$6.90,$2.03 / 100G,https://www.woolworths.com.au/shop/productdetails/59973/capilano-honey-yellow-box,https://cdn0.woolworths.media/content/wowproductimages/medium/059973.jpg,2020-09-21 17:27:05,,0,,True
09f8da3a-298b-48bd-b866-57646a5778e7,Woolworths Supermarket,Pantry,The Happy Snack Company Chickpeas Dark Choc Raspberry 5 pack,060072,$4.20,$4.20 / 100G,https://www.woolworths.com.au/shop/productdetails/60072/the-happy-snack-company-chickpeas-dark-choc-raspberry,https://cdn0.woolworths.media/content/wowproductimages/medium/060072.jpg,2020-09-21 17:27:05,Average product rating out of 5: 4.6. Product score is based on 14 ratings,14,,True
ea9d1554-8f07-46a7-a3be-96fbd0aa5216,Woolworths Supermarket,Pantry,The Happy Snack Company Chickpeas Dark Choc 5 pack,060082,$4.20,$4.20 / 100G,https://www.woolworths.com.au/shop/productdetails/60082/the-happy-snack-company-chickpeas-dark-choc,https://cdn0.woolworths.media/content/wowproductimages/medium/060082.jpg,2020-09-21 17:27:05,,0,,True
39c7a844-ae83-4538-b001-5d80dbe1dfd7,Woolworths Supermarket,Pantry,Woolworths Pumpkin Soup Cups 25g,060124,$0.80,$3.20 / 100G,https://www.woolworths.com.au/shop/productdetails/60124/woolworths-pumpkin-soup-cups,https://cdn0.woolworths.media/content/wowproductimages/medium/060124.jpg,2020-09-21 17:27:05,Average product rating out of 5: 3.9. Product score is based on 18 ratings,18,,True
3e51fe5b-1a67-4087-a505-2a91c10f7f70,Woolworths Supermarket,Pantry,Woolworths Vegetable Soup Cups 22g,060132,$0.80,$3.64 / 100G,https://www.woolworths.com.au/shop/productdetails/60132/woolworths-vegetable-soup-cups,https://cdn0.woolworths.media/content/wowproductimages/medium/060132.jpg,2020-09-21 17:27:05,Average product rating out of 5: 3.2. Product score is based on 6 ratings,6,,True
747188a3-7082-4879-a213-d4091607525c,Woolworths Supermarket,Pantry,Maltesers Truffles Gift Box 196g,060146,$14.00,$7.14 / 100G,https://www.woolworths.com.au/shop/productdetails/60146/maltesers-truffles-gift-box,https://cdn0.woolworths.media/content/wowproductimages/medium/060146.jpg,2020-09-21 17:27:05,,0,,True
3851e3e1-ac9c-4610-94e9-dba2c6364365,Woolworths Supermarket,Pantry,Olina's Parmesan & Onion Crackers 90g,060148,$4.00,$4.44 / 100G,https://www.woolworths.com.au/shop/productdetails/60148/olina-s-parmesan-onion-crackers,https://cdn0.woolworths.media/content/wowproductimages/medium/060148.jpg,2020-09-21 17:27:05,,0,,True
51319d20-6f96-4c17-a0ee-26359f510f0a,Woolworths Supermarket,Pantry,No Nasties Coconut Icy Stix 15 pack,060150,$6.50,$0.72 / 100ML,https://www.woolworths.com.au/shop/productdetails/60150/no-nasties-coconut-icy-stix,https://cdn0.woolworths.media/content/wowproductimages/medium/060150.jpg,2020-09-21 17:27:05,,0,,True
005ca242-e1aa-4723-9a53-72335ddfb52d,Woolworths Supermarket,Pantry,Pico Chocolate Mint Crisp 80g,060152,$4.00,$5.00 / 100G,https://www.woolworths.com.au/shop/productdetails/60152/pico-chocolate-mint-crisp,https://cdn0.woolworths.media/content/wowproductimages/medium/060152.jpg,2020-09-21 17:27:05,Average product rating out of 5: 4.7. Product score is based on 20 ratings,20,,True
29290d91-10f9-45e1-8ad5-bb327f2d914e,Woolworths Supermarket,Pantry,Olina's Sundried Tomato & Basil Crackers 90g,060162,$4.00,$4.44 / 100G,https://www.woolworths.com.au/shop/productdetails/60162/olina-s-sundried-tomato-basil-crackers,https://cdn0.woolworths.media/content/wowproductimages/medium/060162.jpg,2020-09-21 17:27:05,,0,,True
9e58cdec-2fb0-47e9-a2ba-a578db0c447f,Woolworths Supermarket,Pantry,Puresoul Spiced Basmati Rice 250g,060295,$3.00,$1.20 / 100G,https://www.woolworths.com.au/shop/productdetails/60295/puresoul-spiced-basmati-rice,https://cdn0.woolworths.media/content/wowproductimages/medium/060295.jpg,2020-09-21 17:27:05,,0,,True
313b82ab-a3cf-4945-943b-d2dbea7a73c2,Woolworths Supermarket,Pantry,Puresoul Chickpeas 1kg,060296,$4.00,$0.40 / 100G,https://www.woolworths.com.au/shop/productdetails/60296/puresoul-chickpeas,https://cdn0.woolworths.media/content/wowproductimages/medium/060296.jpg,2020-09-21 17:27:05,,0,,True
0b0449e0-60b9-41de-b3bb-09f6d35f2549,Woolworths Supermarket,Pantry,Puresoul Yellow Split Peas 1kg,060297,$4.00,$0.40 / 100G,https://www.woolworths.com.au/shop/productdetails/60297/puresoul-yellow-split-peas,https://cdn0.woolworths.media/content/wowproductimages/medium/060297.jpg,2020-09-21 17:27:05,,0,,True
0fd89c88-3b6c-4ee2-bb49-f47b5812c2e3,Woolworths Supermarket,Pantry,Puresoul Red Lentils Split 1kg,060307,$4.00,$0.40 / 100G,https://www.woolworths.com.au/shop/productdetails/60307/puresoul-red-lentils-split,https://cdn0.woolworths.media/content/wowproductimages/medium/060307.jpg,2020-09-21 17:27:05,,0,,True
3b54b2ef-d4b2-4aeb-9809-338eb42d44cc,Woolworths Supermarket,Pantry,Nutty Bruce Peanut Choc Nut Butter Bar 50g,060396,$3.00,$6.00 / 100G,https://www.woolworths.com.au/shop/productdetails/60396/nutty-bruce-peanut-choc-nut-butter-bar,https://cdn0.woolworths.media/content/wowproductimages/medium/060396.jpg,2020-09-21 17:27:05,Average product rating out of 5: 3.5. Product score is based on 6 ratings,6,,True
9f6933e6-22d3-423b-972d-828c043adf65,Woolworths Supermarket,Pantry,Table Of Plenty Mini Rice Cakes Triple Berry 6 pack,060425,$5.50,$6.55 / 100G,https://www.woolworths.com.au/shop/productdetails/60425/table-of-plenty-mini-rice-cakes-triple-berry,https://cdn0.woolworths.media/content/wowproductimages/medium/060425.jpg,2020-09-21 17:27:05,Average product rating out of 5: 4.8. Product score is based on 5 ratings,5,,True
806a39b6-e5c3-469e-88ea-dda0b60dfe38,Woolworths Supermarket,Pantry,Sweet Baby Ray's Honey Bbq Sauce 425ml,060469,$5.35,$1.26 / 100ML,https://www.woolworths.com.au/shop/productdetails/60469/sweet-baby-ray-s-honey-bbq-sauce,https://cdn0.woolworths.media/content/wowproductimages/medium/060469.jpg,2020-09-21 17:27:05,,0,,True
a2336921-e3ef-499e-b936-9bcf7ec0c944,Woolworths Supermarket,Pantry,Sweet Baby Ray's Sweet N Spicy Bbq Sauce 425ml,060474,$5.35,$1.26 / 100ML,https://www.woolworths.com.au/shop/productdetails/60474/sweet-baby-ray-s-sweet-n-spicy-bbq-sauce,https://cdn0.woolworths.media/content/wowproductimages/medium/060474.jpg,2020-09-21 17:27:05,,0,,True
71872996-487e-4354-8f15-7af56dc7d6d2,Woolworths Supermarket,Pantry,Bega Simply Nuts Crunchiest Peanut Butter 325g,060611,$4.00,$1.23 / 100G,https://www.woolworths.com.au/shop/productdetails/60611/bega-simply-nuts-crunchiest-peanut-butter,https://cdn0.woolworths.media/content/wowproductimages/medium/060611.jpg,2020-09-21 17:27:05,,0,,True
b949f61c-83c1-4862-917d-23a1390fa7d1,Woolworths Supermarket,Pantry,Green's Premium Chocolate Pudding 260g,060727,$4.00,$1.54 / 100G,https://www.woolworths.com.au/shop/productdetails/60727/green-s-premium-chocolate-pudding,https://cdn0.woolworths.media/content/wowproductimages/medium/060727.jpg,2020-09-21 17:27:05,,0,,True
367ebe99-161c-47e5-afd3-3773787a255f,Woolworths Supermarket,Pantry,Red Island Evoo Bbq 500ml,060808,$9.00,$1.80 / 100ML,https://www.woolworths.com.au/shop/productdetails/60808/red-island-evoo-bbq,https://cdn0.woolworths.media/content/wowproductimages/medium/060808.jpg,2020-09-21 17:27:05,,0,,True
3c331b38-6c4d-49ac-baf3-985f8b911d4a,Woolworths Supermarket,Pantry,Wallaby Nutty Bites With Sea Salt 130g,060938,$4.00,$3.08 / 100G,https://www.woolworths.com.au/shop/productdetails/60938/wallaby-nutty-bites-with-sea-salt,https://cdn0.woolworths.media/content/wowproductimages/medium/060938.jpg,2020-09-21 17:27:05,Average product rating out of 5: 4.7. Product score is based on 3 ratings,3,,True
6fa77e3f-8989-416c-b55a-ef960d685685,Woolworths Supermarket,Pantry,Shelby's Raspberry White Chocolate Cookies 120g,060939,$6.00,$5.00 / 100G,https://www.woolworths.com.au/shop/productdetails/60939/shelby-s-raspberry-white-chocolate-cookies,https://cdn0.woolworths.media/content/wowproductimages/medium/060939.jpg,2020-09-21 17:27:05,Average product rating out of 5: 4.5. Product score is based on 6 ratings,6,,True
702ab26e-dd5d-4219-a169-cb86835a349d,Woolworths Supermarket,Pantry,Weet-bix Weet-bix Protein 500g,061585,$4.50,$0.90 / 100G,https://www.woolworths.com.au/shop/productdetails/61585/weet-bix-weet-bix-protein,https://cdn0.woolworths.media/content/wowproductimages/medium/061585.jpg,2020-09-21 17:27:05,,0,,True
a6d96a91-10af-4b73-a0f5-a2e055431a48,Woolworths Supermarket,Pantry,Sanitarium Weet-bix Blends Apple & Cinnamon 450g,061643,$5.30,$1.18 / 100G,https://www.woolworths.com.au/shop/productdetails/61643/sanitarium-weet-bix-blends-apple-cinnamon,https://cdn0.woolworths.media/content/wowproductimages/medium/061643.jpg,2020-09-21 17:27:05,,0,,True
aed4d301-b9ca-45cd-884a-dbf245b9b241,Woolworths Supermarket,Pantry,Rosella Tomato Sauce Glass 580ml,061679,$3.00,$0.52 / 100ML,https://www.woolworths.com.au/shop/productdetails/61679/rosella-tomato-sauce-glass,https://cdn0.woolworths.media/content/wowproductimages/medium/061679.jpg,2020-09-21 17:27:05,,0,,True
ef004963-122f-4b94-92b1-b273c756c0fc,Woolworths Supermarket,Pantry,Frank's Red Hot Buffalo Wings 148ml,061704,$3.00,$0.20 / 10ML,https://www.woolworths.com.au/shop/productdetails/61704/frank-s-red-hot-buffalo-wings,https://cdn0.woolworths.media/content/wowproductimages/medium/061704.jpg,2020-09-21 17:27:05,,0,,True
ba84a670-bc61-4096-a988-18861831a016,Woolworths Supermarket,Pantry,Woolworths Free From Gluten Carrot Cake Mix 430g,061758,$3.40,$0.97 / 100G,https://www.woolworths.com.au/shop/productdetails/61758/woolworths-free-from-gluten-carrot-cake-mix,https://cdn0.woolworths.media/content/wowproductimages/medium/061758.jpg,2020-09-21 17:27:05,Average product rating out of 5: 4.1. Product score is based on 20 ratings,20,,True
17f6b38f-806d-4a03-ada2-8d200b889e30,Woolworths Supermarket,Pantry,Woolworths Free From Gluten Chocolate Brownie Crispy Thins 110g,061759,$4.50,$4.09 / 100G,https://www.woolworths.com.au/shop/productdetails/61759/woolworths-free-from-gluten-chocolate-brownie-crispy-thins,https://cdn0.woolworths.media/content/wowproductimages/medium/061759.jpg,2020-09-21 17:27:05,Average product rating out of 5: 2.7. Product score is based on 11 ratings,11,,True
3a565305-e60c-46ac-8236-3dc0a424f068,Woolworths Supermarket,Pantry,Macro Light & Golden Rice Malt Syrup 500g,061760,$4.00,$0.80 / 100G,https://www.woolworths.com.au/shop/productdetails/61760/macro-light-golden-rice-malt-syrup,https://cdn0.woolworths.media/content/wowproductimages/medium/061760.jpg,2020-09-21 17:27:05,Average product rating out of 5: 4.2. Product score is based on 213 ratings,213,,True
89990ba8-cbd6-415e-9482-10a9ed46eb30,Woolworths Supermarket,Pantry,Macro Rigatoni With Hemp 300g,061832,$2.60,$0.87 / 100G,https://www.woolworths.com.au/shop/productdetails/61832/macro-rigatoni-with-hemp,https://cdn0.woolworths.media/content/wowproductimages/medium/061832.jpg,2020-09-21 17:27:05,Average product rating out of 5: 3.2. Product score is based on 92 ratings,92,,True
7d5e65c3-9771-4703-820e-f8422c904b04,Woolworths Supermarket,Pantry,Macro Organic Tigernuts 200g,061834,$7.00,$3.50 / 100G,https://www.woolworths.com.au/shop/productdetails/61834/macro-organic-tigernuts,https://cdn0.woolworths.media/content/wowproductimages/medium/061834.jpg,2020-09-21 17:27:05,Average product rating out of 5: 2.6. Product score is based on 302 ratings,302,,True
82b765b5-1f7b-4abd-abf5-795ec5a74709,Woolworths Supermarket,Pantry,Macro Chocolate Orange Nuts 30g,061835,$1.00,$3.33 / 100G,https://www.woolworths.com.au/shop/productdetails/61835/macro-chocolate-orange-nuts,https://cdn0.woolworths.media/content/wowproductimages/medium/061835.jpg,2020-09-21 17:27:05,Average product rating out of 5: 3.5. Product score is based on 225 ratings,225,,True
e2935aaa-f59c-404e-b2d3-dde11d97ae4a,Woolworths Supermarket,Pantry,Macro Chipotle Crunch 30g,061837,$1.00,$3.33 / 100G,https://www.woolworths.com.au/shop/productdetails/61837/macro-chipotle-crunch,https://cdn0.woolworths.media/content/wowproductimages/medium/061837.jpg,2020-09-21 17:27:05,Average product rating out of 5: 3.8. Product score is based on 206 ratings,206,,True
a238b72d-7ce2-4fba-ae96-27c745a00ee6,Woolworths Supermarket,Pantry,Macro Organic Toasted Coconut Clusters 140g,061845,$4.00,$2.86 / 100G,https://www.woolworths.com.au/shop/productdetails/61845/macro-organic-toasted-coconut-clusters,https://cdn0.woolworths.media/content/wowproductimages/medium/061845.jpg,2020-09-21 17:27:05,Average product rating out of 5: 4.4. Product score is based on 220 ratings,220,,True
c3b86493-9eba-45d7-8718-f85565d9a289,Woolworths Supermarket,Pantry,Well Naturally No Sugar Added Chocolate Honeycomb 90g,061975,$3.50,$3.89 / 100G,https://www.woolworths.com.au/shop/productdetails/61975/well-naturally-no-sugar-added-chocolate-honeycomb,https://cdn0.woolworths.media/content/wowproductimages/medium/061975.jpg,2020-09-21 17:27:05,Average product rating out of 5: 4.4. Product score is based on 14 ratings,14,,True
08df6aab-ddb2-4448-8e67-dd3b331fd00f,Woolworths Supermarket,Pantry,Well Naturally No Sugar Added Chocolate Salted Caramel 90g,061979,$3.50,$3.89 / 100G,https://www.woolworths.com.au/shop/productdetails/61979/well-naturally-no-sugar-added-chocolate-salted-caramel,https://cdn0.woolworths.media/content/wowproductimages/medium/061979.jpg,2020-09-21 17:27:05,Average product rating out of 5: 4.2. Product score is based on 13 ratings,13,,True
d7551ed9-6b38-4064-9f7a-5c2e941e3f81,Woolworths Supermarket,Pantry,Woolworths Sunflower Oil 750ml,062000,$2.50,$0.33 / 100ML,https://www.woolworths.com.au/shop/productdetails/62000/woolworths-sunflower-oil,https://cdn0.woolworths.media/content/wowproductimages/medium/062000.jpg,2020-09-21 17:27:05,,0,,True
0399a9f7-ad65-40a3-9a8e-60dab905bf1f,Woolworths Supermarket,Pantry,Woolworths Blended Vegetable Oil 4l,062034,$8.80,$0.22 / 100ML,https://www.woolworths.com.au/shop/productdetails/62034/woolworths-blended-vegetable-oil,https://cdn0.woolworths.media/content/wowproductimages/medium/062034.jpg,2020-09-21 17:27:05,,0,,True
27fe0ce8-26d1-4f5e-a2f5-c1f5476f1d12,Woolworths Supermarket,Pantry,Woolworths Australian Canola Oil 4l,062062,$8.80,$0.22 / 100ML,https://www.woolworths.com.au/shop/productdetails/62062/woolworths-australian-canola-oil,https://cdn0.woolworths.media/content/wowproductimages/medium/062062.jpg,2020-09-21 17:27:05,,0,,True
4bb9a0de-79ed-4dee-ac2a-7679d78e953d,Woolworths Supermarket,Pantry,Nescafe Blend 43 Black Roast Instant Coffee 100g,062211,$9.40,$9.40 / 100G,https://www.woolworths.com.au/shop/productdetails/62211/nescafe-blend-43-black-roast-instant-coffee,https://cdn0.woolworths.media/content/wowproductimages/medium/062211.jpg,2020-09-21 17:27:05,,0,,True
d19105e7-b514-4945-b9fc-ccebcecd7be6,Woolworths Supermarket,Pantry,Angas Park Superblends Gut Health 200g,062248,$5.50,$27.50 / 1KG,https://www.woolworths.com.au/shop/productdetails/62248/angas-park-superblends-gut-health,https://cdn0.woolworths.media/content/wowproductimages/medium/062248.jpg,2020-09-21 17:27:05,,0,,True
53314d71-1b78-4c1f-88f6-67dc42f94237,Woolworths Supermarket,Pantry,Whittaker's Block Jelly Tip 250g,062268,$5.00,$2.00 / 100G,https://www.woolworths.com.au/shop/productdetails/62268/whittaker-s-block-jelly-tip,https://cdn0.woolworths.media/content/wowproductimages/medium/062268.jpg,2020-09-21 17:27:05,,0,,True
d007a76b-1652-4cc3-a759-0bb6d4d2afa6,Woolworths Supermarket,Pantry,Nutty Bruce Peanut Caramel Butter Bar 50g,062297,$3.00,$6.00 / 100G,https://www.woolworths.com.au/shop/productdetails/62297/nutty-bruce-peanut-caramel-butter-bar,https://cdn0.woolworths.media/content/wowproductimages/medium/062297.jpg,2020-09-21 17:27:05,Average product rating out of 5: 4.7. Product score is based on 3 ratings,3,,True
eb99a419-a0c8-4c60-887a-6a314197a426,Woolworths Supermarket,Pantry,Violet Crumble Bites 180g,062318,$4.40,$2.44 / 100G,https://www.woolworths.com.au/shop/productdetails/62318/violet-crumble-bites,https://cdn0.woolworths.media/content/wowproductimages/medium/062318.jpg,2020-09-21 17:27:05,,0,,True
b0098948-5a28-419b-bd2d-4ce48382d0e3,Woolworths Supermarket,Pantry,Darrell Lea Raspberry Liquorice Block Milk Chocolate Block 180g,062550,$3.00,$1.67 / 100G,https://www.woolworths.com.au/shop/productdetails/62550/darrell-lea-raspberry-liquorice-block-milk-chocolate-block,https://cdn0.woolworths.media/content/wowproductimages/medium/062550.jpg,2020-09-21 17:27:05,,0,,True
29a0c01d-875a-4ca1-8c34-92462a2ce3e0,Woolworths Supermarket,Pantry,Goodnessme Fruit Sticks Strawberry & Blueberry Duo 8 pack,062660,$3.00,$2.50 / 100G,https://www.woolworths.com.au/shop/productdetails/62660/goodnessme-fruit-sticks-strawberry-blueberry-duo,https://cdn0.woolworths.media/content/wowproductimages/medium/062660.jpg,2020-09-21 17:27:05,,0,,True
9dc0f3ea-85ba-47b7-bba1-ef6e87e9eee5,Woolworths Supermarket,Pantry,Goodnessme Fruit Nuggets Raspberry & Blueberry Duo 8 pack,062661,$3.00,$2.50 / 100G,https://www.woolworths.com.au/shop/productdetails/62661/goodnessme-fruit-nuggets-raspberry-blueberry-duo,https://cdn0.woolworths.media/content/wowproductimages/medium/062661.jpg,2020-09-21 17:27:05,,0,,True
a3aef307-a85f-46d3-a528-725ec874090e,Woolworths Supermarket,Pantry,Trident Chilli Sauce Sweet Chilli 730ml,062664,$4.30,$0.59 / 100ML,https://www.woolworths.com.au/shop/productdetails/62664/trident-chilli-sauce-sweet-chilli,https://cdn0.woolworths.media/content/wowproductimages/medium/062664.jpg,2020-09-21 17:27:05,,0,,True
1345cc0a-a267-4026-b799-54bfb4a4ee99,Woolworths Supermarket,Pantry,Well Naturally No Sugar Added Chocolate Hazelnut 90g,062675,$3.50,$3.89 / 100G,https://www.woolworths.com.au/shop/productdetails/62675/well-naturally-no-sugar-added-chocolate-hazelnut,https://cdn0.woolworths.media/content/wowproductimages/medium/062675.jpg,2020-09-21 17:27:05,Average product rating out of 5: 3.6. Product score is based on 10 ratings,10,,True
68465418-33c7-4ecb-be5f-93813616b9d7,Woolworths Supermarket,Pantry,Fantastic Chicken Noodle Cup 70g,062735,$1.00,$1.43 / 100G,https://www.woolworths.com.au/shop/productdetails/62735/fantastic-chicken-noodle-cup,https://cdn0.woolworths.media/content/wowproductimages/medium/062735.jpg,2020-09-21 17:27:05,,0,,True
919b4f3a-0c41-431e-986e-ce7160efc464,Woolworths Supermarket,Pantry,Fantastic Beef Noodle Cup 70g,062747,$1.00,$1.43 / 100G,https://www.woolworths.com.au/shop/productdetails/62747/fantastic-beef-noodle-cup,https://cdn0.woolworths.media/content/wowproductimages/medium/062747.jpg,2020-09-21 17:27:05,,0,,True
225d16b3-8c1a-4be2-9533-7cdce6db64bc,Woolworths Supermarket,Pantry,Pico Chocolate Hazelnut Milk 80g,062775,$4.00,$5.00 / 100G,https://www.woolworths.com.au/shop/productdetails/62775/pico-chocolate-hazelnut-milk,https://cdn0.woolworths.media/content/wowproductimages/medium/062775.jpg,2020-09-21 17:27:05,Average product rating out of 5: 4.9. Product score is based on 25 ratings,25,,True
1505997f-4642-4a10-abe7-2c6d49e1db46,Woolworths Supermarket,Pantry,Vege Chips Natural 100g,062842,$3.80,$3.80 / 100G,https://www.woolworths.com.au/shop/productdetails/62842/vege-chips-natural,https://cdn0.woolworths.media/content/wowproductimages/medium/062842.jpg,2020-09-21 17:27:05,Average product rating out of 5: 4.7. Product score is based on 69 ratings,69,,True
681c86eb-1f8f-405c-91d9-129ba4c77160,Woolworths Supermarket,Pantry,Kez's Kitchen Salted Caramel & Pretzel Florentines 150g,062855,$7.00,$4.67 / 100G,https://www.woolworths.com.au/shop/productdetails/62855/kez-s-kitchen-salted-caramel-pretzel-florentines,https://cdn0.woolworths.media/content/wowproductimages/medium/062855.jpg,2020-09-21 17:27:05,Average product rating out of 5: 4.1. Product score is based on 8 ratings,8,,True
f99a5964-38bd-49f2-ab04-d764530973cc,Woolworths Supermarket,Pantry,Continental Rice Oriental 115g,062965,$2.10,$1.83 / 100G,https://www.woolworths.com.au/shop/productdetails/62965/continental-rice-oriental,https://cdn0.woolworths.media/content/wowproductimages/medium/062965.jpg,2020-09-21 17:27:05,,0,,True
1fdd2c03-a46a-4544-a13a-c81035f4fcb3,Woolworths Supermarket,Pantry,Blu Gourmet Pearl Couscous 400g,062992,$5.00,$1.25 / 100G,https://www.woolworths.com.au/shop/productdetails/62992/blu-gourmet-pearl-couscous,https://cdn0.woolworths.media/content/wowproductimages/medium/062992.jpg,2020-09-21 17:27:05,,0,,True
75d72a23-b1ae-41f6-a117-37ed27478c7b,Woolworths Supermarket,Pantry,Angas Park Superblends Energy Boost 200g,062995,$5.50,$27.50 / 1KG,https://www.woolworths.com.au/shop/productdetails/62995/angas-park-superblends-energy-boost,https://cdn0.woolworths.media/content/wowproductimages/medium/062995.jpg,2020-09-21 17:27:05,,0,,True
0af08635-6d43-4d80-a8c1-b75a05f46ea4,Woolworths Supermarket,Pantry,La Gina Italian Tomato Paste Passata 680g,063005,$1.50,$0.22 / 100G,https://www.woolworths.com.au/shop/productdetails/63005/la-gina-italian-tomato-paste-passata,https://cdn0.woolworths.media/content/wowproductimages/medium/063005.jpg,2020-09-21 17:27:05,Average product rating out of 5: 4.7. Product score is based on 32 ratings,32,,True
ea1a9bdb-d53f-4dca-8269-c81c7ee15560,Woolworths Supermarket,Pantry,Twinings Green Tea Bags 10pk 15g,063010,$2.70,$0.27 / 1EA,https://www.woolworths.com.au/shop/productdetails/63010/twinings-green-tea-bags,https://cdn0.woolworths.media/content/wowproductimages/medium/063010.jpg,2020-09-21 17:27:05,,0,,True
d979aa39-b3bb-4413-84b1-037c2915d815,Woolworths Supermarket,Pantry,Bonne Maman Strawberry Conserve 370g,063040,$5.20,$1.41 / 100G,https://www.woolworths.com.au/shop/productdetails/63040/bonne-maman-strawberry-conserve,https://cdn0.woolworths.media/content/wowproductimages/medium/063040.jpg,2020-09-21 17:27:05,,0,,True
41868f37-542d-433d-8eb8-8ba653c1cb58,Woolworths Supermarket,Pantry,Bonne Maman Apricot Jam 370g,063083,$5.20,$1.41 / 100G,https://www.woolworths.com.au/shop/productdetails/63083/bonne-maman-apricot-jam,https://cdn0.woolworths.media/content/wowproductimages/medium/063083.jpg,2020-09-21 17:27:05,,0,,True
f087b513-584d-44eb-81e9-45b22483ffe7,Woolworths Supermarket,Pantry,Messy Monkeys Cereal Honey Buzz 240g,063328,$4.00,$1.67 / 100G,https://www.woolworths.com.au/shop/productdetails/63328/messy-monkeys-cereal-honey-buzz,https://cdn0.woolworths.media/content/wowproductimages/medium/063328.jpg,2020-09-21 17:27:05,,0,,True
0c829e7f-762a-4f32-ba99-6954ef3f1e80,Woolworths Supermarket,Pantry,Messy Monkey Messy Monkeys Cereal Berry Shake 240g,063330,$4.00,$1.67 / 100G,https://www.woolworths.com.au/shop/productdetails/63330/messy-monkey-messy-monkeys-cereal-berry-shake,https://cdn0.woolworths.media/content/wowproductimages/medium/063330.jpg,2020-09-21 17:27:05,,0,,True
07f8862e-c47d-4413-9912-90a8214a5d2b,Woolworths Supermarket,Pantry,Messy Monkey Messy Monkeys Cereal Choch Crunch 240g,063372,$4.00,$1.67 / 100G,https://www.woolworths.com.au/shop/productdetails/63372/messy-monkey-messy-monkeys-cereal-choch-crunch,https://cdn0.woolworths.media/content/wowproductimages/medium/063372.jpg,2020-09-21 17:27:05,,0,,True
ddaf1bdb-c73d-40d1-9c4f-ce429945d614,Woolworths Supermarket,Pantry,Shelby's Salted Caramel Peanut Butter & Dark Choc Bar 40g,063435,$3.00,$7.50 / 100G,https://www.woolworths.com.au/shop/productdetails/63435/shelby-s-salted-caramel-peanut-butter-dark-choc-bar,https://cdn0.woolworths.media/content/wowproductimages/medium/063435.jpg,2020-09-21 17:27:05,Average product rating out of 5: 4.7. Product score is based on 3 ratings,3,,True
35b88f39-a47e-44fa-895d-77a78dcf7384,Woolworths Supermarket,Pantry,Health Lab Kids Choc Bliss Bites 150g,063445,$4.50,$3.00 / 100G,https://www.woolworths.com.au/shop/productdetails/63445/health-lab-kids-choc-bliss-bites,https://cdn0.woolworths.media/content/wowproductimages/medium/063445.jpg,2020-09-21 17:27:05,Average product rating out of 5: 5.0. Product score is based on 11 ratings,11,,True
b758ffa3-ae98-49a4-874f-f2138e189059,Woolworths Supermarket,Pantry,Go Natural Probiotic Chips Salt Vinegar 100g,063505,$2.50,$2.50 / 100G,https://www.woolworths.com.au/shop/productdetails/63505/go-natural-probiotic-chips-salt-vinegar,https://cdn0.woolworths.media/content/wowproductimages/medium/063505.jpg,2020-09-21 17:27:05,Average product rating out of 5: 3.5. Product score is based on 6 ratings,6,,True
78d70df7-7a8d-44c9-8a15-d8c9b8a38a3e,Woolworths Supermarket,Pantry,Go Natural Hiprotein Mixed Berry Bar 60g,063506,$2.00,$3.33 / 100G,https://www.woolworths.com.au/shop/productdetails/63506/go-natural-hiprotein-mixed-berry-bar,https://cdn0.woolworths.media/content/wowproductimages/medium/063506.jpg,2020-09-21 17:27:05,,0,,True
8df9cf74-efce-4351-8136-d4d5e06bc999,Woolworths Supermarket,Pantry,Go Natural Probiotic Chips Chilli Lime 100g,063574,$2.50,$2.50 / 100G,https://www.woolworths.com.au/shop/productdetails/63574/go-natural-probiotic-chips-chilli-lime,https://cdn0.woolworths.media/content/wowproductimages/medium/063574.jpg,2020-09-21 17:27:05,Average product rating out of 5: 5.0. Product score is based on 3 ratings,3,,True
0aa72b8e-5137-4625-9653-00c6ac2c9d35,Woolworths Supermarket,Pantry,Betty Crocker Chocolate Hazelnut Frosting 400g,063588,$4.00,$1.00 / 100G,https://www.woolworths.com.au/shop/productdetails/63588/betty-crocker-chocolate-hazelnut-frosting,https://cdn0.woolworths.media/content/wowproductimages/medium/063588.jpg,2020-09-21 17:27:05,,0,,True
c61181da-20fb-4fb9-873d-e5be20b2a0dd,Woolworths Supermarket,Pantry,Woolworths Basmati Rice Microwave Cup 2 x125g,063665,$2.00,$0.80 / 100G,https://www.woolworths.com.au/shop/productdetails/63665/woolworths-basmati-rice-microwave-cup,https://cdn0.woolworths.media/content/wowproductimages/medium/063665.jpg,2020-09-21 17:27:05,Average product rating out of 5: 4.2. Product score is based on 295 ratings,295,,True
837025ad-18de-4b24-94cf-1f36d7a8a10d,Woolworths Supermarket,Pantry,Saxa Iodised Table Salt 125g,063667,$2.00,$0.16 / 10G,https://www.woolworths.com.au/shop/productdetails/63667/saxa-iodised-table-salt,https://cdn0.woolworths.media/content/wowproductimages/medium/063667.jpg,2020-09-21 17:27:05,,0,,True
feac72f2-a8ca-4eb1-9c5f-ac39d29d9244,Woolworths Supermarket,Pantry,Wallaby Nutty Bites Vanilla 130g,063694,$4.00,$3.08 / 100G,https://www.woolworths.com.au/shop/productdetails/63694/wallaby-nutty-bites-vanilla,https://cdn0.woolworths.media/content/wowproductimages/medium/063694.jpg,2020-09-21 17:27:05,Average product rating out of 5: 4.4. Product score is based on 5 ratings,5,,True
803ae59a-b97a-4ce5-b2c4-652bfcfc83bc,Woolworths Supermarket,Pantry,Go Natural Hiprotein Almond Apricot Bar 60g,063696,$2.00,$3.33 / 100G,https://www.woolworths.com.au/shop/productdetails/63696/go-natural-hiprotein-almond-apricot-bar,https://cdn0.woolworths.media/content/wowproductimages/medium/063696.jpg,2020-09-21 17:27:05,,0,,True
71f22526-1df6-4ee5-adc0-2f090ea4a139,Woolworths Supermarket,Pantry,The Bar Counter Good Fats Protein Bar Chocolate Cranberry 40g,063774,$2.00,$5.00 / 100G,https://www.woolworths.com.au/shop/productdetails/63774/the-bar-counter-good-fats-protein-bar-chocolate-cranberry,https://cdn0.woolworths.media/content/wowproductimages/medium/063774.jpg,2020-09-21 17:27:05,Average product rating out of 5: 5.0. Product score is based on 1 ratings,1,,True
19ee0285-7e5e-475b-981f-951f153cb7a3,Woolworths Supermarket,Pantry,Gullon No Added Sugar Chocolate Cream Biscuit 250g,063816,$4.40,$1.76 / 100G,https://www.woolworths.com.au/shop/productdetails/63816/gullon-no-added-sugar-chocolate-cream-biscuit,https://cdn0.woolworths.media/content/wowproductimages/medium/063816.jpg,2020-09-21 17:27:05,Average product rating out of 5: 4.7. Product score is based on 3 ratings,3,,True
9ae45e92-e468-4fa5-8b95-140bef90a688,Woolworths Supermarket,Pantry,Passage To Asia Chinese Hoisin Stir Fry Sauce 200g,063925,$2.50,$1.25 / 100G,https://www.woolworths.com.au/shop/productdetails/63925/passage-to-asia-chinese-hoisin-stir-fry-sauce,https://cdn0.woolworths.media/content/wowproductimages/medium/063925.jpg,2020-09-21 17:27:05,,0,Was $2.99 22/08/2016,True
de5c5f86-7d4c-4df7-a8d5-bc9f408e1045,Woolworths Supermarket,Pantry,Safcol Tuna Pouch Lentils & Black Rice 160g,063966,$2.80,$17.50 / 1KG,https://www.woolworths.com.au/shop/productdetails/63966/safcol-tuna-pouch-lentils-black-rice,https://cdn0.woolworths.media/content/wowproductimages/medium/063966.jpg,2020-09-21 17:27:05,,0,,True
b38103f3-8f91-4f7e-bf42-d928b49015bd,Woolworths Supermarket,Pantry,Safcol Tuna Pouch Red Beans & Quinoa 160g,063967,$2.80,$17.50 / 1KG,https://www.woolworths.com.au/shop/productdetails/63967/safcol-tuna-pouch-red-beans-quinoa,https://cdn0.woolworths.media/content/wowproductimages/medium/063967.jpg,2020-09-21 17:27:05,,0,,True
220b459e-d8ff-43b7-9870-f281e545e507,Woolworths Supermarket,Pantry,Sriracha Hot Chilli Sauce Ketchup 567g,063974,$5.40,$0.95 / 100G,https://www.woolworths.com.au/shop/productdetails/63974/sriracha-hot-chilli-sauce-ketchup,https://cdn0.woolworths.media/content/wowproductimages/medium/063974.jpg,2020-09-21 17:27:05,,0,,True
878ed91a-9166-4f8a-89ea-d3856b696e72,Woolworths Supermarket,Pantry,Sandhurst Capsicum Chargrilled 260g,064075,$5.00,$19.23 / 1KG,https://www.woolworths.com.au/shop/productdetails/64075/sandhurst-capsicum-chargrilled,https://cdn0.woolworths.media/content/wowproductimages/medium/064075.jpg,2020-09-21 17:27:05,,0,,True
28e7ab0a-d798-4989-9d5f-08098a5d6e0e,Woolworths Supermarket,Pantry,Dairylea Cheestik Sticks 240g,064076,$5.60,$23.33 / 1KG,https://www.woolworths.com.au/shop/productdetails/64076/dairylea-cheestik-sticks,https://cdn0.woolworths.media/content/wowproductimages/medium/064076.jpg,2020-09-21 17:27:05,,0,,True
fe52a6b6-f4c0-41a3-90f3-441bcc6973c2,Woolworths Supermarket,Pantry,Australian Organic Food Co Classic Tomato Passata 500g,064129,$4.00,$0.80 / 100G,https://www.woolworths.com.au/shop/productdetails/64129/australian-organic-food-co-classic-tomato-passata,https://cdn0.woolworths.media/content/wowproductimages/medium/064129.jpg,2020-09-21 17:27:05,,0,,True
fc906de8-cbe8-473b-906a-fd1b7a338642,Woolworths Supermarket,Pantry,Carman's Deluxe Muesli Almond & Maple 400g,064137,$5.00,$1.25 / 100G,https://www.woolworths.com.au/shop/productdetails/64137/carman-s-deluxe-muesli-almond-maple,https://cdn0.woolworths.media/content/wowproductimages/medium/064137.jpg,2020-09-21 17:27:05,,0,,True
4e363f91-523a-44d6-bab5-02c406519f2b,Woolworths Supermarket,Pantry,Carman's Oat Clusters Grains & Coconut 750g,064138,$8.00,$1.07 / 100G,https://www.woolworths.com.au/shop/productdetails/64138/carman-s-oat-clusters-grains-coconut,https://cdn0.woolworths.media/content/wowproductimages/medium/064138.jpg,2020-09-21 17:27:05,,0,Was $9.00 09/07/2018,True
9f073b50-92bf-47cd-88d0-2413c8864fab,Woolworths Supermarket,Pantry,Sirena Tuna Tomato & Basil 95g,064139,$2.70,$28.42 / 1KG,https://www.woolworths.com.au/shop/productdetails/64139/sirena-tuna-tomato-basil,https://cdn0.woolworths.media/content/wowproductimages/medium/064139.jpg,2020-09-21 17:27:05,,0,,True
d2dd7435-e0ea-47ee-b2b5-f9ef098b2ecd,Woolworths Supermarket,Pantry,Carman's Oat Clusters Vanilla Cinnamon 750g,064167,$8.00,$1.07 / 100G,https://www.woolworths.com.au/shop/productdetails/64167/carman-s-oat-clusters-vanilla-cinnamon,https://cdn0.woolworths.media/content/wowproductimages/medium/064167.jpg,2020-09-21 17:27:05,,0,Was $9.00 09/07/2018,True
af5a3471-9355-4b77-bfbe-8e411fee8259,Woolworths Supermarket,Pantry,Sirena Tuna In Garlic 95g,064169,$2.70,$28.42 / 1KG,https://www.woolworths.com.au/shop/productdetails/64169/sirena-tuna-in-garlic,https://cdn0.woolworths.media/content/wowproductimages/medium/064169.jpg,2020-09-21 17:27:05,,0,,True
c5e99fdb-9a51-4b27-9dcd-4f26115d3c51,Woolworths Supermarket,Pantry,Sirena Tuna In Onion 95g,064212,$2.70,$28.42 / 1KG,https://www.woolworths.com.au/shop/productdetails/64212/sirena-tuna-in-onion,https://cdn0.woolworths.media/content/wowproductimages/medium/064212.jpg,2020-09-21 17:27:05,,0,,True
7d71de77-7ab7-4df0-b97d-b04409429474,Woolworths Supermarket,Pantry,Orgran Beetroot And Turmeric Wafer Crackers 100g,064243,$3.90,$3.90 / 100G,https://www.woolworths.com.au/shop/productdetails/64243/orgran-beetroot-and-turmeric-wafer-crackers,https://cdn0.woolworths.media/content/wowproductimages/medium/064243.jpg,2020-09-21 17:27:05,Average product rating out of 5: 4.5. Product score is based on 2 ratings,2,,True
57f108db-7866-4c07-a085-95d73e001aa1,Woolworths Supermarket,Pantry,Huy Fong Sriracha Salsa Hot 439g,064800,$6.00,$1.37 / 100G,https://www.woolworths.com.au/shop/productdetails/64800/huy-fong-sriracha-salsa-hot,https://cdn0.woolworths.media/content/wowproductimages/medium/064800.jpg,2020-09-21 17:27:05,,0,,True
34d136dd-89ca-4c30-9b5f-9c47492f9749,Woolworths Supermarket,Pantry,Woolworths Tuna Laksa 95g,064837,$0.90,$9.47 / 1KG,https://www.woolworths.com.au/shop/productdetails/64837/woolworths-tuna-laksa,https://cdn0.woolworths.media/content/wowproductimages/medium/064837.jpg,2020-09-21 17:27:05,,0,,True
8c820b01-0933-4531-9fa7-3f0717d343bb,Woolworths Supermarket,Pantry,Woolworths Tuna Spicy Mayo 74g,064838,$1.50,$20.27 / 1KG,https://www.woolworths.com.au/shop/productdetails/64838/woolworths-tuna-spicy-mayo,https://cdn0.woolworths.media/content/wowproductimages/medium/064838.jpg,2020-09-21 17:27:05,,0,,True
cef4236f-3bf4-4fef-abb7-d2bf7b6ca27c,Woolworths Supermarket,Pantry,Woolworths Tuna Hot Buffalo Style 74g,064840,$1.50,$20.27 / 1KG,https://www.woolworths.com.au/shop/productdetails/64840/woolworths-tuna-hot-buffalo-style,https://cdn0.woolworths.media/content/wowproductimages/medium/064840.jpg,2020-09-21 17:27:05,,0,,True
a68c1c22-d00a-4c72-a48d-78426fc1f612,Woolworths Supermarket,Pantry,Old El Paso Mexican Reduced Salt Taco Spice Mix 30g,065083,$2.00,$6.67 / 100G,https://www.woolworths.com.au/shop/productdetails/65083/old-el-paso-mexican-reduced-salt-taco-spice-mix,https://cdn0.woolworths.media/content/wowproductimages/medium/065083.jpg,2020-09-21 17:27:05,,0,,True
a08c9e54-8b04-4e13-9c49-865814e008d2,Woolworths Supermarket,Pantry,Old El Paso Mexican Chunky Tomato Salsa Dip Mild 300g,065086,$2.55,$0.85 / 100G,https://www.woolworths.com.au/shop/productdetails/65086/old-el-paso-mexican-chunky-tomato-salsa-dip-mild,https://cdn0.woolworths.media/content/wowproductimages/medium/065086.jpg,2020-09-21 17:27:05,,0,,True
4069e59a-8d5e-4631-b098-b7463a5b9b40,Woolworths Supermarket,Pantry,Tasti Smooshed Protein Balls Dark Cacao Brownie 69g,065162,$3.30,$4.78 / 100G,https://www.woolworths.com.au/shop/productdetails/65162/tasti-smooshed-protein-balls-dark-cacao-brownie,https://cdn0.woolworths.media/content/wowproductimages/medium/065162.jpg,2020-09-21 17:27:05,Average product rating out of 5: 4.9. Product score is based on 7 ratings,7,,True
c69e9e78-5ddc-4c84-b547-b6c6f6646a68,Woolworths Supermarket,Pantry,Kellogg's Hershey's Chocolatey Bites Cereal 380g,065267,$5.50,$1.45 / 100G,https://www.woolworths.com.au/shop/productdetails/65267/kellogg-s-hershey-s-chocolatey-bites-cereal,https://cdn0.woolworths.media/content/wowproductimages/medium/065267.jpg,2020-09-21 17:27:05,,0,,True
e5044413-9b33-4908-9163-6155eba6dce3,Woolworths Supermarket,Pantry,Cadbury Twirl Caramilk 39g,065270,$1.00,$2.56 / 100G,https://www.woolworths.com.au/shop/productdetails/65270/cadbury-twirl-caramilk,https://cdn0.woolworths.media/content/wowproductimages/medium/065270.jpg,2020-09-21 17:27:05,,0,,True
8a656ca2-e372-4a49-b8db-5550d784c684,Woolworths Supermarket,Pantry,Cadbury Peppermint Bar 55g,065271,$1.00,$1.82 / 100G,https://www.woolworths.com.au/shop/productdetails/65271/cadbury-peppermint-bar,https://cdn0.woolworths.media/content/wowproductimages/medium/065271.jpg,2020-09-21 17:27:05,,0,,True
63cdbb0e-ff55-4465-b27d-5ea475e0fd17,Woolworths Supermarket,Pantry,Mamee Monster Rice Stick Chicken Flavour 200g,065424,$4.75,$2.38 / 100G,https://www.woolworths.com.au/shop/productdetails/65424/mamee-monster-rice-stick-chicken-flavour,https://cdn0.woolworths.media/content/wowproductimages/medium/065424.jpg,2020-09-21 17:27:05,Average product rating out of 5: 2.4. Product score is based on 14 ratings,14,,True
733b54a7-e2a2-428f-9b87-68da83c2179d,Woolworths Supermarket,Pantry,Vege Chips Rice Crackers Cheese 75g,065464,$3.80,$5.07 / 100G,https://www.woolworths.com.au/shop/productdetails/65464/vege-chips-rice-crackers-cheese,https://cdn0.woolworths.media/content/wowproductimages/medium/065464.jpg,2020-09-21 17:27:05,Average product rating out of 5: 4.1. Product score is based on 16 ratings,16,,True
57328251-64fc-4fa4-99d2-18e2ada6a8c7,Woolworths Supermarket,Pantry,Vege Chips Rice Crackers Sour Cream & Chives 75g,065466,$3.80,$5.07 / 100G,https://www.woolworths.com.au/shop/productdetails/65466/vege-chips-rice-crackers-sour-cream-chives,https://cdn0.woolworths.media/content/wowproductimages/medium/065466.jpg,2020-09-21 17:27:05,Average product rating out of 5: 4.8. Product score is based on 21 ratings,21,,True
0e6638dc-b572-4c32-8795-ec0a48c1c9ac,Woolworths Supermarket,Pantry,Edgell Snack Time Chickpea Olive Oil Garlic & Rosemary 70g,065617,$1.30,$1.86 / 100G,https://www.woolworths.com.au/shop/productdetails/65617/edgell-snack-time-chickpea-olive-oil-garlic-rosemary,https://cdn0.woolworths.media/content/wowproductimages/medium/065617.jpg,2020-09-21 17:27:05,,0,,True
f6cf70a3-0ae0-4ba7-b0f3-505615951ea7,Woolworths Supermarket,Pantry,Edgell Snack Time Chickpeas With Zesty Vinaigrette 70g,065618,$1.30,$1.86 / 100G,https://www.woolworths.com.au/shop/productdetails/65618/edgell-snack-time-chickpeas-with-zesty-vinaigrette,https://cdn0.woolworths.media/content/wowproductimages/medium/065618.jpg,2020-09-21 17:27:05,,0,,True
a70b02fa-85b2-4482-9415-51cdd2b956f9,Woolworths Supermarket,Pantry,Edgell Snack Time Chickpeas With Olive Oil & Sea Salt 70g,065619,$1.30,$1.86 / 100G,https://www.woolworths.com.au/shop/productdetails/65619/edgell-snack-time-chickpeas-with-olive-oil-sea-salt,https://cdn0.woolworths.media/content/wowproductimages/medium/065619.jpg,2020-09-21 17:27:05,,0,,True
5d971a38-8358-4724-92d4-bdc43b26ecf1,Woolworths Supermarket,Pantry,Edgell Snack Time Red Kidney Bean & Chili 70g,065646,$1.30,$1.86 / 100G,https://www.woolworths.com.au/shop/productdetails/65646/edgell-snack-time-red-kidney-bean-chili,https://cdn0.woolworths.media/content/wowproductimages/medium/065646.jpg,2020-09-21 17:27:05,,0,,True
06b1e28c-e15c-4b9a-ac71-53fd27ce1f81,Woolworths Supermarket,Pantry,The Bar Counter Good Fats Protein Bar Peanut Butter Caramel 40g,065685,$2.00,$5.00 / 100G,https://www.woolworths.com.au/shop/productdetails/65685/the-bar-counter-good-fats-protein-bar-peanut-butter-caramel,https://cdn0.woolworths.media/content/wowproductimages/medium/065685.jpg,2020-09-21 17:27:05,Average product rating out of 5: 5.0. Product score is based on 1 ratings,1,,True
c8c8e710-2afb-4ef1-a93d-0cddbc8bf419,Woolworths Supermarket,Pantry,The Bar Counter Protein Balls Peanut Butter Chocolate 30g,065695,$2.00,$6.67 / 100G,https://www.woolworths.com.au/shop/productdetails/65695/the-bar-counter-protein-balls-peanut-butter-chocolate,https://cdn0.woolworths.media/content/wowproductimages/medium/065695.jpg,2020-09-21 17:27:05,Average product rating out of 5: 5.0. Product score is based on 1 ratings,1,,True
3dd891e4-9cd6-4e55-bff7-decc778e7657,Woolworths Supermarket,Pantry,Madura Earl Grey Tea Bags 50pk 100g,065701,$5.00,$0.10 / 1EA,https://www.woolworths.com.au/shop/productdetails/65701/madura-earl-grey-tea-bags,https://cdn0.woolworths.media/content/wowproductimages/medium/065701.jpg,2020-09-21 17:27:05,,0,,True
8b31a78f-971e-4e56-8f35-215950a9f2ba,Woolworths Supermarket,Pantry,Madura English Breakfast Tea Bags 50pk 100g,065702,$5.00,$0.10 / 1EA,https://www.woolworths.com.au/shop/productdetails/65702/madura-english-breakfast-tea-bags,https://cdn0.woolworths.media/content/wowproductimages/medium/065702.jpg,2020-09-21 17:27:05,,0,,True
ed47d934-cd05-4827-ac24-b1567efcdbc9,Woolworths Supermarket,Pantry,The Bar Counter Protein Balls Salted Caramel Chocolate 30g,065882,$2.00,$6.67 / 100G,https://www.woolworths.com.au/shop/productdetails/65882/the-bar-counter-protein-balls-salted-caramel-chocolate,https://cdn0.woolworths.media/content/wowproductimages/medium/065882.jpg,2020-09-21 17:27:05,Average product rating out of 5: 4.5. Product score is based on 2 ratings,2,,True
3747481d-4bf8-483b-94b2-f9456c74d84e,Woolworths Supermarket,Pantry,Sole Mare Portuguese Style Sardines In Tomato Sauce 120g,065889,$2.20,$18.33 / 1KG,https://www.woolworths.com.au/shop/productdetails/65889/sole-mare-portuguese-style-sardines-in-tomato-sauce,https://cdn0.woolworths.media/content/wowproductimages/medium/065889.jpg,2020-09-21 17:27:05,,0,,True
7d893905-0d65-436b-aacb-c2265b081d76,Woolworths Supermarket,Pantry,Arnold's Farm Almond & Cashew Protein Clusters 400g,066051,$7.00,$1.75 / 100G,https://www.woolworths.com.au/shop/productdetails/66051/arnold-s-farm-almond-cashew-protein-clusters,https://cdn0.woolworths.media/content/wowproductimages/medium/066051.jpg,2020-09-21 17:27:05,,0,,True
f2223fc9-1ef3-4cb4-b8a9-7e48e123dd00,Woolworths Supermarket,Pantry,Sashi's Secret Sweet & Sour Pork Kit 420g,066089,$7.50,$1.79 / 100G,https://www.woolworths.com.au/shop/productdetails/66089/sashi-s-secret-sweet-sour-pork-kit,https://cdn0.woolworths.media/content/wowproductimages/medium/066089.jpg,2020-09-21 17:27:05,,0,,True
ff236085-840f-4d7a-a2e9-f6c4b5e6c1b2,Woolworths Supermarket,Pantry,Spring Gully Worcestershire Sauce 250ml,066161,$2.65,$1.06 / 100ML,https://www.woolworths.com.au/shop/productdetails/66161/spring-gully-worcestershire-sauce,https://cdn0.woolworths.media/content/wowproductimages/medium/066161.jpg,2020-09-21 17:27:05,,0,,True
94222b7a-46b3-4513-8552-6b43094eb1b7,Woolworths Supermarket,Pantry,Nestle Soothers Throat Lozenges Blackcurrant 30 pack,066427,$4.00,$0.13 / 1EA,https://www.woolworths.com.au/shop/productdetails/66427/nestle-soothers-throat-lozenges-blackcurrant,https://cdn0.woolworths.media/content/wowproductimages/medium/066427.jpg,2020-09-21 17:27:05,,0,,True
c4bb46de-ed30-47b5-9656-0c4d36228d26,Woolworths Supermarket,Pantry,Kinder Bueno Chocolate 43g bar,066527,$1.00,$2.33 / 100G,https://www.woolworths.com.au/shop/productdetails/66527/kinder-bueno-chocolate,https://cdn0.woolworths.media/content/wowproductimages/medium/066527.jpg,2020-09-21 17:27:05,,0,,True
646445e4-6af2-4ffd-a161-dc4fba2d17a6,Woolworths Supermarket,Pantry,Woolworths Yellowfin Tuna & Rice Biryani 190g,066602,$2.70,$14.21 / 1KG,https://www.woolworths.com.au/shop/productdetails/66602/woolworths-yellowfin-tuna-rice-biryani,https://cdn0.woolworths.media/content/wowproductimages/medium/066602.jpg,2020-09-21 17:27:05,,0,,True
ec41ccb8-27d8-4a87-8e03-6047a38f58bd,Woolworths Supermarket,Pantry,Woolworths Yellowfin Tuna & Rice Tom Yum Fried Rice 190g,066603,$2.70,$14.21 / 1KG,https://www.woolworths.com.au/shop/productdetails/66603/woolworths-yellowfin-tuna-rice-tom-yum-fried-rice,https://cdn0.woolworths.media/content/wowproductimages/medium/066603.jpg,2020-09-21 17:27:05,,0,,True
2fde44aa-56b7-4932-8b37-ec2a4c35c922,Woolworths Supermarket,Pantry,Woolworths Yellowfin Tuna & Rice Yellow Curry Fried Rice 190g,066605,$2.70,$14.21 / 1KG,https://www.woolworths.com.au/shop/productdetails/66605/woolworths-yellowfin-tuna-rice-yellow-curry-fried-rice,https://cdn0.woolworths.media/content/wowproductimages/medium/066605.jpg,2020-09-21 17:27:05,,0,,True
66701bb2-a5c1-4f85-b566-734ec2f87260,Woolworths Supermarket,Pantry,Vege Chips Sweet & Sour 100g,066638,$3.80,$3.80 / 100G,https://www.woolworths.com.au/shop/productdetails/66638/vege-chips-sweet-sour,https://cdn0.woolworths.media/content/wowproductimages/medium/066638.jpg,2020-09-21 17:27:05,Average product rating out of 5: 4.9. Product score is based on 21 ratings,21,,True
05ca5444-caf6-4189-bfb3-86cb8e652dd8,Woolworths Supermarket,Pantry,Nong Shim Kimchi Ramen Big Bowl 112g,066928,$2.85,$2.54 / 100G,https://www.woolworths.com.au/shop/productdetails/66928/nong-shim-kimchi-ramen-big-bowl,https://cdn0.woolworths.media/content/wowproductimages/medium/066928.jpg,2020-09-21 17:27:05,,0,,True
d9a76540-3bb0-4a86-8b9d-abbc6f19718d,Woolworths Supermarket,Pantry,The Sauce By Manu Peppercorn 150g,066964,$5.00,$3.33 / 100G,https://www.woolworths.com.au/shop/productdetails/66964/the-sauce-by-manu-peppercorn,https://cdn0.woolworths.media/content/wowproductimages/medium/066964.jpg,2020-09-21 17:27:05,,0,,True
4bf11e75-5e8d-4523-9938-922e30504ef3,Woolworths Supermarket,Pantry,John West Tuna Protein Wholegrains With Brown & Red Rice 220g,066988,$4.00,$18.18 / 1KG,https://www.woolworths.com.au/shop/productdetails/66988/john-west-tuna-protein-wholegrains-with-brown-red-rice,https://cdn0.woolworths.media/content/wowproductimages/medium/066988.jpg,2020-09-21 17:27:05,,0,,True
426ba87c-b814-41e2-b7c1-3a42b4d7a4ed,Woolworths Supermarket,Pantry,Wei Lih Beef Noodles 135g,066993,$2.50,$1.85 / 100G,https://www.woolworths.com.au/shop/productdetails/66993/wei-lih-beef-noodles,https://cdn0.woolworths.media/content/wowproductimages/medium/066993.jpg,2020-09-21 17:27:05,,0,,True
9041dffa-6f67-4eeb-8d7e-1bcae1662bb9,Woolworths Supermarket,Pantry,Bonne Maman Orange Marmalade 370g,067146,$5.20,$1.41 / 100G,https://www.woolworths.com.au/shop/productdetails/67146/bonne-maman-orange-marmalade,https://cdn0.woolworths.media/content/wowproductimages/medium/067146.jpg,2020-09-21 17:27:05,,0,,True
146f4aac-b28d-45ee-8cb1-378eb0c8e880,Woolworths Supermarket,Pantry,The Sauce By Manu Mushroom 150g,067182,$5.00,$3.33 / 100G,https://www.woolworths.com.au/shop/productdetails/67182/the-sauce-by-manu-mushroom,https://cdn0.woolworths.media/content/wowproductimages/medium/067182.jpg,2020-09-21 17:27:05,,0,,True
98885f95-9765-4d7d-a6a0-02eec041c774,Woolworths Supermarket,Pantry,Green's Cake Mix Traditional Golden Butter 440g,067289,$2.75,$0.63 / 100G,https://www.woolworths.com.au/shop/productdetails/67289/green-s-cake-mix-traditional-golden-butter,https://cdn0.woolworths.media/content/wowproductimages/medium/067289.jpg,2020-09-21 17:27:05,,0,,True
7a0b8249-26e9-4861-8f06-dcda61816984,Woolworths Supermarket,Pantry,Green's Cake Mix Traditional Carrot 470g,067291,$2.75,$0.59 / 100G,https://www.woolworths.com.au/shop/productdetails/67291/green-s-cake-mix-traditional-carrot,https://cdn0.woolworths.media/content/wowproductimages/medium/067291.jpg,2020-09-21 17:27:05,,0,,True
8bdb13f7-bb07-43b7-80d8-2c1671ea807b,Woolworths Supermarket,Pantry,Sole Mare Portuguese Style Sardines 120g,067504,$2.20,$18.33 / 1KG,https://www.woolworths.com.au/shop/productdetails/67504/sole-mare-portuguese-style-sardines,https://cdn0.woolworths.media/content/wowproductimages/medium/067504.jpg,2020-09-21 17:27:05,,0,,True
e15459d5-e1ec-4e77-b3cc-0ed82e31ea6f,Woolworths Supermarket,Pantry,Sam's Pantry Chocolate Brownie With Roasted Almonds Protein Bar 5 pack,067580,$3.50,$1.84 / 100G,https://www.woolworths.com.au/shop/productdetails/67580/sam-s-pantry-chocolate-brownie-with-roasted-almonds-protein-bar,https://cdn0.woolworths.media/content/wowproductimages/medium/067580.jpg,2020-09-21 17:27:05,Average product rating out of 5: 4.4. Product score is based on 267 ratings,267,Was $4.60 20/01/2020,True
f377f62b-b687-4a61-a047-0e9c43f402c0,Woolworths Supermarket,Pantry,Sashi's Secret Singaporean Chilli Prawn Kit 312g,067686,$7.50,$2.40 / 100G,https://www.woolworths.com.au/shop/productdetails/67686/sashi-s-secret-singaporean-chilli-prawn-kit,https://cdn0.woolworths.media/content/wowproductimages/medium/067686.jpg,2020-09-21 17:27:05,,0,,True
310704d5-ce48-4c78-998e-a720e4825cde,Woolworths Supermarket,Pantry,Ocean Spray Fruit Sauce Cranberry Jellied 275g,067824,$3.60,$1.31 / 100G,https://www.woolworths.com.au/shop/productdetails/67824/ocean-spray-fruit-sauce-cranberry-jellied,https://cdn0.woolworths.media/content/wowproductimages/medium/067824.jpg,2020-09-21 17:27:05,,0,,True
4e8e1494-8944-431b-a47d-b9b0751020c8,Woolworths Supermarket,Pantry,Old El Paso Mexican Burrito Tortillas 10 pack,067866,$4.30,$1.08 / 100G,https://www.woolworths.com.au/shop/productdetails/67866/old-el-paso-mexican-burrito-tortillas,https://cdn0.woolworths.media/content/wowproductimages/medium/067866.jpg,2020-09-21 17:27:05,,0,,True
b1e23253-360b-47d9-bd0b-e56041520353,Woolworths Supermarket,Pantry,Carbonell Original Olive Oil 1l,068045,$9.00,$0.90 / 100ML,https://www.woolworths.com.au/shop/productdetails/68045/carbonell-original-olive-oil,https://cdn0.woolworths.media/content/wowproductimages/medium/068045.jpg,2020-09-21 17:27:05,,0,Was $12.00 07/09/2020,True
44d4ac9c-c865-49c9-9f73-64962e7073da,Woolworths Supermarket,Pantry,Carbonell Original Olive Oil 3l,068047,$20.00,$0.67 / 100ML,https://www.woolworths.com.au/shop/productdetails/68047/carbonell-original-olive-oil,https://cdn0.woolworths.media/content/wowproductimages/medium/068047.jpg,2020-09-21 17:27:05,Average product rating out of 5: 5.0. Product score is based on 2 ratings,2,,True
73dfd4fa-93d9-480f-bbbc-dbcc8ce649be,Woolworths Supermarket,Pantry,John West Tuna Protein Wholegrains With Couscous 220g,068183,$4.00,$18.18 / 1KG,https://www.woolworths.com.au/shop/productdetails/68183/john-west-tuna-protein-wholegrains-with-couscous,https://cdn0.woolworths.media/content/wowproductimages/medium/068183.jpg,2020-09-21 17:27:05,,0,,True
3f3a30f9-59e1-4cb0-8340-aaea096ad9d3,Woolworths Supermarket,Pantry,Sashi's Secret Beef Rendang Curry Kit 385g,068184,$7.50,$1.95 / 100G,https://www.woolworths.com.au/shop/productdetails/68184/sashi-s-secret-beef-rendang-curry-kit,https://cdn0.woolworths.media/content/wowproductimages/medium/068184.jpg,2020-09-21 17:27:05,,0,,True
b9a63c2f-b5ec-4ff3-b88b-3b133cb508b3,Woolworths Supermarket,Pantry,Greenseas Tuna In Extra Virgin Olive Oil 425g,068237,$5.00,$11.76 / 1KG,https://www.woolworths.com.au/shop/productdetails/68237/greenseas-tuna-in-extra-virgin-olive-oil,https://cdn0.woolworths.media/content/wowproductimages/medium/068237.jpg,2020-09-21 17:27:05,,0,,True
fc4594d2-6556-44fc-923f-3a183ef801ea,Woolworths Supermarket,Pantry,Carbonell Extra Virgin Olive Oil 1l,068324,$9.00,$0.90 / 100ML,https://www.woolworths.com.au/shop/productdetails/68324/carbonell-extra-virgin-olive-oil,https://cdn0.woolworths.media/content/wowproductimages/medium/068324.jpg,2020-09-21 17:27:05,Average product rating out of 5: 4.5. Product score is based on 2 ratings,2,Was $12.00 07/09/2020,True
2b8758b1-b6c0-4f3c-84d9-ec8530222bd2,Woolworths Supermarket,Pantry,Carbonell Extra Virgin Olive Oil 3l,068326,$20.00,$0.67 / 100ML,https://www.woolworths.com.au/shop/productdetails/68326/carbonell-extra-virgin-olive-oil,https://cdn0.woolworths.media/content/wowproductimages/medium/068326.jpg,2020-09-21 17:27:05,Average product rating out of 5: 5.0. Product score is based on 3 ratings,3,,True
2d9323bd-8442-436e-8787-05eb948f2266,Woolworths Supermarket,Pantry,Macro Organic Wholewheat Spaghetti 500g,068343,$1.65,$0.33 / 100G,https://www.woolworths.com.au/shop/productdetails/68343/macro-organic-wholewheat-spaghetti,https://cdn0.woolworths.media/content/wowproductimages/medium/068343.jpg,2020-09-21 17:27:05,,0,,True
b6be0eb5-36ae-4001-91a1-0270810c8ae5,Woolworths Supermarket,Pantry,Macro Organic Wholewheat Penne 500g,068345,$1.65,$0.33 / 100G,https://www.woolworths.com.au/shop/productdetails/68345/macro-organic-wholewheat-penne,https://cdn0.woolworths.media/content/wowproductimages/medium/068345.jpg,2020-09-21 17:27:05,,0,,True
8bf1e5af-fe5f-4f37-b58d-a16ed3464495,Woolworths Supermarket,Pantry,Macro Organic Wholewheat Spirals 500g,068346,$1.65,$0.33 / 100G,https://www.woolworths.com.au/shop/productdetails/68346/macro-organic-wholewheat-spirals,https://cdn0.woolworths.media/content/wowproductimages/medium/068346.jpg,2020-09-21 17:27:05,,0,,True
346438bd-b911-46fe-b975-328efe5753f3,Woolworths Supermarket,Pantry,Freedom Foods Cereal Muesli Gluten And Wheat Free 500g,068405,$6.50,$1.30 / 100G,https://www.woolworths.com.au/shop/productdetails/68405/freedom-foods-cereal-muesli-gluten-and-wheat-free,https://cdn0.woolworths.media/content/wowproductimages/medium/068405.jpg,2020-09-21 17:27:05,Average product rating out of 5: 4.5. Product score is based on 12 ratings,12,,True
2df9c358-2e12-4ee6-8b07-4b70f54c4cdf,Woolworths Supermarket,Pantry,Csr Raw Sugar 500g,068468,$1.30,$0.26 / 100G,https://www.woolworths.com.au/shop/productdetails/68468/csr-raw-sugar,https://cdn0.woolworths.media/content/wowproductimages/medium/068468.jpg,2020-09-21 17:27:05,,0,,True
ef9a5b60-fa58-4499-8cb1-a1806d828914,Woolworths Supermarket,Pantry,Queen Meringue & Pavlova Powder Mix 300g,068517,$4.50,$1.50 / 100G,https://www.woolworths.com.au/shop/productdetails/68517/queen-meringue-pavlova-powder-mix,https://cdn0.woolworths.media/content/wowproductimages/medium/068517.jpg,2020-09-21 17:27:05,,0,,True
17a39f1b-5e12-417a-83b3-801e312ae345,Woolworths Supermarket,Pantry,Green's Frozen Snowflake Cookies 230g,068524,$3.20,$1.39 / 100G,https://www.woolworths.com.au/shop/productdetails/68524/green-s-frozen-snowflake-cookies,https://cdn0.woolworths.media/content/wowproductimages/medium/068524.jpg,2020-09-21 17:27:05,,0,,True
b6f36a9a-40a8-4f8a-81cf-69d19fdcf077,Woolworths Supermarket,Pantry,Old El Paso Burrito Dinner Kit 485g,068619,$6.50,$1.34 / 100G,https://www.woolworths.com.au/shop/productdetails/68619/old-el-paso-burrito-dinner-kit,https://cdn0.woolworths.media/content/wowproductimages/medium/068619.jpg,2020-09-21 17:27:05,,0,,True
51a088b0-ce6a-4a85-add3-ae553c4dd769,Woolworths Supermarket,Pantry,Dollar Sweets White Muffin Case 100 pack,068822,$3.00,$3.00 / 100EA,https://www.woolworths.com.au/shop/productdetails/68822/dollar-sweets-white-muffin-case,https://cdn0.woolworths.media/content/wowproductimages/medium/068822.jpg,2020-09-21 17:27:05,,0,,True
31885b7c-1b76-4df4-8228-3f9ccbad0a53,Woolworths Supermarket,Pantry,Dollar Sweets Piping Bag Kit each,068823,$3.50,$3.50 / 1EA,https://www.woolworths.com.au/shop/productdetails/68823/dollar-sweets-piping-bag-kit,https://cdn0.woolworths.media/content/wowproductimages/medium/068823.jpg,2020-09-21 17:27:05,,0,,True
e3c02259-4440-44af-8dce-a5a139f18261,Woolworths Supermarket,Pantry,Kinder Surprise Chocolate Egg 3 pack,069021,$5.00,$8.33 / 100G,https://www.woolworths.com.au/shop/productdetails/69021/kinder-surprise-chocolate-egg,https://cdn0.woolworths.media/content/wowproductimages/medium/069021.jpg,2020-09-21 17:27:05,,0,Was $5.40 04/02/2019,True
2d9afecc-a423-467d-8037-ae8f421104c2,Woolworths Supermarket,Pantry,Arnott's Royals Milk Chocolate 200g,069036,$2.00,$1.00 / 100G,https://www.woolworths.com.au/shop/productdetails/69036/arnott-s-royals-milk-chocolate,https://cdn0.woolworths.media/content/wowproductimages/medium/069036.jpg,2020-09-21 17:27:05,,0,,True
8fdf4b94-229b-477f-bf0c-d7787f8b9b36,Woolworths Supermarket,Pantry,Nestle Golden Rough Block 170g,069147,$4.50,$2.65 / 100G,https://www.woolworths.com.au/shop/productdetails/69147/nestle-golden-rough-block,https://cdn0.woolworths.media/content/wowproductimages/medium/069147.jpg,2020-09-21 17:27:05,,0,,True
956740b3-ca70-4002-87fd-7fe1d70ee197,Woolworths Supermarket,Pantry,Nestle Kitkat Honeycomb Smash 170g,069219,$4.50,$2.65 / 100G,https://www.woolworths.com.au/shop/productdetails/69219/nestle-kitkat-honeycomb-smash,https://cdn0.woolworths.media/content/wowproductimages/medium/069219.jpg,2020-09-21 17:27:05,,0,,True
20097d9b-c5eb-4402-b807-7790319b6c66,Woolworths Supermarket,Pantry,John West Tuna Slices In Springwater 125g,069345,$3.50,$28.00 / 1KG,https://www.woolworths.com.au/shop/productdetails/69345/john-west-tuna-slices-in-springwater,https://cdn0.woolworths.media/content/wowproductimages/medium/069345.jpg,2020-09-21 17:27:05,,0,,True
1b14ba8e-d8fc-441b-a3c9-25c9e434630e,Woolworths Supermarket,Pantry,Three Threes Fruit Sauce Apple 250g,069528,$2.00,$0.80 / 100G,https://www.woolworths.com.au/shop/productdetails/69528/three-threes-fruit-sauce-apple,https://cdn0.woolworths.media/content/wowproductimages/medium/069528.jpg,2020-09-21 17:27:05,,0,,True
a10ce151-2883-49f1-a936-08509a81e6c6,Woolworths Supermarket,Pantry,Macro Organic Borlotti Beans No Added Salt 420g,070271,$1.30,$0.31 / 100G,https://www.woolworths.com.au/shop/productdetails/70271/macro-organic-borlotti-beans-no-added-salt,https://cdn0.woolworths.media/content/wowproductimages/medium/070271.jpg,2020-09-21 17:27:05,,0,,True
b4935a8a-84cc-4bdb-b38d-a3838fb73dae,Woolworths Supermarket,Pantry,Frey Milk Muesli Clouds 150g,070280,$5.00,$3.33 / 100G,https://www.woolworths.com.au/shop/productdetails/70280/frey-milk-muesli-clouds,https://cdn0.woolworths.media/content/wowproductimages/medium/070280.jpg,2020-09-21 17:27:05,Average product rating out of 5: 4.5. Product score is based on 334 ratings,334,,True
41c2b0c2-34b6-4aca-9640-53e33ba219f3,Woolworths Supermarket,Pantry,Frey Dark Coconut Crunchy Clouds 150g,070281,$5.00,$3.33 / 100G,https://www.woolworths.com.au/shop/productdetails/70281/frey-dark-coconut-crunchy-clouds,https://cdn0.woolworths.media/content/wowproductimages/medium/070281.jpg,2020-09-21 17:27:05,Average product rating out of 5: 4.3. Product score is based on 232 ratings,232,,True
6911c491-9372-4da3-8d40-d545ab950e79,Woolworths Supermarket,Pantry,Hoyt's Garlic Granules 40g,070288,$1.75,$0.44 / 10G,https://www.woolworths.com.au/shop/productdetails/70288/hoyt-s-garlic-granules,https://cdn0.woolworths.media/content/wowproductimages/medium/070288.jpg,2020-09-21 17:27:05,,0,,True
552508cd-fedd-4da7-9fc8-89a45b23a9d5,Woolworths Supermarket,Pantry,Hoyt's Seasoning Lemon & Pepper 50g,070348,$2.15,$0.43 / 10G,https://www.woolworths.com.au/shop/productdetails/70348/hoyt-s-seasoning-lemon-pepper,https://cdn0.woolworths.media/content/wowproductimages/medium/070348.jpg,2020-09-21 17:27:05,,0,,True
e6714733-8104-471e-bf23-96a718f3833d,Woolworths Supermarket,Pantry,Hoyt's Poppy Seed 100g,070361,$1.85,$0.19 / 10G,https://www.woolworths.com.au/shop/productdetails/70361/hoyt-s-poppy-seed,https://cdn0.woolworths.media/content/wowproductimages/medium/070361.jpg,2020-09-21 17:27:05,,0,,True
f2b251dd-ea1b-4a83-8076-6c3de3dfc634,Woolworths Supermarket,Pantry,Macro Organic Pinto Beans 420g,070433,$1.30,$0.31 / 100G,https://www.woolworths.com.au/shop/productdetails/70433/macro-organic-pinto-beans,https://cdn0.woolworths.media/content/wowproductimages/medium/070433.jpg,2020-09-21 17:27:05,,0,,True
f1120343-ff5a-40b7-aef8-928b8a1acd5f,Woolworths Supermarket,Pantry,Sharwood's Paste Tikka Masala Medium 275g,070713,$4.50,$1.64 / 100G,https://www.woolworths.com.au/shop/productdetails/70713/sharwood-s-paste-tikka-masala-medium,https://cdn0.woolworths.media/content/wowproductimages/medium/070713.jpg,2020-09-21 17:27:05,,0,Was $5.15 19/03/2018,True
31a45000-4e6f-4d55-9de7-0023fa8474a5,Woolworths Supermarket,Pantry,Sharwood's Paste Korma Mild 280g,070732,$4.50,$1.61 / 100G,https://www.woolworths.com.au/shop/productdetails/70732/sharwood-s-paste-korma-mild,https://cdn0.woolworths.media/content/wowproductimages/medium/070732.jpg,2020-09-21 17:27:05,,0,Was $5.15 19/03/2018,True
144ec452-1b79-48a4-af3b-042dd62b3691,Woolworths Supermarket,Pantry,Green's Maple Syrup Pancake Shake 325g,070743,$2.90,$0.89 / 100G,https://www.woolworths.com.au/shop/productdetails/70743/green-s-maple-syrup-pancake-shake,https://cdn0.woolworths.media/content/wowproductimages/medium/070743.jpg,2020-09-21 17:27:05,,0,,True
6cc3f1f3-354b-4ba3-af38-835c9c9a3599,Woolworths Supermarket,Pantry,Macro Organic Medium Industrially Compostable Coffee Capsules 10 pack,070748,$6.00,$0.60 / 1EA,https://www.woolworths.com.au/shop/productdetails/70748/macro-organic-medium-industrially-compostable-coffee-capsules,https://cdn0.woolworths.media/content/wowproductimages/medium/070748.jpg,2020-09-21 17:27:05,,0,,True
47816a4c-1f3d-41b0-b741-087ed4186c6c,Woolworths Supermarket,Pantry,Macro Organic Strong Industrially Compostable Coffee Capsules 10 pack,070749,$6.00,$0.60 / 1EA,https://www.woolworths.com.au/shop/productdetails/70749/macro-organic-strong-industrially-compostable-coffee-capsules,https://cdn0.woolworths.media/content/wowproductimages/medium/070749.jpg,2020-09-21 17:27:05,,0,,True
fef26873-7415-486e-94c6-b89330c3a50b,Woolworths Supermarket,Pantry,Macro Organic Intense Industrially Compostable Coffee Capsules 10 pack,070750,$6.00,$0.60 / 1EA,https://www.woolworths.com.au/shop/productdetails/70750/macro-organic-intense-industrially-compostable-coffee-capsules,https://cdn0.woolworths.media/content/wowproductimages/medium/070750.jpg,2020-09-21 17:27:05,,0,,True
acae7578-701d-47c1-bdc1-cc1129baf141,Woolworths Supermarket,Pantry,Sharwood's Paste Tandoori Medium 290g,070768,$4.50,$1.55 / 100G,https://www.woolworths.com.au/shop/productdetails/70768/sharwood-s-paste-tandoori-medium,https://cdn0.woolworths.media/content/wowproductimages/medium/070768.jpg,2020-09-21 17:27:05,,0,Was $5.15 19/03/2018,True
4d1f8aa6-0d56-4a8e-b33a-31cd4906bb90,Woolworths Supermarket,Pantry,Woolworths Traditional Cracker 250g,070772,$0.97,$0.39 / 100G,https://www.woolworths.com.au/shop/productdetails/70772/woolworths-traditional-cracker,https://cdn0.woolworths.media/content/wowproductimages/medium/070772.jpg,2020-09-21 17:27:05,Average product rating out of 5: 4.0. Product score is based on 19 ratings,19,,True
7de00712-4f61-4ad3-9e08-e2de784c15cf,Woolworths Supermarket,Pantry,Kikkoman Naturally Brewed Soy Sauce Less Salt 250ml,070897,$5.50,$2.20 / 100ML,https://www.woolworths.com.au/shop/productdetails/70897/kikkoman-naturally-brewed-soy-sauce-less-salt,https://cdn0.woolworths.media/content/wowproductimages/medium/070897.jpg,2020-09-21 17:27:05,,0,,True
4a6d66a5-98e6-44e6-92d3-8f73efa1bf96,Woolworths Supermarket,Pantry,Three Threes Olives Stuffed 250g,071077,$2.60,$10.40 / 1KG,https://www.woolworths.com.au/shop/productdetails/71077/three-threes-olives-stuffed,https://cdn0.woolworths.media/content/wowproductimages/medium/071077.jpg,2020-09-21 17:27:05,,0,,True
22c6ad6e-fc25-4b7a-90db-811de807abe4,Woolworths Supermarket,Pantry,Real Foods Corn Thins Original 150g,071422,$2.00,$1.33 / 100G,https://www.woolworths.com.au/shop/productdetails/71422/real-foods-corn-thins-original,https://cdn0.woolworths.media/content/wowproductimages/medium/071422.jpg,2020-09-21 17:27:05,,0,,True
5d3dc1dc-a91e-473a-9d8a-caeeb7359b4f,Woolworths Supermarket,Pantry,Nice & Natural Fruit Dino Snacks 16 pack,071439,$6.00,$2.14 / 100G,https://www.woolworths.com.au/shop/productdetails/71439/nice-natural-fruit-dino-snacks,https://cdn0.woolworths.media/content/wowproductimages/medium/071439.jpg,2020-09-21 17:27:05,,0,Was $7.50 06/01/2020,True
2cd22d5e-e612-49c6-940c-72b1affd0cc8,Woolworths Supermarket,Pantry,Moccona Freeze Dried Instant Coffee Indulgence 100g,071481,$11.00,$11.00 / 100G,https://www.woolworths.com.au/shop/productdetails/71481/moccona-freeze-dried-instant-coffee-indulgence,https://cdn0.woolworths.media/content/wowproductimages/medium/071481.jpg,2020-09-21 17:27:05,,0,,True
66c9b326-494d-4cc7-bda2-8ab1b5d22f7d,Woolworths Supermarket,Pantry,Whittaker's Peanut Slab Milk Chocolate 50g bar,071484,$2.00,$4.00 / 100G,https://www.woolworths.com.au/shop/productdetails/71484/whittaker-s-peanut-slab-milk-chocolate,https://cdn0.woolworths.media/content/wowproductimages/medium/071484.jpg,2020-09-21 17:27:05,,0,,True
528eacb8-ba48-48a3-9d75-d7f14d793aaa,Woolworths Supermarket,Pantry,Csr Icing Sugar Pure 500g,071487,$1.85,$0.37 / 100G,https://www.woolworths.com.au/shop/productdetails/71487/csr-icing-sugar-pure,https://cdn0.woolworths.media/content/wowproductimages/medium/071487.jpg,2020-09-21 17:27:05,,0,,True
31765b35-5321-468b-89a3-24485b15aeae,Woolworths Supermarket,Pantry,Csr Icing Sugar Soft Mixture 500g,071488,$1.95,$0.39 / 100G,https://www.woolworths.com.au/shop/productdetails/71488/csr-icing-sugar-soft-mixture,https://cdn0.woolworths.media/content/wowproductimages/medium/071488.jpg,2020-09-21 17:27:05,,0,,True
64edb3ca-4fb7-43bb-ac10-88199fbebd25,Woolworths Supermarket,Pantry,Nice & Natural Fruit Oddities 16 pack,071533,$6.00,$2.21 / 100G,https://www.woolworths.com.au/shop/productdetails/71533/nice-natural-fruit-oddities,https://cdn0.woolworths.media/content/wowproductimages/medium/071533.jpg,2020-09-21 17:27:05,,0,Was $7.50 06/01/2020,True
adfd2d55-c3f7-4a96-a5b5-1197e9d4c157,Woolworths Supermarket,Pantry,The Natural Cracker Co. Farmhouse Cheddar Crispy Crackers 160g,071541,$2.50,$1.56 / 100G,https://www.woolworths.com.au/shop/productdetails/71541/the-natural-cracker-co-farmhouse-cheddar-crispy-crackers,https://cdn0.woolworths.media/content/wowproductimages/medium/071541.jpg,2020-09-21 17:27:05,,0,,True
91c8de48-ae71-4fdf-ba56-de4b75394d63,Woolworths Supermarket,Pantry,Azalea Grape Seed Oil 1l,071586,$13.00,$1.30 / 100ML,https://www.woolworths.com.au/shop/productdetails/71586/azalea-grape-seed-oil,https://cdn0.woolworths.media/content/wowproductimages/medium/071586.jpg,2020-09-21 17:27:05,,0,,True
10da2200-1ea3-439b-9d60-ac98e3b86d43,Woolworths Supermarket,Pantry,Loacker Gardena Chocolate Milk Chocolate Coated Wafers 200g,071596,$4.00,$2.00 / 100G,https://www.woolworths.com.au/shop/productdetails/71596/loacker-gardena-chocolate-milk-chocolate-coated-wafers,https://cdn0.woolworths.media/content/wowproductimages/medium/071596.jpg,2020-09-21 17:27:05,,0,,True
fcd7aa07-fe12-4a7f-9027-2368080995ea,Woolworths Supermarket,Pantry,Loacker Gardena Hazelnut Chocolate Coated Wafers 200g,071598,$4.00,$2.00 / 100G,https://www.woolworths.com.au/shop/productdetails/71598/loacker-gardena-hazelnut-chocolate-coated-wafers,https://cdn0.woolworths.media/content/wowproductimages/medium/071598.jpg,2020-09-21 17:27:05,,0,,True
b210b194-a459-4b1a-ba78-84ccd7287bd4,Woolworths Supermarket,Pantry,The Natural Cracker Co. Honey Soy Chicken Crispy Crackers 160g,071611,$2.50,$1.56 / 100G,https://www.woolworths.com.au/shop/productdetails/71611/the-natural-cracker-co-honey-soy-chicken-crispy-crackers,https://cdn0.woolworths.media/content/wowproductimages/medium/071611.jpg,2020-09-21 17:27:05,,0,,True
8ba865ba-54a8-490a-bc3d-da43ff68ff4f,Woolworths Supermarket,Pantry,The Natural Cracker Co. Sea Salt & Vinegar Crispy Crackers 160g,071613,$2.50,$1.56 / 100G,https://www.woolworths.com.au/shop/productdetails/71613/the-natural-cracker-co-sea-salt-vinegar-crispy-crackers,https://cdn0.woolworths.media/content/wowproductimages/medium/071613.jpg,2020-09-21 17:27:05,,0,,True
f5db1c63-4627-4869-9756-9838fc77e7ee,Woolworths Supermarket,Pantry,The Natural Cracker Co. Sour Cream & Chives Crispy Crackers 160g,071614,$2.50,$1.56 / 100G,https://www.woolworths.com.au/shop/productdetails/71614/the-natural-cracker-co-sour-cream-chives-crispy-crackers,https://cdn0.woolworths.media/content/wowproductimages/medium/071614.jpg,2020-09-21 17:27:05,,0,,True
06e8f0c7-6214-41e3-bac0-f1c68c888fe1,Woolworths Supermarket,Pantry,Oreo Mini Mixed Multipack 230g,071627,$3.00,$1.30 / 100G,https://www.woolworths.com.au/shop/productdetails/71627/oreo-mini-mixed-multipack,https://cdn0.woolworths.media/content/wowproductimages/medium/071627.jpg,2020-09-21 17:27:05,,0,,True
73c50a53-6da4-4e9c-9be3-39acc4384b3a,Woolworths Supermarket,Pantry,Woolworths Crunchy Corn Flakes 700g,071792,$2.50,$0.36 / 100G,https://www.woolworths.com.au/shop/productdetails/71792/woolworths-crunchy-corn-flakes,https://cdn0.woolworths.media/content/wowproductimages/medium/071792.jpg,2020-09-21 17:27:05,,0,,True
13db3e05-65c3-474e-a16f-7a2aae108ddc,Woolworths Supermarket,Pantry,Bertolli Organic Extra Virgin Olive Oil Spray 145ml,071795,$5.50,$3.79 / 100ML,https://www.woolworths.com.au/shop/productdetails/71795/bertolli-organic-extra-virgin-olive-oil-spray,https://cdn0.woolworths.media/content/wowproductimages/medium/071795.jpg,2020-09-21 17:27:05,,0,,True
e405fe9c-9a45-4aed-b50a-19f7fa48f820,Woolworths Supermarket,Pantry,Nestle Kitkat Double Cookies & Cream Block 170g,071892,$4.50,$2.65 / 100G,https://www.woolworths.com.au/shop/productdetails/71892/nestle-kitkat-double-cookies-cream-block,https://cdn0.woolworths.media/content/wowproductimages/medium/071892.jpg,2020-09-21 17:27:05,,0,,True
d3167c13-b1a4-4dbd-ad41-02c68c11178d,Woolworths Supermarket,Pantry,Oreo Cookie Original 133g,072136,$1.50,$1.13 / 100G,https://www.woolworths.com.au/shop/productdetails/72136/oreo-cookie-original,https://cdn0.woolworths.media/content/wowproductimages/medium/072136.jpg,2020-09-21 17:27:05,,0,,True
83df21d6-887e-4783-a759-f8bfd93e9814,Woolworths Supermarket,Pantry,Oreo Cookie Choc Split 133g,072138,$1.50,$1.13 / 100G,https://www.woolworths.com.au/shop/productdetails/72138/oreo-cookie-choc-split,https://cdn0.woolworths.media/content/wowproductimages/medium/072138.jpg,2020-09-21 17:27:05,,0,,True
9b3db876-73d0-4e0b-9c23-37fc5f76ecdc,Woolworths Supermarket,Pantry,Oreo Cookie Strawberry 133g,072139,$1.50,$1.13 / 100G,https://www.woolworths.com.au/shop/productdetails/72139/oreo-cookie-strawberry,https://cdn0.woolworths.media/content/wowproductimages/medium/072139.jpg,2020-09-21 17:27:05,,0,,True
45db00a7-f927-48c2-8f56-bc0d28328f52,Woolworths Supermarket,Pantry,Oreo Cookie Red Velvet 133g,072140,$1.50,$1.13 / 100G,https://www.woolworths.com.au/shop/productdetails/72140/oreo-cookie-red-velvet,https://cdn0.woolworths.media/content/wowproductimages/medium/072140.jpg,2020-09-21 17:27:05,,0,,True
cdafd335-c944-47a0-bf3d-72cdd1d20ccb,Woolworths Supermarket,Pantry,Oreo Cookie Chocolate 133g,072212,$1.50,$1.13 / 100G,https://www.woolworths.com.au/shop/productdetails/72212/oreo-cookie-chocolate,https://cdn0.woolworths.media/content/wowproductimages/medium/072212.jpg,2020-09-21 17:27:05,,0,,True
9f092aaa-6641-4128-898b-b181d5ff82fe,Woolworths Supermarket,Pantry,Oreo Cookie Golden 133g,072222,$1.50,$1.13 / 100G,https://www.woolworths.com.au/shop/productdetails/72222/oreo-cookie-golden,https://cdn0.woolworths.media/content/wowproductimages/medium/072222.jpg,2020-09-21 17:27:05,,0,,True
ea4d60ed-42e4-4c92-ad67-eda461b5df5f,Woolworths Supermarket,Pantry,Uncle Tobys Le Snack Nacho Cheese 6 pack,072254,$4.70,$3.56 / 100G,https://www.woolworths.com.au/shop/productdetails/72254/uncle-tobys-le-snack-nacho-cheese,https://cdn0.woolworths.media/content/wowproductimages/medium/072254.jpg,2020-09-21 17:27:05,,0,,True
cb8d43dd-99d8-4260-9da1-075fbf0a5171,Woolworths Supermarket,Pantry,Masterfoods Honey Garlic & Soy Marinade 375g,072364,$2.50,$0.67 / 100G,https://www.woolworths.com.au/shop/productdetails/72364/masterfoods-honey-garlic-soy-marinade,https://cdn0.woolworths.media/content/wowproductimages/medium/072364.jpg,2020-09-21 17:27:05,,0,Was $3.39 24/10/16,True
1a8fefc4-e82d-4cf0-9cfe-079e783bb26e,Woolworths Supermarket,Pantry,Masterfoods Red Wine Garlic Marinade 375g,072381,$2.50,$0.67 / 100G,https://www.woolworths.com.au/shop/productdetails/72381/masterfoods-red-wine-garlic-marinade,https://cdn0.woolworths.media/content/wowproductimages/medium/072381.jpg,2020-09-21 17:27:05,,0,Was $3.39 24/10/16,True
c07a6638-b40a-452a-8860-855e69cd0fdc,Woolworths Supermarket,Pantry,Always Fresh Olives Anchovy Stuffed 235g,072424,$3.50,$14.89 / 1KG,https://www.woolworths.com.au/shop/productdetails/72424/always-fresh-olives-anchovy-stuffed,https://cdn0.woolworths.media/content/wowproductimages/medium/072424.jpg,2020-09-21 17:27:05,,0,,True
376ba7b8-fba4-42f9-a434-b6429476aaa2,Woolworths Supermarket,Pantry,Uncle Tobys Mango Vanilla & Chia Muesli Bar 5 pack,072467,$3.50,$2.00 / 100G,https://www.woolworths.com.au/shop/productdetails/72467/uncle-tobys-mango-vanilla-chia-muesli-bar,https://cdn0.woolworths.media/content/wowproductimages/medium/072467.jpg,2020-09-21 17:27:05,,0,,True
50d5fbc9-6ea9-45c0-bbd6-a424cc49cc77,Woolworths Supermarket,Pantry,John West Salmon Tempters Lemon & Cracked Pepper 95g,072472,$2.70,$28.42 / 1KG,https://www.woolworths.com.au/shop/productdetails/72472/john-west-salmon-tempters-lemon-cracked-pepper,https://cdn0.woolworths.media/content/wowproductimages/medium/072472.jpg,2020-09-21 17:27:05,,0,,True
741b3c3a-80b2-4a44-a503-c295bb91977c,Woolworths Supermarket,Pantry,Always Fresh Olives Black Sliced 235g,072511,$3.50,$14.89 / 1KG,https://www.woolworths.com.au/shop/productdetails/72511/always-fresh-olives-black-sliced,https://cdn0.woolworths.media/content/wowproductimages/medium/072511.jpg,2020-09-21 17:27:05,,0,,True
72207b2b-fafd-4b4a-8761-9467f34331b5,Woolworths Supermarket,Pantry,Uncle Tobys Blueberry & Ancient Grains Muesli Bar 5 pack,072512,$3.50,$2.00 / 100G,https://www.woolworths.com.au/shop/productdetails/72512/uncle-tobys-blueberry-ancient-grains-muesli-bar,https://cdn0.woolworths.media/content/wowproductimages/medium/072512.jpg,2020-09-21 17:27:05,,0,,True
a426a324-3713-4289-8d98-9c40c58a07f1,Woolworths Supermarket,Pantry,John West Salmon Tempters Naturally Smoked 95g,072540,$2.70,$28.42 / 1KG,https://www.woolworths.com.au/shop/productdetails/72540/john-west-salmon-tempters-naturally-smoked,https://cdn0.woolworths.media/content/wowproductimages/medium/072540.jpg,2020-09-21 17:27:05,,0,,True
55e6f28d-598e-4f11-baa6-cc22ef206b03,Woolworths Supermarket,Pantry,Uncle Tobys Raspberry Goji & White Chocolate Muesli Bar 5 pack,072592,$3.50,$2.00 / 100G,https://www.woolworths.com.au/shop/productdetails/72592/uncle-tobys-raspberry-goji-white-chocolate-muesli-bar,https://cdn0.woolworths.media/content/wowproductimages/medium/072592.jpg,2020-09-21 17:27:05,,0,,True
96a4d948-e8bb-40a3-a503-ef2d278accbb,Woolworths Supermarket,Pantry,Uncle Tobys Cranberry Vanilla & Coconut Muesli Bar 5 pack,072603,$3.50,$2.00 / 100G,https://www.woolworths.com.au/shop/productdetails/72603/uncle-tobys-cranberry-vanilla-coconut-muesli-bar,https://cdn0.woolworths.media/content/wowproductimages/medium/072603.jpg,2020-09-21 17:27:05,,0,,True
d81a4659-45fd-4eb4-b096-2ae19f848af6,Woolworths Supermarket,Pantry,Twinings Earl Grey Tea Bags 100 pack,072617,$11.00,$0.11 / 1EA,https://www.woolworths.com.au/shop/productdetails/72617/twinings-earl-grey-tea-bags,https://cdn0.woolworths.media/content/wowproductimages/medium/072617.jpg,2020-09-21 17:27:05,,0,,True
639c7adb-c394-48bb-a0b2-fd40d95d9385,Woolworths Supermarket,Pantry,Twinings English Breakfast Tea Bags 100pk 200g,072618,$11.00,$0.11 / 1EA,https://www.woolworths.com.au/shop/productdetails/72618/twinings-english-breakfast-tea-bags,https://cdn0.woolworths.media/content/wowproductimages/medium/072618.jpg,2020-09-21 17:27:05,,0,,True
b4afcd37-4d7b-46bb-9d66-ac77ced6e255,Woolworths Supermarket,Pantry,Woolworths Plantitude Green Curry Jackfruit With Rice 350g,072638,$4.00,$1.14 / 100G,https://www.woolworths.com.au/shop/productdetails/72638/woolworths-plantitude-green-curry-jackfruit-with-rice,https://cdn0.woolworths.media/content/wowproductimages/medium/072638.jpg,2020-09-21 17:27:05,Average product rating out of 5: 3.2. Product score is based on 28 ratings,28,,True
cc7f72a3-0487-4beb-9302-8fa64cf310d7,Woolworths Supermarket,Pantry,Woolworths Tex Mex Jackfruit With Supergrain Rice 350g,072639,$4.00,$1.14 / 100G,https://www.woolworths.com.au/shop/productdetails/72639/woolworths-tex-mex-jackfruit-with-supergrain-rice,https://cdn0.woolworths.media/content/wowproductimages/medium/072639.jpg,2020-09-21 17:27:05,Average product rating out of 5: 3.8. Product score is based on 31 ratings,31,,True
03a6c6fd-3fdd-4c29-b81c-a7a222e83836,Woolworths Supermarket,Pantry,Woolworths Plantitude Satay Tofu With Jasmine Rice 350g,072640,$4.00,$1.14 / 100G,https://www.woolworths.com.au/shop/productdetails/72640/woolworths-plantitude-satay-tofu-with-jasmine-rice,https://cdn0.woolworths.media/content/wowproductimages/medium/072640.jpg,2020-09-21 17:27:05,Average product rating out of 5: 4.2. Product score is based on 31 ratings,31,,True
a63c428f-dfe7-4c44-8256-da0bd39908a6,Woolworths Supermarket,Pantry,Woolworths Plantitude Massaman Tofu With Jasmine Rice 350g,072641,$4.00,$1.14 / 100G,https://www.woolworths.com.au/shop/productdetails/72641/woolworths-plantitude-massaman-tofu-with-jasmine-rice,https://cdn0.woolworths.media/content/wowproductimages/medium/072641.jpg,2020-09-21 17:27:05,Average product rating out of 5: 3.7. Product score is based on 32 ratings,32,,True
14b3c26b-3e05-4d6c-abd3-b3d8e233bf69,Woolworths Supermarket,Pantry,Kellogg's Lcms Poppers Yoghurty Snack Bites 100g,072652,$3.00,$3.00 / 100G,https://www.woolworths.com.au/shop/productdetails/72652/kellogg-s-lcms-poppers-yoghurty-snack-bites,https://cdn0.woolworths.media/content/wowproductimages/medium/072652.jpg,2020-09-21 17:27:05,,0,,True
66c84823-fe49-43be-acd1-2583d5e36fa3,Woolworths Supermarket,Pantry,Kellogg's Lcms Poppers Chocolatey Snack Bites 100g,072662,$3.00,$3.00 / 100G,https://www.woolworths.com.au/shop/productdetails/72662/kellogg-s-lcms-poppers-chocolatey-snack-bites,https://cdn0.woolworths.media/content/wowproductimages/medium/072662.jpg,2020-09-21 17:27:05,,0,,True
5967ff1a-cdeb-4964-9e18-6dea68d8e579,Woolworths Supermarket,Pantry,Fibre One Carrot Cake Bars 4 pack,072675,$5.50,$5.50 / 100G,https://www.woolworths.com.au/shop/productdetails/72675/fibre-one-carrot-cake-bars,https://cdn0.woolworths.media/content/wowproductimages/medium/072675.jpg,2020-09-21 17:27:05,,0,,True
de5192e0-788d-44ba-a206-c0de21f348ee,Woolworths Supermarket,Pantry,Woolworths Plantitude Pad Thai Tofu With Noodles 350g,072692,$4.00,$1.14 / 100G,https://www.woolworths.com.au/shop/productdetails/72692/woolworths-plantitude-pad-thai-tofu-with-noodles,https://cdn0.woolworths.media/content/wowproductimages/medium/072692.jpg,2020-09-21 17:27:05,Average product rating out of 5: 2.9. Product score is based on 31 ratings,31,,True
6a41e4aa-0203-4131-b3c6-06ad18261144,Woolworths Supermarket,Pantry,Woolworths Plantitude Black Bean Tofu With Jasmine Rice 350g,072693,$4.00,$1.14 / 100G,https://www.woolworths.com.au/shop/productdetails/72693/woolworths-plantitude-black-bean-tofu-with-jasmine-rice,https://cdn0.woolworths.media/content/wowproductimages/medium/072693.jpg,2020-09-21 17:27:05,,0,,True
991709dc-0e18-42a8-bbf2-ad15305724ea,Woolworths Supermarket,Pantry,Woolworths Panang Tofu With Rice Meal 350g,072694,$4.00,$1.14 / 100G,https://www.woolworths.com.au/shop/productdetails/72694/woolworths-panang-tofu-with-rice-meal,https://cdn0.woolworths.media/content/wowproductimages/medium/072694.jpg,2020-09-21 17:27:05,,0,,True
3ce83504-4c0c-4929-a6ab-f8568a198deb,Woolworths Supermarket,Pantry,Oreo Grab & Go Original 9 pack,072699,$3.95,$1.54 / 100G,https://www.woolworths.com.au/shop/productdetails/72699/oreo-grab-go-original,https://cdn0.woolworths.media/content/wowproductimages/medium/072699.jpg,2020-09-21 17:27:05,,0,,True
2363b88c-4295-4b2d-9c66-a403d3c80f07,Woolworths Supermarket,Pantry,Woolworths White Rice Long Grain 5kg,072779,$6.70,$0.13 / 100G,https://www.woolworths.com.au/shop/productdetails/72779/woolworths-white-rice-long-grain,https://cdn0.woolworths.media/content/wowproductimages/medium/072779.jpg,2020-09-21 17:27:05,Average product rating out of 5: 4.8. Product score is based on 14 ratings,14,,True
cada85ad-34e1-4c3d-852c-d99e435b5d7f,Woolworths Supermarket,Pantry,Fibre One Triple Choc Cake Bars 4 pack,072992,,,https://www.woolworths.com.au/shop/productdetails/72992/fibre-one-triple-choc-cake-bars,https://cdn0.woolworths.media/content/wowproductimages/medium/072992.jpg,2020-09-21 17:27:05,,0,,False
bf84fabe-b545-41c2-8480-17297b27cf24,Woolworths Supermarket,Pantry,Oreo Family Pack Chocolate 370g,072998,$3.50,$10.41 / 1100G,https://www.woolworths.com.au/shop/productdetails/72998/oreo-family-pack-chocolate,https://cdn0.woolworths.media/content/wowproductimages/medium/072998.jpg,2020-09-21 17:27:05,,0,Was $4.50 9/09/2020,True
f0060b0d-9e0a-4c03-b640-77fcdfab3fef,Woolworths Supermarket,Pantry,Oreo Family Pack Original 370g,073032,$3.50,$0.95 / 100G,https://www.woolworths.com.au/shop/productdetails/73032/oreo-family-pack-original,https://cdn0.woolworths.media/content/wowproductimages/medium/073032.jpg,2020-09-21 17:27:05,,0,Was $4.50 9/09/2020,True
40b96b4d-a25d-42ba-a5c2-8e136a147f00,Woolworths Supermarket,Pantry,Woolworths Peanut Oil 750ml,073073,$5.00,$0.67 / 100ML,https://www.woolworths.com.au/shop/productdetails/73073/woolworths-peanut-oil,https://cdn0.woolworths.media/content/wowproductimages/medium/073073.jpg,2020-09-21 17:27:05,,0,,True
2d43c61f-7cc9-47dd-93f5-4cfea93e2608,Woolworths Supermarket,Pantry,Praise Mayonnaise Traditional 470g,073491,$4.20,$0.89 / 100G,https://www.woolworths.com.au/shop/productdetails/73491/praise-mayonnaise-traditional,https://cdn0.woolworths.media/content/wowproductimages/medium/073491.jpg,2020-09-21 17:27:05,,0,,True
9ee1e5d6-1c3a-467a-832c-34f1a321724a,Woolworths Supermarket,Pantry,Praise Mayonnaise Traditional Creamy 700g,073499,$5.00,$0.71 / 100G,https://www.woolworths.com.au/shop/productdetails/73499/praise-mayonnaise-traditional-creamy,https://cdn0.woolworths.media/content/wowproductimages/medium/073499.jpg,2020-09-21 17:27:05,,0,Was $5.70 09/04/2018,True
345f677f-1aa1-40b1-8876-8014f1ded8a2,Woolworths Supermarket,Pantry,John West Salmon Pink 415g,073595,$7.50,$18.07 / 1KG,https://www.woolworths.com.au/shop/productdetails/73595/john-west-salmon-pink,https://cdn0.woolworths.media/content/wowproductimages/medium/073595.jpg,2020-09-21 17:27:05,,0,,True
2b38264a-30dd-4dc2-99f2-039be3e2de8d,Woolworths Supermarket,Pantry,Masterfoods Barbecue Sauce 500ml,099696,$2.50,$0.50 / 100ML,https://www.woolworths.com.au/shop/productdetails/99696/masterfoods-barbecue-sauce,https://cdn0.woolworths.media/content/wowproductimages/medium/099696.jpg,2020-09-21 17:27:05,,0,,True
051f7e0c-f922-4cfa-a12d-ac6f501b8d52,Woolworths Supermarket,Pantry,Doritos Share Pack Cheese Supreme 170g,826731,$2.75,$1.62 / 100G,https://www.woolworths.com.au/shop/productdetails/826731/doritos-share-pack-cheese-supreme,https://cdn0.woolworths.media/content/wowproductimages/medium/826731.jpg,2020-09-21 17:27:05,,0,,True
22bb23a9-95ae-4adf-8b9f-5d197ea0d164,Woolworths Supermarket,Pantry,Arnott's Shortbread 250g,008838,$2.50,$1.00 / 100G,https://www.woolworths.com.au/shop/productdetails/8838/arnott-s-shortbread,https://cdn0.woolworths.media/content/wowproductimages/medium/008838.jpg,2020-09-21 17:27:05,,0,,True
6584a7ce-028c-47fb-98f6-599a370a3a55,Woolworths Supermarket,Pantry,Twisties Cheese Chips 90g,081659,$2.00,$2.22 / 100G,https://www.woolworths.com.au/shop/productdetails/81659/twisties-cheese-chips,https://cdn0.woolworths.media/content/wowproductimages/medium/081659.jpg,2020-09-21 17:27:05,,0,,True
a1322660-101f-41e2-8106-128da5487d6b,Woolworths Supermarket,Pantry,Bertolli Extra Virgin Olive Oil Originale 750ml,502951,$6.50,$0.87 / 100ML,https://www.woolworths.com.au/shop/productdetails/502951/bertolli-extra-virgin-olive-oil-originale,https://cdn0.woolworths.media/content/wowproductimages/medium/502951.jpg,2020-09-21 17:27:05,,0,,True
7188061c-7102-40c2-a9e5-7c8a0bc3dbdb,Woolworths Supermarket,Pantry,Valcom Canned Bamboo Shoots Sliced 225g,097730,$1.10,$4.89 / 1KG,https://www.woolworths.com.au/shop/productdetails/97730/valcom-canned-bamboo-shoots-sliced,https://cdn0.woolworths.media/content/wowproductimages/medium/097730.jpg,2020-09-21 17:27:05,,0,,True
aa855f04-eeaa-4973-aec6-13e905020ec8,Woolworths Supermarket,Pantry,Kellogg's Nutri-grain Protein Breakfast Cereal 290g,701706,$4.95,$1.71 / 100G,https://www.woolworths.com.au/shop/productdetails/701706/kellogg-s-nutri-grain-protein-breakfast-cereal,https://cdn0.woolworths.media/content/wowproductimages/medium/701706.jpg,2020-09-21 17:27:05,,0,,True
4a23c56f-f35c-4cef-aff7-f0bdae0549c0,Woolworths Supermarket,Pantry,Arnott's Malt O' Milk 250g,036036,$2.50,$1.00 / 100G,https://www.woolworths.com.au/shop/productdetails/36036/arnott-s-malt-o-milk,https://cdn0.woolworths.media/content/wowproductimages/medium/036036.jpg,2020-09-21 17:27:05,,0,,True
256138c3-066d-4677-ad96-30a65cce3651,Woolworths Supermarket,Pantry,Smith's Share Pack Crinkle Cut Salt & Vinegar 170g,826738,$2.75,$1.62 / 100G,https://www.woolworths.com.au/shop/productdetails/826738/smith-s-share-pack-crinkle-cut-salt-vinegar,https://cdn0.woolworths.media/content/wowproductimages/medium/826738.jpg,2020-09-21 17:27:05,,0,,True
bada1ad1-fbf1-484f-bf60-69d0da659e32,Woolworths Supermarket,Pantry,Arnott's Snack Right Sultana 250g,182697,$3.00,$1.20 / 100G,https://www.woolworths.com.au/shop/productdetails/182697/arnott-s-snack-right-sultana,https://cdn0.woolworths.media/content/wowproductimages/medium/182697.jpg,2020-09-21 17:27:05,,0,Was $4.20 11/02/2019,True
0aedd9c1-5145-4b83-b6f0-09f750c4956c,Woolworths Supermarket,Pantry,Toblerone Milk Chocolate Bar 50g,047011,$1.00,$2.00 / 100G,https://www.woolworths.com.au/shop/productdetails/47011/toblerone-milk-chocolate-bar,https://cdn0.woolworths.media/content/wowproductimages/medium/047011.jpg,2020-09-21 17:27:05,,0,,True
0922bcc1-acec-4a22-b425-f8552bd1670e,Woolworths Supermarket,Pantry,Kooka's Country Cookies Lemon 200g,347837,$2.00,$1.00 / 100G,https://www.woolworths.com.au/shop/productdetails/347837/kooka-s-country-cookies-lemon,https://cdn0.woolworths.media/content/wowproductimages/medium/347837.jpg,2020-09-21 17:27:05,,0,,True
4e72c400-5be8-45a4-b4a8-942df4c68050,Woolworths Supermarket,Pantry,Uncle Tobys Roll-ups Strawberry Fun Prints 6 pack,324231,$4.00,$4.26 / 100G,https://www.woolworths.com.au/shop/productdetails/324231/uncle-tobys-roll-ups-strawberry-fun-prints,https://cdn0.woolworths.media/content/wowproductimages/medium/324231.jpg,2020-09-21 17:27:05,,0,,True
b8e6e4db-62e2-45c9-bb8a-3139eda7b5f3,Woolworths Supermarket,Pantry,Woolworths Corn Sweet Kernels 420g,218926,$1.00,$2.38 / 1KG,https://www.woolworths.com.au/shop/productdetails/218926/woolworths-corn-sweet-kernels,https://cdn0.woolworths.media/content/wowproductimages/medium/218926.jpg,2020-09-21 17:27:05,Average product rating out of 5: 4.1. Product score is based on 215 ratings,215,,True
52363ab9-58ff-424f-b772-f368339fbb22,Woolworths Supermarket,Pantry,Moccona Freeze Dried Instant Coffee Classic Medium Roast 400g,208575,$24.00,$6.00 / 100G,https://www.woolworths.com.au/shop/productdetails/208575/moccona-freeze-dried-instant-coffee-classic-medium-roast,https://cdn0.woolworths.media/content/wowproductimages/medium/208575.jpg,2020-09-21 17:27:05,,0,,True
9a65d7ad-7718-486e-9089-ecdcc437762e,Woolworths Supermarket,Pantry,Macro Organic Quinoa Tri Colour 500g,717631,$7.00,$1.40 / 100G,https://www.woolworths.com.au/shop/productdetails/717631/macro-organic-quinoa-tri-colour,https://cdn0.woolworths.media/content/wowproductimages/medium/717631.jpg,2020-09-21 17:27:05,Average product rating out of 5: 4.6. Product score is based on 274 ratings,274,Was $9.99 09/01/2017,True
a982f5c5-5756-4384-952b-05b42dc0674e,Woolworths Supermarket,Pantry,Arnott's Shapes Cheddar 175g,384244,$2.50,$1.43 / 100G,https://www.woolworths.com.au/shop/productdetails/384244/arnott-s-shapes-cheddar,https://cdn0.woolworths.media/content/wowproductimages/medium/384244.jpg,2020-09-21 17:27:05,,0,,True
b8a42904-b5b0-4e69-a9bf-3bb3b6f7e677,Woolworths Supermarket,Pantry,Uncle Ben's Microwave Mexican Style Brown Rice 250g,727257,$3.00,$1.20 / 100G,https://www.woolworths.com.au/shop/productdetails/727257/uncle-ben-s-microwave-mexican-style-brown-rice,https://cdn0.woolworths.media/content/wowproductimages/medium/727257.jpg,2020-09-21 17:27:05,,0,,True
1a4f2c20-e39d-4db0-a492-bded828bf911,Woolworths Supermarket,Pantry,Pringles Sour Cream And Onion Chips 134g,479502,$2.50,$1.87 / 100G,https://www.woolworths.com.au/shop/productdetails/479502/pringles-sour-cream-and-onion-chips,https://cdn0.woolworths.media/content/wowproductimages/medium/479502.jpg,2020-09-21 17:27:05,,0,,True
c08bc1e1-7755-466a-9d1b-4b61f0f05ebb,Woolworths Supermarket,Pantry,Carman's Dark Choc Blueberry Superfood Bars 35g x12 pack,073655,$9.00,$2.14 / 100G,https://www.woolworths.com.au/shop/productdetails/73655/carman-s-dark-choc-blueberry-superfood-bars,https://cdn0.woolworths.media/content/wowproductimages/medium/073655.jpg,2020-09-21 17:27:05,,0,Was $10.00 08/04/2019,True
97434408-8fae-4e90-9191-86e99b50b0cf,Woolworths Supermarket,Pantry,Carman's Almond Hazelnut & Vanilla Nut Bars 35g x10 pack,073656,$9.00,$2.57 / 100G,https://www.woolworths.com.au/shop/productdetails/73656/carman-s-almond-hazelnut-vanilla-nut-bars,https://cdn0.woolworths.media/content/wowproductimages/medium/073656.jpg,2020-09-21 17:27:05,,0,Was $10.00 08/04/2019,True
fc7143cf-e2f4-4dc7-bca0-2e426946ecde,Woolworths Supermarket,Pantry,Sour Patch Kids Cola 220g,073688,$4.00,$1.82 / 100G,https://www.woolworths.com.au/shop/productdetails/73688/sour-patch-kids-cola,https://cdn0.woolworths.media/content/wowproductimages/medium/073688.jpg,2020-09-21 17:27:05,,0,,True
96492807-cac2-4e41-b96f-1f8a7f1f7b68,Woolworths Supermarket,Pantry,Sour Patch Kids Mega Duo's 220g,073689,$4.00,$1.82 / 100G,https://www.woolworths.com.au/shop/productdetails/73689/sour-patch-kids-mega-duo-s,https://cdn0.woolworths.media/content/wowproductimages/medium/073689.jpg,2020-09-21 17:27:05,,0,,True
5cf44c8f-a5f5-4b78-a756-bda895f626c3,Woolworths Supermarket,Pantry,Woolworths Double Strength White Vinegar 2l,073716,$2.20,$0.11 / 100ML,https://www.woolworths.com.au/shop/productdetails/73716/woolworths-double-strength-white-vinegar,https://cdn0.woolworths.media/content/wowproductimages/medium/073716.jpg,2020-09-21 17:27:05,,0,,True
1cc73d79-e0ff-4409-a0a9-fc80e73cf6f8,Woolworths Supermarket,Pantry,Woolworths Chicken Salt 400g,073717,$4.00,$0.10 / 10G,https://www.woolworths.com.au/shop/productdetails/73717/woolworths-chicken-salt,https://cdn0.woolworths.media/content/wowproductimages/medium/073717.jpg,2020-09-21 17:27:05,,0,,True
196c061b-61ca-4363-b57b-443ebbc7a6b8,Woolworths Supermarket,Pantry,Woolworths Barbecue Sauce 2l,073863,$5.25,$0.26 / 100ML,https://www.woolworths.com.au/shop/productdetails/73863/woolworths-barbecue-sauce,https://cdn0.woolworths.media/content/wowproductimages/medium/073863.jpg,2020-09-21 17:27:05,Average product rating out of 5: 4.3. Product score is based on 347 ratings,347,,True
1629a864-2a6c-4c5c-bc80-7bf9f95eaf8f,Woolworths Supermarket,Pantry,Mckenzie's Dried Green Split Peas 500g,073928,$1.45,$2.90 / 1KG,https://www.woolworths.com.au/shop/productdetails/73928/mckenzie-s-dried-green-split-peas,https://cdn0.woolworths.media/content/wowproductimages/medium/073928.jpg,2020-09-21 17:27:05,,0,,True
a99e27a9-5b1b-4067-90c2-90f191916b35,Woolworths Supermarket,Pantry,Mckenzie's Beans Red Kidney 375g,073954,$2.69,$7.17 / 1KG,https://www.woolworths.com.au/shop/productdetails/73954/mckenzie-s-beans-red-kidney,https://cdn0.woolworths.media/content/wowproductimages/medium/073954.jpg,2020-09-21 17:27:05,,0,,True
61ae6f3d-d14c-4c23-a491-3cfd50de6aa0,Woolworths Supermarket,Pantry,Sun Valley True Fruit Bars 100% Tropical Fruit Nas 6 pack,074002,$4.50,$3.75 / 100G,https://www.woolworths.com.au/shop/productdetails/74002/sun-valley-true-fruit-bars-100-tropical-fruit-nas,https://cdn0.woolworths.media/content/wowproductimages/medium/074002.jpg,2020-09-21 17:27:05,Average product rating out of 5: 4.7. Product score is based on 37 ratings,37,,True
ffa9e431-a497-4ef5-accb-46173b28f00c,Woolworths Supermarket,Pantry,Lavazza Qualita Oro Coffee Beans 1kg,074006,$30.00,$3.00 / 100G,https://www.woolworths.com.au/shop/productdetails/74006/lavazza-qualita-oro-coffee-beans,https://cdn0.woolworths.media/content/wowproductimages/medium/074006.jpg,2020-09-21 17:27:05,,0,,True
e1be8478-ede2-4d08-af48-2dfb612101f4,Woolworths Supermarket,Pantry,Fehlbergs Onions Pickled 500g,074080,$4.80,$9.60 / 1KG,https://www.woolworths.com.au/shop/productdetails/74080/fehlbergs-onions-pickled,https://cdn0.woolworths.media/content/wowproductimages/medium/074080.jpg,2020-09-21 17:27:05,,0,,True
8a81acaa-0240-45c8-b154-cb9ce718698e,Woolworths Supermarket,Pantry,Spring Gully Gherkins Sweet Spiced 550g,074404,$4.10,$7.45 / 1KG,https://www.woolworths.com.au/shop/productdetails/74404/spring-gully-gherkins-sweet-spiced,https://cdn0.woolworths.media/content/wowproductimages/medium/074404.jpg,2020-09-21 17:27:05,,0,,True
5ee2ed89-f45b-4d34-b2e2-e79ba282b4ab,Woolworths Supermarket,Pantry,Gravox Gravy Mix Mushroom & Garlic 29g,074458,$1.10,$0.38 / 10G,https://www.woolworths.com.au/shop/productdetails/74458/gravox-gravy-mix-mushroom-garlic,https://cdn0.woolworths.media/content/wowproductimages/medium/074458.jpg,2020-09-21 17:27:05,,0,,True
bda48d99-0e4a-4140-b87c-3cda85880da6,Woolworths Supermarket,Pantry,Peckish Rice Crackers With Garden Vegetables Multibag 6 pack,074478,$3.50,$0.29 / 10G,https://www.woolworths.com.au/shop/productdetails/74478/peckish-rice-crackers-with-garden-vegetables-multibag,https://cdn0.woolworths.media/content/wowproductimages/medium/074478.jpg,2020-09-21 17:27:05,,0,,True
c54de607-27a6-4274-86d7-25b55bc7e57f,Woolworths Supermarket,Pantry,Masterfoods Pizza Seasoning Sprinkle 18g,074502,$2.95,$1.64 / 10G,https://www.woolworths.com.au/shop/productdetails/74502/masterfoods-pizza-seasoning-sprinkle,https://cdn0.woolworths.media/content/wowproductimages/medium/074502.jpg,2020-09-21 17:27:05,,0,,True
cae15511-30dd-40fb-a7d2-423aba7f8e1f,Woolworths Supermarket,Pantry,La Molisana Pastificio Extra Di Lusso Potato Gnocchi 500g,074641,,,https://www.woolworths.com.au/shop/productdetails/74641/la-molisana-pastificio-extra-di-lusso-potato-gnocchi,https://cdn0.woolworths.media/content/wowproductimages/medium/074641.jpg,2020-09-21 17:27:05,,0,,False
b1c294a2-1970-49e5-8d22-ffcdba9394d7,Woolworths Supermarket,Pantry,Darrell Lea Dark Liquorice Block 180g,074733,$3.00,$1.67 / 100G,https://www.woolworths.com.au/shop/productdetails/74733/darrell-lea-dark-liquorice-block,https://cdn0.woolworths.media/content/wowproductimages/medium/074733.jpg,2020-09-21 17:27:05,,0,,True
4b87a3a9-3f00-40bb-b562-6cce2596fef1,Woolworths Supermarket,Pantry,La Molisana Pastificio Extra Di Lusso Rigatoni Divini 500g,074791,$2.80,$0.56 / 100G,https://www.woolworths.com.au/shop/productdetails/74791/la-molisana-pastificio-extra-di-lusso-rigatoni-divini,https://cdn0.woolworths.media/content/wowproductimages/medium/074791.jpg,2020-09-21 17:27:05,,0,,True
d095f586-13da-421d-ad3c-3e466f844984,Woolworths Supermarket,Pantry,La Molisana Pastificio Extra Di Lusso Fusilloni Superiori 500g,074792,$5.00,$1.00 / 100G,https://www.woolworths.com.au/shop/productdetails/74792/la-molisana-pastificio-extra-di-lusso-fusilloni-superiori,https://cdn0.woolworths.media/content/wowproductimages/medium/074792.jpg,2020-09-21 17:27:05,,0,,True
ae3c6b25-35d6-4e69-808c-83b68af3df88,Woolworths Supermarket,Pantry,La Molisana Pastificio Extra Di Lusso Wholewheat Penne Rigate 500g,074794,$3.00,$0.60 / 100G,https://www.woolworths.com.au/shop/productdetails/74794/la-molisana-pastificio-extra-di-lusso-wholewheat-penne-rigate,https://cdn0.woolworths.media/content/wowproductimages/medium/074794.jpg,2020-09-21 17:27:05,,0,,True
b2deecbc-d5b8-46d5-bf40-cca0906bd09c,Woolworths Supermarket,Pantry,La Molisana Pastificio Extra Di Lusso Wholewheat Linguine 500g,074796,$3.00,$0.60 / 100G,https://www.woolworths.com.au/shop/productdetails/74796/la-molisana-pastificio-extra-di-lusso-wholewheat-linguine,https://cdn0.woolworths.media/content/wowproductimages/medium/074796.jpg,2020-09-21 17:27:05,,0,,True
8fbb97a4-919a-480b-836e-564e3e043928,Woolworths Supermarket,Pantry,La Molisana Pastificio Extra Di Lusso Wholewheat Spaghetti 500g,074798,$3.00,$0.60 / 100G,https://www.woolworths.com.au/shop/productdetails/74798/la-molisana-pastificio-extra-di-lusso-wholewheat-spaghetti,https://cdn0.woolworths.media/content/wowproductimages/medium/074798.jpg,2020-09-21 17:27:05,,0,,True
df00d859-1645-41c1-a5cd-6bb567cea71d,Woolworths Supermarket,Pantry,La Molisana Pastificio Extra Di Lusso Paccarielli Rigati 500g,074799,$5.00,$1.00 / 100G,https://www.woolworths.com.au/shop/productdetails/74799/la-molisana-pastificio-extra-di-lusso-paccarielli-rigati,https://cdn0.woolworths.media/content/wowproductimages/medium/074799.jpg,2020-09-21 17:27:05,,0,,True
730b1c46-85ea-426e-8268-3b52a65aefcb,Woolworths Supermarket,Pantry,Arnott's Shapes Chicken Crimpy 175g,384245,$2.50,$1.43 / 100G,https://www.woolworths.com.au/shop/productdetails/384245/arnott-s-shapes-chicken-crimpy,https://cdn0.woolworths.media/content/wowproductimages/medium/384245.jpg,2020-09-21 17:27:05,,0,,True
d35970c1-1ea2-4b53-a08b-ce1aef4b83c9,Woolworths Supermarket,Pantry,Sunbites Grain Waves Sour Cream & Chives 5 pack,720220,$3.10,$2.82 / 100G,https://www.woolworths.com.au/shop/productdetails/720220/sunbites-grain-waves-sour-cream-chives,https://cdn0.woolworths.media/content/wowproductimages/medium/720220.jpg,2020-09-21 17:27:05,,0,2 for $5.00,True
433ef930-7bc0-491b-84c9-75dd2357f2ba,Woolworths Supermarket,Pantry,Ardmona Tomatoes Diced No Added Salt 400g,226849,$1.40,$3.50 / 1KG,https://www.woolworths.com.au/shop/productdetails/226849/ardmona-tomatoes-diced-no-added-salt,https://cdn0.woolworths.media/content/wowproductimages/medium/226849.jpg,2020-09-21 17:27:05,,0,,True
33af6be5-b7cf-437b-abd7-f5a45c411916,Woolworths Supermarket,Pantry,Mckenzie's Rice Flour 375g,094275,$1.50,$4.00 / 1KG,https://www.woolworths.com.au/shop/productdetails/94275/mckenzie-s-rice-flour,https://cdn0.woolworths.media/content/wowproductimages/medium/094275.jpg,2020-09-21 17:27:05,,0,,True
8c6b2476-29c8-4e68-95c4-265d3a561fed,Woolworths Supermarket,Pantry,Mckenzie's Himalayan Salt Rock Pink 400g,749926,$5.95,$0.15 / 10G,https://www.woolworths.com.au/shop/productdetails/749926/mckenzie-s-himalayan-salt-rock-pink,https://cdn0.woolworths.media/content/wowproductimages/medium/749926.jpg,2020-09-21 17:27:05,,0,,True
4858cbc0-e25b-4773-b05c-71cb6e8d46ee,Woolworths Supermarket,Pantry,Cadbury Dairy Milk Chocolate Fair Trade 350g,757883,$5.00,$1.43 / 100G,https://www.woolworths.com.au/shop/productdetails/757883/cadbury-dairy-milk-chocolate-fair-trade,https://cdn0.woolworths.media/content/wowproductimages/medium/757883.jpg,2020-09-21 17:27:05,,0,Was $6.30 16/01/2017,True
86f161f5-b5cc-4104-92b9-f4134cf7e43a,Woolworths Supermarket,Pantry,Heinz Canned Soup Big Red Tomato 420g,034331,$2.20,$0.52 / 100G,https://www.woolworths.com.au/shop/productdetails/34331/heinz-canned-soup-big-red-tomato,https://cdn0.woolworths.media/content/wowproductimages/medium/034331.jpg,2020-09-21 17:27:05,,0,,True
c4e38d98-f597-46a1-807b-05caedf189f1,Woolworths Supermarket,Pantry,Essentials Pasta Penne 500g,188800,$0.80,$0.16 / 100G,https://www.woolworths.com.au/shop/productdetails/188800/essentials-pasta-penne,https://cdn0.woolworths.media/content/wowproductimages/medium/188800.jpg,2020-09-21 17:27:05,,0,,True
f5bba323-fd25-4229-b534-05dd7ba2f628,Woolworths Supermarket,Pantry,Ritz Crackers Original 300g,660562,$2.50,$0.83 / 100G,https://www.woolworths.com.au/shop/productdetails/660562/ritz-crackers-original,https://cdn0.woolworths.media/content/wowproductimages/medium/660562.jpg,2020-09-21 17:27:05,,0,,True
31d1fcd9-e0e1-41d3-8e23-887cdd13c70c,Woolworths Supermarket,Pantry,Macro Organic Quinoa Tri Colour 500g,717631,$7.00,$1.40 / 100G,https://www.woolworths.com.au/shop/productdetails/717631/macro-organic-quinoa-tri-colour,https://cdn0.woolworths.media/content/wowproductimages/medium/717631.jpg,2020-09-21 17:27:05,Average product rating out of 5: 4.6. Product score is based on 274 ratings,274,Was $9.99 09/01/2017,True
a4cd194e-d2ad-4368-b2cf-b7721a005312,Woolworths Supermarket,Pantry,Cadbury Fry's Turkish Delight 55g bar,098390,$1.00,$1.82 / 100G,https://www.woolworths.com.au/shop/productdetails/98390/cadbury-fry-s-turkish-delight,https://cdn0.woolworths.media/content/wowproductimages/medium/098390.jpg,2020-09-21 17:27:05,,0,,True
d24a48e1-ebba-42ad-aa5b-340bb2435fdb,Woolworths Supermarket,Pantry,Indomie Mi Goreng Instant Noodles 5pk 425g,177972,$2.75,$0.65 / 100G,https://www.woolworths.com.au/shop/productdetails/177972/indomie-mi-goreng-instant-noodles,https://cdn0.woolworths.media/content/wowproductimages/medium/177972.jpg,2020-09-21 17:27:05,,0,,True
755845d9-e1c4-40fc-aeee-2edfc68aaaab,Woolworths Supermarket,Pantry,Masterfoods Barbecue Sauce 500ml,099696,$2.50,$0.50 / 100ML,https://www.woolworths.com.au/shop/productdetails/99696/masterfoods-barbecue-sauce,https://cdn0.woolworths.media/content/wowproductimages/medium/099696.jpg,2020-09-21 17:27:05,,0,,True
0f9bf7ec-9bb6-4ca8-9f3b-7b0d94fcf249,Woolworths Supermarket,Pantry,Woolworths Rolled Traditional Oats 750g,321220,$1.40,$0.19 / 100G,https://www.woolworths.com.au/shop/productdetails/321220/woolworths-rolled-traditional-oats,https://cdn0.woolworths.media/content/wowproductimages/medium/321220.jpg,2020-09-21 17:27:05,Average product rating out of 5: 4.6. Product score is based on 748 ratings,748,,True
1706c606-d257-40c9-baeb-a2bd2502e36f,Woolworths Supermarket,Pantry,Woolworths Diced Italian Tomatoes No Added Salt 400g,770320,$0.80,$2.00 / 1KG,https://www.woolworths.com.au/shop/productdetails/770320/woolworths-diced-italian-tomatoes-no-added-salt,https://cdn0.woolworths.media/content/wowproductimages/medium/770320.jpg,2020-09-21 17:27:05,Average product rating out of 5: 4.7. Product score is based on 311 ratings,311,,True
7f4db08b-a228-4669-8939-3978bc768801,Woolworths Supermarket,Pantry,Continental Cup A Soup Creamy Chicken With Lots Of Noodles 2 pack,026649,$2.00,$3.33 / 100G,https://www.woolworths.com.au/shop/productdetails/26649/continental-cup-a-soup-creamy-chicken-with-lots-of-noodles,https://cdn0.woolworths.media/content/wowproductimages/medium/026649.jpg,2020-09-21 17:27:05,,0,,True
24451286-0dd7-4c9e-9f69-75bd9b90284d,Woolworths Supermarket,Pantry,Essentials Raw Sugar 2kg,018174,$2.10,$0.11 / 100G,https://www.woolworths.com.au/shop/productdetails/18174/essentials-raw-sugar,https://cdn0.woolworths.media/content/wowproductimages/medium/018174.jpg,2020-09-21 17:27:05,,0,,True
768fa042-8506-4b3a-9ee3-b28ccd0a1deb,Woolworths Supermarket,Pantry,Arnott's Monte Carlo 250g,036031,$3.00,$1.20 / 100G,https://www.woolworths.com.au/shop/productdetails/36031/arnott-s-monte-carlo,https://cdn0.woolworths.media/content/wowproductimages/medium/036031.jpg,2020-09-21 17:27:05,,0,,True
83fe8090-61c7-4693-97bd-794c79ad8aff,Woolworths Supermarket,Pantry,Fantastic Rice Crackers Original 100g,035231,$1.50,$1.50 / 100G,https://www.woolworths.com.au/shop/productdetails/35231/fantastic-rice-crackers-original,https://cdn0.woolworths.media/content/wowproductimages/medium/035231.jpg,2020-09-21 17:27:05,,0,,True
80d5b8fd-0889-4383-b457-9094e237058a,Woolworths Supermarket,Pantry,Sunbites Grain Waves Sour Cream & Chives 170g,082361,$3.50,$2.06 / 100G,https://www.woolworths.com.au/shop/productdetails/82361/sunbites-grain-waves-sour-cream-chives,https://cdn0.woolworths.media/content/wowproductimages/medium/082361.jpg,2020-09-21 17:27:05,,0,,True
b26ad125-c7e4-4764-8a72-9e0f8e5d8327,Woolworths Supermarket,Pantry,Fuel10k Protein Liquid Breakfast Drink Vanilla 330ml,074820,$2.50,$7.58 / 1L,https://www.woolworths.com.au/shop/productdetails/74820/fuel10k-protein-liquid-breakfast-drink-vanilla,https://cdn0.woolworths.media/content/wowproductimages/medium/074820.jpg,2020-09-21 17:27:05,,0,,True
6e6a094d-1c5d-439e-b05f-c7a62f381081,Woolworths Supermarket,Pantry,Fuel10k Protein Liquid Breakfast Drink Vanilla 330ml x8 pack,074821,$20.00,$7.58 / 1L,https://www.woolworths.com.au/shop/productdetails/74821/fuel10k-protein-liquid-breakfast-drink-vanilla,https://cdn0.woolworths.media/content/wowproductimages/medium/074821.jpg,2020-09-21 17:27:05,,0,,True
2b6e2dff-0bcd-493c-ba8f-b9cd921048e3,Woolworths Supermarket,Pantry,Fuel10k Protein Liquid Breakfast Drink Strawberry 330ml,074842,$2.50,$7.58 / 1L,https://www.woolworths.com.au/shop/productdetails/74842/fuel10k-protein-liquid-breakfast-drink-strawberry,https://cdn0.woolworths.media/content/wowproductimages/medium/074842.jpg,2020-09-21 17:27:05,,0,,True
79e7cd0e-28cf-4240-b9df-b31607d930df,Woolworths Supermarket,Pantry,Fuel10k Protein Liquid Breakfast Drink Strawberry 330ml x8 pack,074843,$20.00,$7.58 / 1L,https://www.woolworths.com.au/shop/productdetails/74843/fuel10k-protein-liquid-breakfast-drink-strawberry,https://cdn0.woolworths.media/content/wowproductimages/medium/074843.jpg,2020-09-21 17:27:05,,0,,True
2a69c2f9-fa44-438a-bd70-7fce909afc3c,Woolworths Supermarket,Pantry,Fuel10k Protein Liquid Breakfast Drink Chocolate 330ml,074844,$2.50,$7.58 / 1L,https://www.woolworths.com.au/shop/productdetails/74844/fuel10k-protein-liquid-breakfast-drink-chocolate,https://cdn0.woolworths.media/content/wowproductimages/medium/074844.jpg,2020-09-21 17:27:05,,0,,True
188a7625-6b3e-4afc-a855-066d141c407a,Woolworths Supermarket,Pantry,Fuel10k Protein Liquid Breakfast Drink Chocolate 330ml x8 pack,074845,$20.00,$7.58 / 1L,https://www.woolworths.com.au/shop/productdetails/74845/fuel10k-protein-liquid-breakfast-drink-chocolate,https://cdn0.woolworths.media/content/wowproductimages/medium/074845.jpg,2020-09-21 17:27:05,,0,,True
3d47a5dc-7cae-4d67-888c-bcb6ccde4d76,Woolworths Supermarket,Pantry,La Molisana Pastifico Extra Di Lusso Farfalle Rigate 500g,074920,$2.80,$0.56 / 100G,https://www.woolworths.com.au/shop/productdetails/74920/la-molisana-pastifico-extra-di-lusso-farfalle-rigate,https://cdn0.woolworths.media/content/wowproductimages/medium/074920.jpg,2020-09-21 17:27:05,,0,,True
b9cd0a9b-42ed-4e40-a108-194e3cc4c225,Woolworths Supermarket,Pantry,Mckenzie's Pepper Black Ground 100g,075194,$3.75,$0.38 / 10G,https://www.woolworths.com.au/shop/productdetails/75194/mckenzie-s-pepper-black-ground,https://cdn0.woolworths.media/content/wowproductimages/medium/075194.jpg,2020-09-21 17:27:05,,0,,True
e207e84d-e691-4dfa-a848-b85d72c5fb77,Woolworths Supermarket,Pantry,Mckenzie's Bi Carb Soda 500g,075201,$2.30,$0.46 / 100G,https://www.woolworths.com.au/shop/productdetails/75201/mckenzie-s-bi-carb-soda,https://cdn0.woolworths.media/content/wowproductimages/medium/075201.jpg,2020-09-21 17:27:05,,0,,True
24f1efda-d794-4b74-8408-83e46ecbddba,Woolworths Supermarket,Pantry,Mckenzie's Pepper White Ground 100g,075202,$3.75,$0.38 / 10G,https://www.woolworths.com.au/shop/productdetails/75202/mckenzie-s-pepper-white-ground,https://cdn0.woolworths.media/content/wowproductimages/medium/075202.jpg,2020-09-21 17:27:05,,0,,True
f94913c5-422d-4c78-b83f-686888a96570,Woolworths Supermarket,Pantry,Sirena Tuna In Springwater 185g,075363,$4.30,$23.24 / 1KG,https://www.woolworths.com.au/shop/productdetails/75363/sirena-tuna-in-springwater,https://cdn0.woolworths.media/content/wowproductimages/medium/075363.jpg,2020-09-21 17:27:05,,0,,True
90f18fc0-8e05-4d7c-a1e5-361324ea3a14,Woolworths Supermarket,Pantry,Maretti Bruschette Chips Tomato Olives & Oregano 150g,075660,$2.50,$1.67 / 100G,https://www.woolworths.com.au/shop/productdetails/75660/maretti-bruschette-chips-tomato-olives-oregano,https://cdn0.woolworths.media/content/wowproductimages/medium/075660.jpg,2020-09-21 17:27:05,,0,Was $3.50 22/10/2019,True
28d696b7-33ad-4032-b56a-fc726981bdc4,Woolworths Supermarket,Pantry,Maltesers Extra Choc Medium Pouch 120g,075701,$4.50,$3.75 / 100G,https://www.woolworths.com.au/shop/productdetails/75701/maltesers-extra-choc-medium-pouch,https://cdn0.woolworths.media/content/wowproductimages/medium/075701.jpg,2020-09-21 17:27:05,,0,,True
41c9caac-75fc-450c-b8bf-3559b8629751,Woolworths Supermarket,Pantry,M&m's Mint Medium Pouch 160g,075762,$4.50,$2.81 / 100G,https://www.woolworths.com.au/shop/productdetails/75762/m-m-s-mint-medium-pouch,https://cdn0.woolworths.media/content/wowproductimages/medium/075762.jpg,2020-09-21 17:27:05,,0,,True
e1d3406b-0056-4f16-9ee5-3eb8417a4c24,Woolworths Supermarket,Pantry,Wrigley's 5 Gum Blueberry Rush Stick Sugarfree 32g,075763,$2.00,$6.25 / 100G,https://www.woolworths.com.au/shop/productdetails/75763/wrigley-s-5-gum-blueberry-rush-stick-sugarfree,https://cdn0.woolworths.media/content/wowproductimages/medium/075763.jpg,2020-09-21 17:27:05,,0,,True
8c89fd1b-18d8-414e-a2a5-85ebb3623e63,Woolworths Supermarket,Pantry,Wrigley's 5 Gum Watermelon Burst Sugar Free 32g,075764,$2.00,$6.25 / 100G,https://www.woolworths.com.au/shop/productdetails/75764/wrigley-s-5-gum-watermelon-burst-sugar-free,https://cdn0.woolworths.media/content/wowproductimages/medium/075764.jpg,2020-09-21 17:27:05,,0,,True
403a9316-1cd7-4d66-aee7-7d6648ea5538,Woolworths Supermarket,Pantry,Wrigley's 5 Gum Cool Mint Stick Sugarfree 32g,075765,$2.00,$6.25 / 100G,https://www.woolworths.com.au/shop/productdetails/75765/wrigley-s-5-gum-cool-mint-stick-sugarfree,https://cdn0.woolworths.media/content/wowproductimages/medium/075765.jpg,2020-09-21 17:27:05,,0,,True
bc699fbb-50d2-46a2-955d-33c2b5b0bf15,Woolworths Supermarket,Pantry,Sunrice White Rice Calrose Medium Grain 10kg,075816,$24.00,$0.24 / 100G,https://www.woolworths.com.au/shop/productdetails/75816/sunrice-white-rice-calrose-medium-grain,https://cdn0.woolworths.media/content/wowproductimages/medium/075816.jpg,2020-09-21 17:27:05,,0,,True
3a016b37-3567-44a7-b380-ba2d27bcc98d,Woolworths Supermarket,Pantry,Nerada Tea Bags 200pk 400g,075979,$4.25,$0.02 / 1EA,https://www.woolworths.com.au/shop/productdetails/75979/nerada-tea-bags,https://cdn0.woolworths.media/content/wowproductimages/medium/075979.jpg,2020-09-21 17:27:05,,0,,True
e42754a5-3b73-458f-8039-bffd61eb5377,Woolworths Supermarket,Pantry,Harringtons Chocolate Mint Cream Thins 150g gift box,076008,$3.30,$2.20 / 100G,https://www.woolworths.com.au/shop/productdetails/76008/harringtons-chocolate-mint-cream-thins,https://cdn0.woolworths.media/content/wowproductimages/medium/076008.jpg,2020-09-21 17:27:05,,0,,True
e6833c46-da61-4668-acb7-fd6261ae8f05,Woolworths Supermarket,Pantry,Angas Park Apricot Diced 200g,076083,$6.00,$30.00 / 1KG,https://www.woolworths.com.au/shop/productdetails/76083/angas-park-apricot-diced,https://cdn0.woolworths.media/content/wowproductimages/medium/076083.jpg,2020-09-21 17:27:05,,0,,True
7fe56294-ae98-456d-88da-1556b20be61a,Woolworths Supermarket,Pantry,Mars Pods Smores Chocolate Medium Bag 160g,076173,$4.50,$2.81 / 100G,https://www.woolworths.com.au/shop/productdetails/76173/mars-pods-smores-chocolate-medium-bag,https://cdn0.woolworths.media/content/wowproductimages/medium/076173.jpg,2020-09-21 17:27:05,,0,,True
315d8489-5fa6-4c24-98bd-02aea50a82f4,Woolworths Supermarket,Pantry,Chang's Fried Noodles 100g,076191,$1.40,$1.40 / 100G,https://www.woolworths.com.au/shop/productdetails/76191/chang-s-fried-noodles,https://cdn0.woolworths.media/content/wowproductimages/medium/076191.jpg,2020-09-21 17:27:05,,0,,True
d13bcb0a-8df5-4f1c-9699-bac2380ec822,Woolworths Supermarket,Pantry,Chang's Sesame Oil 150ml,076240,$3.00,$2.00 / 100ML,https://www.woolworths.com.au/shop/productdetails/76240/chang-s-sesame-oil,https://cdn0.woolworths.media/content/wowproductimages/medium/076240.jpg,2020-09-21 17:27:05,,0,,True
5e367ab4-2d18-4054-ae14-82fe8e718b69,Woolworths Supermarket,Pantry,Arnott's Shapes Chicken Crimpy 175g,384245,$2.50,$1.43 / 100G,https://www.woolworths.com.au/shop/productdetails/384245/arnott-s-shapes-chicken-crimpy,https://cdn0.woolworths.media/content/wowproductimages/medium/384245.jpg,2020-09-21 17:27:05,,0,,True
e2f5e684-650e-42ae-8538-2942b95e2933,Woolworths Supermarket,Pantry,Sunbites Grain Waves Sour Cream & Chives 5 pack,720220,$3.10,$2.82 / 100G,https://www.woolworths.com.au/shop/productdetails/720220/sunbites-grain-waves-sour-cream-chives,https://cdn0.woolworths.media/content/wowproductimages/medium/720220.jpg,2020-09-21 17:27:05,,0,2 for $5.00,True
de4e4ad4-0f65-444d-8c44-1d7bbc22a2d4,Woolworths Supermarket,Pantry,Essentials Raw Sugar 2kg,018174,$2.10,$0.11 / 100G,https://www.woolworths.com.au/shop/productdetails/18174/essentials-raw-sugar,https://cdn0.woolworths.media/content/wowproductimages/medium/018174.jpg,2020-09-21 17:27:05,,0,,True
cd341890-ad28-449f-9715-4ad65a95fe5e,Woolworths Supermarket,Pantry,Indomie Mi Goreng Instant Noodles 5pk 425g,177972,$2.75,$0.65 / 100G,https://www.woolworths.com.au/shop/productdetails/177972/indomie-mi-goreng-instant-noodles,https://cdn0.woolworths.media/content/wowproductimages/medium/177972.jpg,2020-09-21 17:27:05,,0,,True
fc1ab5dc-d3ca-442b-9d4b-657f25e9fbda,Woolworths Supermarket,Pantry,Fantastic Rice Crackers Original 100g,035231,$1.50,$1.50 / 100G,https://www.woolworths.com.au/shop/productdetails/35231/fantastic-rice-crackers-original,https://cdn0.woolworths.media/content/wowproductimages/medium/035231.jpg,2020-09-21 17:27:05,,0,,True
8aa03b83-c9ff-4ba7-ad6d-2a1381da2d81,Woolworths Supermarket,Pantry,Ritz Crackers Original 300g,660562,$2.50,$0.83 / 100G,https://www.woolworths.com.au/shop/productdetails/660562/ritz-crackers-original,https://cdn0.woolworths.media/content/wowproductimages/medium/660562.jpg,2020-09-21 17:27:05,,0,,True
968ba644-82e7-4036-b12c-3ef732212cc5,Woolworths Supermarket,Pantry,Masterfoods Barbecue Sauce 500ml,099696,$2.50,$0.50 / 100ML,https://www.woolworths.com.au/shop/productdetails/99696/masterfoods-barbecue-sauce,https://cdn0.woolworths.media/content/wowproductimages/medium/099696.jpg,2020-09-21 17:27:05,,0,,True
39861745-96c6-4e58-9fdf-1eded1c395cd,Woolworths Supermarket,Pantry,Cadbury Fry's Turkish Delight 55g bar,098390,$1.00,$1.82 / 100G,https://www.woolworths.com.au/shop/productdetails/98390/cadbury-fry-s-turkish-delight,https://cdn0.woolworths.media/content/wowproductimages/medium/098390.jpg,2020-09-21 17:27:05,,0,,True
2f07583c-02cb-4c6c-bc28-dc42e74a1079,Woolworths Supermarket,Pantry,Ardmona Tomatoes Diced No Added Salt 400g,226849,$1.40,$3.50 / 1KG,https://www.woolworths.com.au/shop/productdetails/226849/ardmona-tomatoes-diced-no-added-salt,https://cdn0.woolworths.media/content/wowproductimages/medium/226849.jpg,2020-09-21 17:27:05,,0,,True
c97598c6-fafe-47c0-bde3-34c09f17bd78,Woolworths Supermarket,Pantry,Mckenzie's Rice Flour 375g,094275,$1.50,$4.00 / 1KG,https://www.woolworths.com.au/shop/productdetails/94275/mckenzie-s-rice-flour,https://cdn0.woolworths.media/content/wowproductimages/medium/094275.jpg,2020-09-21 17:27:05,,0,,True
0b157ebb-ae7f-405a-8e38-b00a2f9fbe50,Woolworths Supermarket,Pantry,Woolworths Diced Italian Tomatoes No Added Salt 400g,770320,$0.80,$2.00 / 1KG,https://www.woolworths.com.au/shop/productdetails/770320/woolworths-diced-italian-tomatoes-no-added-salt,https://cdn0.woolworths.media/content/wowproductimages/medium/770320.jpg,2020-09-21 17:27:05,Average product rating out of 5: 4.7. Product score is based on 311 ratings,311,,True
d8ce00e9-ba14-4b02-adab-b887673b338b,Woolworths Supermarket,Pantry,Arnott's Monte Carlo 250g,036031,$3.00,$1.20 / 100G,https://www.woolworths.com.au/shop/productdetails/36031/arnott-s-monte-carlo,https://cdn0.woolworths.media/content/wowproductimages/medium/036031.jpg,2020-09-21 17:27:05,,0,,True
d30876cd-d6f2-4e01-b704-d35769659d02,Woolworths Supermarket,Pantry,Woolworths Rolled Traditional Oats 750g,321220,$1.40,$0.19 / 100G,https://www.woolworths.com.au/shop/productdetails/321220/woolworths-rolled-traditional-oats,https://cdn0.woolworths.media/content/wowproductimages/medium/321220.jpg,2020-09-21 17:27:05,Average product rating out of 5: 4.6. Product score is based on 748 ratings,748,,True
f1d3cfaa-6e13-4ae2-a30b-ca69aef42ccb,Woolworths Supermarket,Pantry,Essentials Pasta Penne 500g,188800,$0.80,$0.16 / 100G,https://www.woolworths.com.au/shop/productdetails/188800/essentials-pasta-penne,https://cdn0.woolworths.media/content/wowproductimages/medium/188800.jpg,2020-09-21 17:27:05,,0,,True
61f6d45a-7cbc-4fc8-b20b-bdc35568df5c,Woolworths Supermarket,Pantry,Heinz Canned Soup Big Red Tomato 420g,034331,$2.20,$0.52 / 100G,https://www.woolworths.com.au/shop/productdetails/34331/heinz-canned-soup-big-red-tomato,https://cdn0.woolworths.media/content/wowproductimages/medium/034331.jpg,2020-09-21 17:27:05,,0,,True
cc5aecce-32c6-4335-b93c-bd622a6cf983,Woolworths Supermarket,Pantry,Macro Organic Quinoa Tri Colour 500g,717631,$7.00,$1.40 / 100G,https://www.woolworths.com.au/shop/productdetails/717631/macro-organic-quinoa-tri-colour,https://cdn0.woolworths.media/content/wowproductimages/medium/717631.jpg,2020-09-21 17:27:05,Average product rating out of 5: 4.6. Product score is based on 274 ratings,274,Was $9.99 09/01/2017,True
08b8905f-2ad3-4083-be8a-890f13ca25ce,Woolworths Supermarket,Pantry,Cadbury Dairy Milk Chocolate Fair Trade 350g,757883,$5.00,$1.43 / 100G,https://www.woolworths.com.au/shop/productdetails/757883/cadbury-dairy-milk-chocolate-fair-trade,https://cdn0.woolworths.media/content/wowproductimages/medium/757883.jpg,2020-09-21 17:27:05,,0,Was $6.30 16/01/2017,True
05b0ed47-0eb5-4524-aa0b-bc02ceff1191,Woolworths Supermarket,Pantry,Continental Cup A Soup Creamy Chicken With Lots Of Noodles 2 pack,026649,$2.00,$3.33 / 100G,https://www.woolworths.com.au/shop/productdetails/26649/continental-cup-a-soup-creamy-chicken-with-lots-of-noodles,https://cdn0.woolworths.media/content/wowproductimages/medium/026649.jpg,2020-09-21 17:27:05,,0,,True
5a522d48-e7ca-4350-81af-e6f69c630e4d,Woolworths Supermarket,Pantry,Mckenzie's Himalayan Salt Rock Pink 400g,749926,$5.95,$0.15 / 10G,https://www.woolworths.com.au/shop/productdetails/749926/mckenzie-s-himalayan-salt-rock-pink,https://cdn0.woolworths.media/content/wowproductimages/medium/749926.jpg,2020-09-21 17:27:05,,0,,True
2710391f-4b71-4168-9284-fdba5396823d,Woolworths Supermarket,Pantry,Sunbites Grain Waves Sour Cream & Chives 170g,082361,$3.50,$2.06 / 100G,https://www.woolworths.com.au/shop/productdetails/82361/sunbites-grain-waves-sour-cream-chives,https://cdn0.woolworths.media/content/wowproductimages/medium/082361.jpg,2020-09-21 17:27:05,,0,,True
ecc23bc0-64b8-42d1-a3a2-4676a27e2bf8,Woolworths Supermarket,Pantry,Kinder Surprise Chocolate Egg 20g,076358,$1.80,$9.00 / 100G,https://www.woolworths.com.au/shop/productdetails/76358/kinder-surprise-chocolate-egg,https://cdn0.woolworths.media/content/wowproductimages/medium/076358.jpg,2020-09-21 17:27:05,,0,,True
dfc6ed32-cd4b-4edb-a85a-e239816d6a7f,Woolworths Supermarket,Pantry,Continental Cup A Soup Instant Soup Hearty Vegetable & Beef 2 pack,076474,$2.00,$3.08 / 100G,https://www.woolworths.com.au/shop/productdetails/76474/continental-cup-a-soup-instant-soup-hearty-vegetable-beef,https://cdn0.woolworths.media/content/wowproductimages/medium/076474.jpg,2020-09-21 17:27:05,,0,,True
ed9ac363-e18e-4b28-a4df-339efa18206d,Woolworths Supermarket,Pantry,Nerada Tea Bags 100pk 200g,076493,$4.70,$0.05 / 1EA,https://www.woolworths.com.au/shop/productdetails/76493/nerada-tea-bags,https://cdn0.woolworths.media/content/wowproductimages/medium/076493.jpg,2020-09-21 17:27:05,,0,,True
dd19dd80-3082-4956-a137-069966104377,Woolworths Supermarket,Pantry,Nestle Kitkat Double Cookies & Cream 45g,076613,$2.00,$4.44 / 100G,https://www.woolworths.com.au/shop/productdetails/76613/nestle-kitkat-double-cookies-cream,https://cdn0.woolworths.media/content/wowproductimages/medium/076613.jpg,2020-09-21 17:27:05,,0,,True
9d1a6ce4-4570-4364-b9f2-ac600654e2a8,Woolworths Supermarket,Pantry,Allen's Bites Mini Chocolate Coated Raspberries 140g,076614,$4.50,$3.21 / 100G,https://www.woolworths.com.au/shop/productdetails/76614/allen-s-bites-mini-chocolate-coated-raspberries,https://cdn0.woolworths.media/content/wowproductimages/medium/076614.jpg,2020-09-21 17:27:05,,0,2 for $7.00,True
563ef76d-0419-499a-97d0-d2510f465d7a,Woolworths Supermarket,Pantry,Nestle Kitkat Snak It Chocolate Bites 130g,076615,$4.50,$3.46 / 100G,https://www.woolworths.com.au/shop/productdetails/76615/nestle-kitkat-snak-it-chocolate-bites,https://cdn0.woolworths.media/content/wowproductimages/medium/076615.jpg,2020-09-21 17:27:05,,0,2 for $7.00,True
96cbe6eb-b776-4cdb-bfde-4698d9e7637f,Woolworths Supermarket,Pantry,Allen's Kool Fruits 150g,076618,$3.00,$2.00 / 100G,https://www.woolworths.com.au/shop/productdetails/76618/allen-s-kool-fruits,https://cdn0.woolworths.media/content/wowproductimages/medium/076618.jpg,2020-09-21 17:27:05,,0,,True
ed86681c-41d2-4979-9b77-e1b0b875902c,Woolworths Supermarket,Pantry,Nestle Kitkat Mint Chocolate Fudge 45g,076621,$2.00,$4.44 / 100G,https://www.woolworths.com.au/shop/productdetails/76621/nestle-kitkat-mint-chocolate-fudge,https://cdn0.woolworths.media/content/wowproductimages/medium/076621.jpg,2020-09-21 17:27:05,,0,,True
9d581666-b8ae-40c3-ba7d-dd16367a5c86,Woolworths Supermarket,Pantry,Nestle Kitkat Gooey Caramel 45g,076623,$2.00,$4.44 / 100G,https://www.woolworths.com.au/shop/productdetails/76623/nestle-kitkat-gooey-caramel,https://cdn0.woolworths.media/content/wowproductimages/medium/076623.jpg,2020-09-21 17:27:05,,0,,True
7fe54920-ee36-4f72-915f-64c8336758c3,Woolworths Supermarket,Pantry,Milky Bar Cookies Bites 140g x12 pack,076624,$4.50,$3.21 / 100G,https://www.woolworths.com.au/shop/productdetails/76624/milky-bar-cookies-bites,https://cdn0.woolworths.media/content/wowproductimages/medium/076624.jpg,2020-09-21 17:27:05,,0,2 for $7.00,True
8dd794d4-4516-433d-9584-8d03a27db566,Woolworths Supermarket,Pantry,Nestle Milky Bar Whirl Sharepack 11 pack,076625,$4.60,$2.91 / 100G,https://www.woolworths.com.au/shop/productdetails/76625/nestle-milky-bar-whirl-sharepack,https://cdn0.woolworths.media/content/wowproductimages/medium/076625.jpg,2020-09-21 17:27:05,,0,,True
0575ecf7-ecd0-46f1-b756-4470247ff7b0,Woolworths Supermarket,Pantry,Mentos Smoothies Roll 37.5g,076748,$1.40,$3.73 / 100G,https://www.woolworths.com.au/shop/productdetails/76748/mentos-smoothies-roll,https://cdn0.woolworths.media/content/wowproductimages/medium/076748.jpg,2020-09-21 17:27:05,,0,,True
29ac3ac0-e3c2-47fb-9420-9c9cf2892065,Woolworths Supermarket,Pantry,Maldon Sea Salt Flakes 240g,077000,$6.25,$2.60 / 100G,https://www.woolworths.com.au/shop/productdetails/77000/maldon-sea-salt-flakes,https://cdn0.woolworths.media/content/wowproductimages/medium/077000.jpg,2020-09-21 17:27:05,,0,,True
4c604a8c-148e-44e2-a753-6b760b65c28f,Woolworths Supermarket,Pantry,Cadbury Cherry Ripe Bites 135g,077084,$3.00,$2.22 / 100G,https://www.woolworths.com.au/shop/productdetails/77084/cadbury-cherry-ripe-bites,https://cdn0.woolworths.media/content/wowproductimages/medium/077084.jpg,2020-09-21 17:27:05,,0,Was $4.00 10/07/2017,True
588de871-cb44-4c2f-a3ff-162936517864,Woolworths Supermarket,Pantry,Darrell Lea Raspberry Riots Dark Chocolate Balls 160g,077276,$4.40,$2.75 / 100G,https://www.woolworths.com.au/shop/productdetails/77276/darrell-lea-raspberry-riots-dark-chocolate-balls,https://cdn0.woolworths.media/content/wowproductimages/medium/077276.jpg,2020-09-21 17:27:05,,0,,True
73b8258c-14f7-43fe-b164-a849068ebf7f,Woolworths Supermarket,Pantry,Woolworths Minced Garlic 500g,077385,$2.50,$0.05 / 10G,https://www.woolworths.com.au/shop/productdetails/77385/woolworths-minced-garlic,https://cdn0.woolworths.media/content/wowproductimages/medium/077385.jpg,2020-09-21 17:27:05,,0,,True
42ae1831-d1df-4f6d-932f-1fb8cd84d578,Woolworths Supermarket,Pantry,Green's Maple Flavoured Syrup 375g,077420,$3.20,$0.85 / 100G,https://www.woolworths.com.au/shop/productdetails/77420/green-s-maple-flavoured-syrup,https://cdn0.woolworths.media/content/wowproductimages/medium/077420.jpg,2020-09-21 17:27:05,,0,,True
1a1a605d-34fc-4da9-9e63-c8c641ac5dd1,Woolworths Supermarket,Pantry,Peckish Rice Crackers With Sweet Carrot Multibag 6 pack,077448,$3.50,$2.92 / 100G,https://www.woolworths.com.au/shop/productdetails/77448/peckish-rice-crackers-with-sweet-carrot-multibag,https://cdn0.woolworths.media/content/wowproductimages/medium/077448.jpg,2020-09-21 17:27:05,,0,,True
e703f5f3-26fe-4476-bfc6-68ac71c6a2db,Woolworths Supermarket,Pantry,Peckish Rice Crackers With Sweet Potato Multibag 6 pack,077452,$3.50,$2.92 / 100G,https://www.woolworths.com.au/shop/productdetails/77452/peckish-rice-crackers-with-sweet-potato-multibag,https://cdn0.woolworths.media/content/wowproductimages/medium/077452.jpg,2020-09-21 17:27:05,,0,,True
cac22b3b-3e68-4804-b53f-e3512507b5fd,Woolworths Supermarket,Pantry,Golden Circle Pineapple Sliced In Juice 225g,077570,$2.75,$12.22 / 1KG,https://www.woolworths.com.au/shop/productdetails/77570/golden-circle-pineapple-sliced-in-juice,https://cdn0.woolworths.media/content/wowproductimages/medium/077570.jpg,2020-09-21 17:27:05,,0,,True
74275432-2cb9-4876-9f80-aa1bf9b57a50,Woolworths Supermarket,Pantry,Golden Circle Pineapple Pieces In Natural Juice 225g,077571,$2.75,$12.22 / 1KG,https://www.woolworths.com.au/shop/productdetails/77571/golden-circle-pineapple-pieces-in-natural-juice,https://cdn0.woolworths.media/content/wowproductimages/medium/077571.jpg,2020-09-21 17:27:05,,0,,True
a50bf4c7-61b4-43a7-89e7-cb1e996004b1,Woolworths Supermarket,Pantry,Campbell's Real Chicken Liquid Stock 1l,077750,$3.00,$0.30 / 100ML,https://www.woolworths.com.au/shop/productdetails/77750/campbell-s-real-chicken-liquid-stock,https://cdn0.woolworths.media/content/wowproductimages/medium/077750.jpg,2020-09-21 17:27:05,,0,,True
40bf9a8c-4963-4f22-a386-3e3f0c1ec9c6,Woolworths Supermarket,Pantry,Lolly Go Round Strawberries & Cream Sticks 160g,077757,$2.00,$1.25 / 100G,https://www.woolworths.com.au/shop/productdetails/77757/lolly-go-round-strawberries-cream-sticks,https://cdn0.woolworths.media/content/wowproductimages/medium/077757.jpg,2020-09-21 17:27:05,Average product rating out of 5: 2.3. Product score is based on 120 ratings,120,,True
f27f6716-289d-4881-af26-5a292f310196,Woolworths Supermarket,Pantry,Gold'n Canola Canola Oil 4l,077770,$10.00,$0.25 / 100ML,https://www.woolworths.com.au/shop/productdetails/77770/gold-n-canola-canola-oil,https://cdn0.woolworths.media/content/wowproductimages/medium/077770.jpg,2020-09-21 17:27:05,,0,,True
ac2ad30f-3f65-4fc3-ba04-3ad98079e13c,Woolworths Supermarket,Pantry,Masterfoods Barbecue Sauce 500ml,099696,$2.50,$0.50 / 100ML,https://www.woolworths.com.au/shop/productdetails/99696/masterfoods-barbecue-sauce,https://cdn0.woolworths.media/content/wowproductimages/medium/099696.jpg,2020-09-21 17:27:05,,0,,True
5433f8f1-651e-483a-bcf2-6e91c2ed548c,Woolworths Supermarket,Pantry,Doritos Share Pack Cheese Supreme 170g,826731,$2.75,$1.62 / 100G,https://www.woolworths.com.au/shop/productdetails/826731/doritos-share-pack-cheese-supreme,https://cdn0.woolworths.media/content/wowproductimages/medium/826731.jpg,2020-09-21 17:27:05,,0,,True
ccebc865-1fa8-4346-8fd6-e734e3f585be,Woolworths Supermarket,Pantry,Arnott's Shortbread 250g,008838,$2.50,$1.00 / 100G,https://www.woolworths.com.au/shop/productdetails/8838/arnott-s-shortbread,https://cdn0.woolworths.media/content/wowproductimages/medium/008838.jpg,2020-09-21 17:27:05,,0,,True
de5320c6-9df1-41c3-b02d-1048743e75fe,Woolworths Supermarket,Pantry,Twisties Cheese Chips 90g,081659,$2.00,$2.22 / 100G,https://www.woolworths.com.au/shop/productdetails/81659/twisties-cheese-chips,https://cdn0.woolworths.media/content/wowproductimages/medium/081659.jpg,2020-09-21 17:27:05,,0,,True
c1edbedd-3640-44f9-b716-aff75b8550bc,Woolworths Supermarket,Pantry,Bertolli Extra Virgin Olive Oil Originale 750ml,502951,$6.50,$0.87 / 100ML,https://www.woolworths.com.au/shop/productdetails/502951/bertolli-extra-virgin-olive-oil-originale,https://cdn0.woolworths.media/content/wowproductimages/medium/502951.jpg,2020-09-21 17:27:05,,0,,True
6e7a94b4-3ef4-4040-85de-21f498a3ae73,Woolworths Supermarket,Pantry,Valcom Canned Bamboo Shoots Sliced 225g,097730,$1.10,$4.89 / 1KG,https://www.woolworths.com.au/shop/productdetails/97730/valcom-canned-bamboo-shoots-sliced,https://cdn0.woolworths.media/content/wowproductimages/medium/097730.jpg,2020-09-21 17:27:05,,0,,True
afa7b309-9fad-4a96-a5b9-5e30593cfb25,Woolworths Supermarket,Pantry,Kellogg's Nutri-grain Protein Breakfast Cereal 290g,701706,$4.95,$1.71 / 100G,https://www.woolworths.com.au/shop/productdetails/701706/kellogg-s-nutri-grain-protein-breakfast-cereal,https://cdn0.woolworths.media/content/wowproductimages/medium/701706.jpg,2020-09-21 17:27:05,,0,,True
fdfb526a-d184-4e1b-ad72-082599289020,Woolworths Supermarket,Pantry,Arnott's Malt O' Milk 250g,036036,$2.50,$1.00 / 100G,https://www.woolworths.com.au/shop/productdetails/36036/arnott-s-malt-o-milk,https://cdn0.woolworths.media/content/wowproductimages/medium/036036.jpg,2020-09-21 17:27:05,,0,,True
206b8b91-6347-4ed4-bc56-110350990ed6,Woolworths Supermarket,Pantry,Smith's Share Pack Crinkle Cut Salt & Vinegar 170g,826738,$2.75,$1.62 / 100G,https://www.woolworths.com.au/shop/productdetails/826738/smith-s-share-pack-crinkle-cut-salt-vinegar,https://cdn0.woolworths.media/content/wowproductimages/medium/826738.jpg,2020-09-21 17:27:05,,0,,True
e199e39b-1f26-44b5-99d7-ec0c7a5bf6e8,Woolworths Supermarket,Pantry,Arnott's Snack Right Sultana 250g,182697,$3.00,$1.20 / 100G,https://www.woolworths.com.au/shop/productdetails/182697/arnott-s-snack-right-sultana,https://cdn0.woolworths.media/content/wowproductimages/medium/182697.jpg,2020-09-21 17:27:05,,0,Was $4.20 11/02/2019,True
19f2912a-37d5-48cd-b433-d44fec967282,Woolworths Supermarket,Pantry,Toblerone Milk Chocolate Bar 50g,047011,$1.00,$2.00 / 100G,https://www.woolworths.com.au/shop/productdetails/47011/toblerone-milk-chocolate-bar,https://cdn0.woolworths.media/content/wowproductimages/medium/047011.jpg,2020-09-21 17:27:05,,0,,True
2ec57e0c-a186-427c-9f96-5cddab0ae381,Woolworths Supermarket,Pantry,Kooka's Country Cookies Lemon 200g,347837,$2.00,$1.00 / 100G,https://www.woolworths.com.au/shop/productdetails/347837/kooka-s-country-cookies-lemon,https://cdn0.woolworths.media/content/wowproductimages/medium/347837.jpg,2020-09-21 17:27:05,,0,,True
7a569fcf-b160-4dd2-8186-4936b618476c,Woolworths Supermarket,Pantry,Uncle Tobys Roll-ups Strawberry Fun Prints 6 pack,324231,$4.00,$4.26 / 100G,https://www.woolworths.com.au/shop/productdetails/324231/uncle-tobys-roll-ups-strawberry-fun-prints,https://cdn0.woolworths.media/content/wowproductimages/medium/324231.jpg,2020-09-21 17:27:05,,0,,True
6ba54cec-8961-4d69-aeb3-83aeb314ec62,Woolworths Supermarket,Pantry,Woolworths Corn Sweet Kernels 420g,218926,$1.00,$2.38 / 1KG,https://www.woolworths.com.au/shop/productdetails/218926/woolworths-corn-sweet-kernels,https://cdn0.woolworths.media/content/wowproductimages/medium/218926.jpg,2020-09-21 17:27:05,Average product rating out of 5: 4.1. Product score is based on 215 ratings,215,,True
53ac5115-2aac-4ee0-a84a-810ad8924832,Woolworths Supermarket,Pantry,Moccona Freeze Dried Instant Coffee Classic Medium Roast 400g,208575,$24.00,$6.00 / 100G,https://www.woolworths.com.au/shop/productdetails/208575/moccona-freeze-dried-instant-coffee-classic-medium-roast,https://cdn0.woolworths.media/content/wowproductimages/medium/208575.jpg,2020-09-21 17:27:05,,0,,True
43ff2411-4623-49bd-bae4-17ff5099bb93,Woolworths Supermarket,Pantry,Macro Organic Quinoa Tri Colour 500g,717631,$7.00,$1.40 / 100G,https://www.woolworths.com.au/shop/productdetails/717631/macro-organic-quinoa-tri-colour,https://cdn0.woolworths.media/content/wowproductimages/medium/717631.jpg,2020-09-21 17:27:05,Average product rating out of 5: 4.6. Product score is based on 274 ratings,274,Was $9.99 09/01/2017,True
88dd8095-797f-42d3-8d9a-7b3d32557165,Woolworths Supermarket,Pantry,Arnott's Shapes Cheddar 175g,384244,$2.50,$1.43 / 100G,https://www.woolworths.com.au/shop/productdetails/384244/arnott-s-shapes-cheddar,https://cdn0.woolworths.media/content/wowproductimages/medium/384244.jpg,2020-09-21 17:27:05,,0,,True
c8e84cd3-2326-48b4-abea-1c3aab14b0c4,Woolworths Supermarket,Pantry,Uncle Ben's Microwave Mexican Style Brown Rice 250g,727257,$3.00,$1.20 / 100G,https://www.woolworths.com.au/shop/productdetails/727257/uncle-ben-s-microwave-mexican-style-brown-rice,https://cdn0.woolworths.media/content/wowproductimages/medium/727257.jpg,2020-09-21 17:27:05,,0,,True
98b92231-f4e5-4c9b-a13f-9845b1d32869,Woolworths Supermarket,Pantry,Pringles Sour Cream And Onion Chips 134g,479502,$2.50,$1.87 / 100G,https://www.woolworths.com.au/shop/productdetails/479502/pringles-sour-cream-and-onion-chips,https://cdn0.woolworths.media/content/wowproductimages/medium/479502.jpg,2020-09-21 17:27:05,,0,,True
b466eacb-f312-40b3-9131-c17be62bd07b,Woolworths Supermarket,Pantry,Ardmona Crushed Tomatoes Vine Ripened 810g,077884,$2.70,$3.33 / 1KG,https://www.woolworths.com.au/shop/productdetails/77884/ardmona-crushed-tomatoes-vine-ripened,https://cdn0.woolworths.media/content/wowproductimages/medium/077884.jpg,2020-09-21 17:27:05,,0,,True
fdd02ccf-d7ba-487c-9ec8-cafb05f74408,Woolworths Supermarket,Pantry,Sanitarium Up&go Liquid Breakfast No Added Sugar Choc Ice 250ml x12 pack,077901,$13.00,$4.33 / 1L,https://www.woolworths.com.au/shop/productdetails/77901/sanitarium-up-go-liquid-breakfast-no-added-sugar-choc-ice,https://cdn0.woolworths.media/content/wowproductimages/medium/077901.jpg,2020-09-21 17:27:05,,0,,True
f57f941b-b225-49cd-b2b7-20aa1c9224be,Woolworths Supermarket,Pantry,Sanitarium Up&go Liquid Breakfast No Added Sugar Vanilla Ice 250ml x6 pack,077956,$9.00,$6.00 / 1L,https://www.woolworths.com.au/shop/productdetails/77956/sanitarium-up-go-liquid-breakfast-no-added-sugar-vanilla-ice,https://cdn0.woolworths.media/content/wowproductimages/medium/077956.jpg,2020-09-21 17:27:05,,0,,True
879acc67-cd12-404d-abee-c820f41da980,Woolworths Supermarket,Pantry,Peck's Anchovette Spread 125g,077957,$2.80,$2.24 / 100G,https://www.woolworths.com.au/shop/productdetails/77957/peck-s-anchovette-spread,https://cdn0.woolworths.media/content/wowproductimages/medium/077957.jpg,2020-09-21 17:27:05,,0,,True
75c06ebd-50f1-4048-820d-8061c0746a4e,Woolworths Supermarket,Pantry,Calbee Golden Chipees Bacon & Cheddar 100g,077960,$2.00,$2.00 / 100G,https://www.woolworths.com.au/shop/productdetails/77960/calbee-golden-chipees-bacon-cheddar,https://cdn0.woolworths.media/content/wowproductimages/medium/077960.jpg,2020-09-21 17:27:05,,0,,True
3f06cf7a-654f-47b1-8d51-d6d3f99e717d,Woolworths Supermarket,Pantry,Uncle Ben's Smokey Flavour Brown Rice & Beans 240g,078056,$3.00,$1.25 / 100G,https://www.woolworths.com.au/shop/productdetails/78056/uncle-ben-s-smokey-flavour-brown-rice-beans,https://cdn0.woolworths.media/content/wowproductimages/medium/078056.jpg,2020-09-21 17:27:05,,0,,True
c8ed3a0b-2c2e-4617-8535-9a0ce715b77f,Woolworths Supermarket,Pantry,Ovaltine Ovalteenies 135g pack,078083,$3.00,$2.22 / 100G,https://www.woolworths.com.au/shop/productdetails/78083/ovaltine-ovalteenies,https://cdn0.woolworths.media/content/wowproductimages/medium/078083.jpg,2020-09-21 17:27:05,,0,,True
cb5901d5-293d-4763-bb3f-beeeba9e0502,Woolworths Supermarket,Pantry,Sunbites Grain Waves Sweet Chilli 170g,078190,$3.50,$2.06 / 100G,https://www.woolworths.com.au/shop/productdetails/78190/sunbites-grain-waves-sweet-chilli,https://cdn0.woolworths.media/content/wowproductimages/medium/078190.jpg,2020-09-21 17:27:05,,0,,True
d997f24d-a79a-4172-8bfe-1ed443102ae6,Woolworths Supermarket,Pantry,Sam's Pantry Special Harvest Quick Oats 1kg,078289,$3.00,$0.30 / 100G,https://www.woolworths.com.au/shop/productdetails/78289/sam-s-pantry-special-harvest-quick-oats,https://cdn0.woolworths.media/content/wowproductimages/medium/078289.jpg,2020-09-21 17:27:05,Average product rating out of 5: 4.7. Product score is based on 230 ratings,230,,True
319bc033-de68-494b-9829-4b64c70fc788,Woolworths Supermarket,Pantry,Sam's Pantry Special Harvest Rolled Oats 1kg,078290,$3.00,$0.30 / 100G,https://www.woolworths.com.au/shop/productdetails/78290/sam-s-pantry-special-harvest-rolled-oats,https://cdn0.woolworths.media/content/wowproductimages/medium/078290.jpg,2020-09-21 17:27:05,Average product rating out of 5: 4.4. Product score is based on 232 ratings,232,,True
3f128fad-b2e1-4e3b-ad65-6660332e9d24,Woolworths Supermarket,Pantry,Seeds Of Change Organic Brown Rice Pilau With Tumeric 240g,078344,$3.50,$1.46 / 100G,https://www.woolworths.com.au/shop/productdetails/78344/seeds-of-change-organic-brown-rice-pilau-with-tumeric,https://cdn0.woolworths.media/content/wowproductimages/medium/078344.jpg,2020-09-21 17:27:05,,0,,True
d5378aa6-c4cb-42b3-b313-fa5cada53732,Woolworths Supermarket,Pantry,Vittoria Coffee Beans Special Italian Blend 1kg,078476,$19.00,$1.90 / 100G,https://www.woolworths.com.au/shop/productdetails/78476/vittoria-coffee-beans-special-italian-blend,https://cdn0.woolworths.media/content/wowproductimages/medium/078476.jpg,2020-09-21 17:27:05,,0,,True
6fa505e2-88f8-433e-94f5-ab52d8c249b9,Woolworths Supermarket,Pantry,Carman's Strawberry & Cream Aussie Oat Bars 6 pack,078518,$5.00,$2.78 / 100G,https://www.woolworths.com.au/shop/productdetails/78518/carman-s-strawberry-cream-aussie-oat-bars,https://cdn0.woolworths.media/content/wowproductimages/medium/078518.jpg,2020-09-21 17:27:05,,0,,True
18b9a3fb-8ac7-4686-b782-b997b2c38744,Woolworths Supermarket,Pantry,Carman's Chocolate Caramel Aussie Oat Bars 6 pack,078519,$5.00,$2.78 / 100G,https://www.woolworths.com.au/shop/productdetails/78519/carman-s-chocolate-caramel-aussie-oat-bars,https://cdn0.woolworths.media/content/wowproductimages/medium/078519.jpg,2020-09-21 17:27:05,,0,,True
8f83e655-8b76-4b90-b8db-0495414f12e8,Woolworths Supermarket,Pantry,Carman's Apple Pie & Custard Aussie Oat Bars 6 pack,078532,$5.00,$2.78 / 100G,https://www.woolworths.com.au/shop/productdetails/78532/carman-s-apple-pie-custard-aussie-oat-bars,https://cdn0.woolworths.media/content/wowproductimages/medium/078532.jpg,2020-09-21 17:27:05,,0,,True
16ca62cf-186b-4c3f-a582-7ecea9b7462a,Woolworths Supermarket,Pantry,Carman's Chocolate Brownie Aussie Oat Bars 6 pack,078533,$5.00,$2.78 / 100G,https://www.woolworths.com.au/shop/productdetails/78533/carman-s-chocolate-brownie-aussie-oat-bars,https://cdn0.woolworths.media/content/wowproductimages/medium/078533.jpg,2020-09-21 17:27:05,,0,,True
6e614e31-ccc0-468c-90ba-d9edc3963d09,Woolworths Supermarket,Pantry,Lindt Milk Chocoate Crispy Sensation 140g,078537,$3.60,$2.57 / 100G,https://www.woolworths.com.au/shop/productdetails/78537/lindt-milk-chocoate-crispy-sensation,https://cdn0.woolworths.media/content/wowproductimages/medium/078537.jpg,2020-09-21 17:27:05,,0,,True
79dd0f07-0eaa-48c0-8bfa-f481dac73331,Woolworths Supermarket,Pantry,Safcol Salmon Premium 200g,078630,$5.00,$25.00 / 1KG,https://www.woolworths.com.au/shop/productdetails/78630/safcol-salmon-premium,https://cdn0.woolworths.media/content/wowproductimages/medium/078630.jpg,2020-09-21 17:27:05,,0,Was $5.29 12/06/2016,True
f1afe705-551c-4da6-81d1-9efc51646e5b,Woolworths Supermarket,Pantry,Carman's Limited Edition Cookies & Cream Bars 5 pack,078646,$6.30,$3.15 / 100G,https://www.woolworths.com.au/shop/productdetails/78646/carman-s-limited-edition-cookies-cream-bars,https://cdn0.woolworths.media/content/wowproductimages/medium/078646.jpg,2020-09-21 17:27:05,,0,,True
e24e57f7-0a60-4e95-adf8-e9fad1022510,Woolworths Supermarket,Pantry,Cornwell's Apple Cider Vinegar Cider 750ml,078652,$3.40,$0.45 / 100ML,https://www.woolworths.com.au/shop/productdetails/78652/cornwell-s-apple-cider-vinegar-cider,https://cdn0.woolworths.media/content/wowproductimages/medium/078652.jpg,2020-09-21 17:27:05,,0,,True
a7a7e78e-e7ca-4ce8-9838-e6aa5e60b4e9,Woolworths Supermarket,Pantry,Continental Nutrish Soup Sweet Beets Soup 30g,078680,$2.00,$6.67 / 100G,https://www.woolworths.com.au/shop/productdetails/78680/continental-nutrish-soup-sweet-beets-soup,https://cdn0.woolworths.media/content/wowproductimages/medium/078680.jpg,2020-09-21 17:27:05,,0,,True
bc371d59-5ee3-4d61-90cd-f17e867f15b9,Woolworths Supermarket,Pantry,Sanitarium Up&go Liquid Breakfast No Added Sugar Choc Ice 250ml x6 pack,078775,$9.00,$6.00 / 1L,https://www.woolworths.com.au/shop/productdetails/78775/sanitarium-up-go-liquid-breakfast-no-added-sugar-choc-ice,https://cdn0.woolworths.media/content/wowproductimages/medium/078775.jpg,2020-09-21 17:27:05,,0,,True
696cb8e7-7a57-4b15-8f93-6a32e37e4a54,Woolworths Supermarket,Pantry,Sanitarium Up&go Liquid Breakfast No Added Sugar Choc Ice 3x250ml,078826,$4.80,$6.40 / 1L,https://www.woolworths.com.au/shop/productdetails/78826/sanitarium-up-go-liquid-breakfast-no-added-sugar-choc-ice,https://cdn0.woolworths.media/content/wowproductimages/medium/078826.jpg,2020-09-21 17:27:05,,0,,True
c2a7dd61-9fac-4057-98f5-27af76aa6f51,Woolworths Supermarket,Pantry,Barilla Pasta Sauce Basilico Tomato Basil 400g,078921,$2.00,$0.50 / 100G,https://www.woolworths.com.au/shop/productdetails/78921/barilla-pasta-sauce-basilico-tomato-basil,https://cdn0.woolworths.media/content/wowproductimages/medium/078921.jpg,2020-09-21 17:27:05,,0,,True
d9823f7d-fe30-4512-a597-0d0d741386ad,Woolworths Supermarket,Pantry,Masterfoods Barbecue Sauce 500ml,099696,$2.50,$0.50 / 100ML,https://www.woolworths.com.au/shop/productdetails/99696/masterfoods-barbecue-sauce,https://cdn0.woolworths.media/content/wowproductimages/medium/099696.jpg,2020-09-21 17:27:05,,0,,True
21a663eb-003a-404d-8e51-07b4c4e35ae4,Woolworths Supermarket,Pantry,Doritos Share Pack Cheese Supreme 170g,826731,$2.75,$1.62 / 100G,https://www.woolworths.com.au/shop/productdetails/826731/doritos-share-pack-cheese-supreme,https://cdn0.woolworths.media/content/wowproductimages/medium/826731.jpg,2020-09-21 17:27:05,,0,,True
68bcbdc5-8195-49f8-a8d1-429700dc4500,Woolworths Supermarket,Pantry,Arnott's Shortbread 250g,008838,$2.50,$1.00 / 100G,https://www.woolworths.com.au/shop/productdetails/8838/arnott-s-shortbread,https://cdn0.woolworths.media/content/wowproductimages/medium/008838.jpg,2020-09-21 17:27:05,,0,,True
837bf996-11c0-40ee-9f8a-d8bb77e1ecfa,Woolworths Supermarket,Pantry,Twisties Cheese Chips 90g,081659,$2.00,$2.22 / 100G,https://www.woolworths.com.au/shop/productdetails/81659/twisties-cheese-chips,https://cdn0.woolworths.media/content/wowproductimages/medium/081659.jpg,2020-09-21 17:27:05,,0,,True
393ec8ca-6270-43d7-9878-8500a4ff5cd7,Woolworths Supermarket,Pantry,Bertolli Extra Virgin Olive Oil Originale 750ml,502951,$6.50,$0.87 / 100ML,https://www.woolworths.com.au/shop/productdetails/502951/bertolli-extra-virgin-olive-oil-originale,https://cdn0.woolworths.media/content/wowproductimages/medium/502951.jpg,2020-09-21 17:27:05,,0,,True
c8656fed-967c-4c37-899f-ebbd714ebd7a,Woolworths Supermarket,Pantry,Valcom Canned Bamboo Shoots Sliced 225g,097730,$1.10,$4.89 / 1KG,https://www.woolworths.com.au/shop/productdetails/97730/valcom-canned-bamboo-shoots-sliced,https://cdn0.woolworths.media/content/wowproductimages/medium/097730.jpg,2020-09-21 17:27:05,,0,,True
2d873b81-d51e-40b1-bd00-8ff2932b418d,Woolworths Supermarket,Pantry,Kellogg's Nutri-grain Protein Breakfast Cereal 290g,701706,$4.95,$1.71 / 100G,https://www.woolworths.com.au/shop/productdetails/701706/kellogg-s-nutri-grain-protein-breakfast-cereal,https://cdn0.woolworths.media/content/wowproductimages/medium/701706.jpg,2020-09-21 17:27:05,,0,,True
17a8519b-6cca-47f7-8d27-77f9c4295fa6,Woolworths Supermarket,Pantry,Arnott's Malt O' Milk 250g,036036,$2.50,$1.00 / 100G,https://www.woolworths.com.au/shop/productdetails/36036/arnott-s-malt-o-milk,https://cdn0.woolworths.media/content/wowproductimages/medium/036036.jpg,2020-09-21 17:27:05,,0,,True
4b064609-6983-4540-9435-bf17aa52674f,Woolworths Supermarket,Pantry,Smith's Share Pack Crinkle Cut Salt & Vinegar 170g,826738,$2.75,$1.62 / 100G,https://www.woolworths.com.au/shop/productdetails/826738/smith-s-share-pack-crinkle-cut-salt-vinegar,https://cdn0.woolworths.media/content/wowproductimages/medium/826738.jpg,2020-09-21 17:27:05,,0,,True
df5e1824-4e5f-4ce3-acb4-e95eb50ab4c3,Woolworths Supermarket,Pantry,Arnott's Snack Right Sultana 250g,182697,$3.00,$1.20 / 100G,https://www.woolworths.com.au/shop/productdetails/182697/arnott-s-snack-right-sultana,https://cdn0.woolworths.media/content/wowproductimages/medium/182697.jpg,2020-09-21 17:27:05,,0,Was $4.20 11/02/2019,True
9e30c198-99a5-44c9-a7b2-1354b85869ec,Woolworths Supermarket,Pantry,Toblerone Milk Chocolate Bar 50g,047011,$1.00,$2.00 / 100G,https://www.woolworths.com.au/shop/productdetails/47011/toblerone-milk-chocolate-bar,https://cdn0.woolworths.media/content/wowproductimages/medium/047011.jpg,2020-09-21 17:27:05,,0,,True
d80df3ff-ab44-4991-b19d-3522cd6cba88,Woolworths Supermarket,Pantry,Kooka's Country Cookies Lemon 200g,347837,$2.00,$1.00 / 100G,https://www.woolworths.com.au/shop/productdetails/347837/kooka-s-country-cookies-lemon,https://cdn0.woolworths.media/content/wowproductimages/medium/347837.jpg,2020-09-21 17:27:05,,0,,True
780afbf4-611e-4e9c-aada-289f5e037288,Woolworths Supermarket,Pantry,Uncle Tobys Roll-ups Strawberry Fun Prints 6 pack,324231,$4.00,$4.26 / 100G,https://www.woolworths.com.au/shop/productdetails/324231/uncle-tobys-roll-ups-strawberry-fun-prints,https://cdn0.woolworths.media/content/wowproductimages/medium/324231.jpg,2020-09-21 17:27:05,,0,,True
1036ea02-4bb9-4a85-bf8d-a6e7abe20494,Woolworths Supermarket,Pantry,Woolworths Corn Sweet Kernels 420g,218926,$1.00,$2.38 / 1KG,https://www.woolworths.com.au/shop/productdetails/218926/woolworths-corn-sweet-kernels,https://cdn0.woolworths.media/content/wowproductimages/medium/218926.jpg,2020-09-21 17:27:05,Average product rating out of 5: 4.1. Product score is based on 215 ratings,215,,True
9a18e5a0-017a-4f47-98c2-b686b3e2f18f,Woolworths Supermarket,Pantry,Moccona Freeze Dried Instant Coffee Classic Medium Roast 400g,208575,$24.00,$6.00 / 100G,https://www.woolworths.com.au/shop/productdetails/208575/moccona-freeze-dried-instant-coffee-classic-medium-roast,https://cdn0.woolworths.media/content/wowproductimages/medium/208575.jpg,2020-09-21 17:27:05,,0,,True
84a1b15d-7f64-4236-9a9e-9aab73ee2a30,Woolworths Supermarket,Pantry,Macro Organic Quinoa Tri Colour 500g,717631,$7.00,$1.40 / 100G,https://www.woolworths.com.au/shop/productdetails/717631/macro-organic-quinoa-tri-colour,https://cdn0.woolworths.media/content/wowproductimages/medium/717631.jpg,2020-09-21 17:27:05,Average product rating out of 5: 4.6. Product score is based on 274 ratings,274,Was $9.99 09/01/2017,True
ae92b090-fac8-4559-b7d1-08494ad69bf4,Woolworths Supermarket,Pantry,Arnott's Shapes Cheddar 175g,384244,$2.50,$1.43 / 100G,https://www.woolworths.com.au/shop/productdetails/384244/arnott-s-shapes-cheddar,https://cdn0.woolworths.media/content/wowproductimages/medium/384244.jpg,2020-09-21 17:27:05,,0,,True
e2d21ed4-9f2e-4eac-9095-8d41d5761f71,Woolworths Supermarket,Pantry,Uncle Ben's Microwave Mexican Style Brown Rice 250g,727257,$3.00,$1.20 / 100G,https://www.woolworths.com.au/shop/productdetails/727257/uncle-ben-s-microwave-mexican-style-brown-rice,https://cdn0.woolworths.media/content/wowproductimages/medium/727257.jpg,2020-09-21 17:27:05,,0,,True
86c72e6d-378f-46fc-8c6f-78595636004f,Woolworths Supermarket,Pantry,Pringles Sour Cream And Onion Chips 134g,479502,$2.50,$1.87 / 100G,https://www.woolworths.com.au/shop/productdetails/479502/pringles-sour-cream-and-onion-chips,https://cdn0.woolworths.media/content/wowproductimages/medium/479502.jpg,2020-09-21 17:27:05,,0,,True
cffbbf01-83f8-44b4-b7f6-3ce0fe842525,Woolworths Supermarket,Pantry,Barilla Pasta Sauce Arrabbiata Chilli 400g,078934,$2.00,$0.50 / 100G,https://www.woolworths.com.au/shop/productdetails/78934/barilla-pasta-sauce-arrabbiata-chilli,https://cdn0.woolworths.media/content/wowproductimages/medium/078934.jpg,2020-09-21 17:27:05,,0,,True
68e63337-5528-4ac6-b634-71615a173cd8,Woolworths Supermarket,Pantry,Heinz Canned Soup Big Red Tomato Salt Reduced 420g,079077,$2.20,$0.52 / 100G,https://www.woolworths.com.au/shop/productdetails/79077/heinz-canned-soup-big-red-tomato-salt-reduced,https://cdn0.woolworths.media/content/wowproductimages/medium/079077.jpg,2020-09-21 17:27:05,,0,,True
74f6342d-879f-491d-b99a-2e7893e51029,Woolworths Supermarket,Pantry,Sanitarium Up&go Liquid Breakfast No Added Sugar Vanilla Ice 250ml x3 pack,079124,$4.80,$6.40 / 1L,https://www.woolworths.com.au/shop/productdetails/79124/sanitarium-up-go-liquid-breakfast-no-added-sugar-vanilla-ice,https://cdn0.woolworths.media/content/wowproductimages/medium/079124.jpg,2020-09-21 17:27:05,,0,,True
81269a2b-631a-4403-9ae2-989be1571e66,Woolworths Supermarket,Pantry,Fray Bentos Steak And Kidney Pie Steak & Kidney Pie 425g,079303,$7.50,$17.65 / 1KG,https://www.woolworths.com.au/shop/productdetails/79303/fray-bentos-steak-and-kidney-pie-steak-kidney-pie,https://cdn0.woolworths.media/content/wowproductimages/medium/079303.jpg,2020-09-21 17:27:05,,0,,True
9103aea7-03e6-42d7-b5bc-98493d7b8d54,Woolworths Supermarket,Pantry,Calbee Golden Chipees Salt & Vinegar 100g,079351,$2.00,$2.00 / 100G,https://www.woolworths.com.au/shop/productdetails/79351/calbee-golden-chipees-salt-vinegar,https://cdn0.woolworths.media/content/wowproductimages/medium/079351.jpg,2020-09-21 17:27:05,,0,,True
2a68025a-cb35-4c6d-8bea-c0fc9253ae77,Woolworths Supermarket,Pantry,Woolworths Canned Yellow Jackfruit 425g,079512,$2.80,$6.59 / 1KG,https://www.woolworths.com.au/shop/productdetails/79512/woolworths-canned-yellow-jackfruit,https://cdn0.woolworths.media/content/wowproductimages/medium/079512.jpg,2020-09-21 17:27:05,,0,,True
3a655762-4215-49d1-a7f8-c5d8ca8aaf2c,Woolworths Supermarket,Pantry,Continental Value Pack Fried Rice Oriental 180g,079602,$3.00,$1.67 / 100G,https://www.woolworths.com.au/shop/productdetails/79602/continental-value-pack-fried-rice-oriental,https://cdn0.woolworths.media/content/wowproductimages/medium/079602.jpg,2020-09-21 17:27:05,,0,,True
fc0cb3af-f62a-460b-bf31-8c3b7eceae53,Woolworths Supermarket,Pantry,Jumpy's Chicken Chips 5 pack,079619,$3.35,$3.72 / 100G,https://www.woolworths.com.au/shop/productdetails/79619/jumpy-s-chicken-chips,https://cdn0.woolworths.media/content/wowproductimages/medium/079619.jpg,2020-09-21 17:27:05,,0,2 for $5.00,True
9c92964e-9b2e-484f-a55a-0554bd019060,Woolworths Supermarket,Pantry,Sanitarium Marmite Spread 250g,079628,$4.30,$1.72 / 100G,https://www.woolworths.com.au/shop/productdetails/79628/sanitarium-marmite-spread,https://cdn0.woolworths.media/content/wowproductimages/medium/079628.jpg,2020-09-21 17:27:05,,0,,True
7f67c0b5-5b7f-4140-9cd9-683ae3018031,Woolworths Supermarket,Pantry,Cadbury Twirl Bites 135g,079725,$3.00,$2.22 / 100G,https://www.woolworths.com.au/shop/productdetails/79725/cadbury-twirl-bites,https://cdn0.woolworths.media/content/wowproductimages/medium/079725.jpg,2020-09-21 17:27:05,,0,Was $4.00 10/07/2017,True
bf42a34b-ee65-46d4-8c6f-84557246dc22,Woolworths Supermarket,Pantry,Sam's Pantry Decadent Salted Caramel Porridge Sachets 8 pack,079726,$5.00,$1.49 / 100G,https://www.woolworths.com.au/shop/productdetails/79726/sam-s-pantry-decadent-salted-caramel-porridge-sachets,https://cdn0.woolworths.media/content/wowproductimages/medium/079726.jpg,2020-09-21 17:27:05,Average product rating out of 5: 3.8. Product score is based on 225 ratings,225,,True
2e74e27b-d713-4d8b-bc00-83a7dc8f877e,Woolworths Supermarket,Pantry,Smith's Chips Fun Mix Multipack 20 pack,079773,$5.50,$1.47 / 100G,https://www.woolworths.com.au/shop/productdetails/79773/smith-s-chips-fun-mix-multipack,https://cdn0.woolworths.media/content/wowproductimages/medium/079773.jpg,2020-09-21 17:27:05,,0,2 for $9.80,True
18c02e89-3748-4af0-a326-dd1eb762db00,Woolworths Supermarket,Pantry,Patak's Korma Curry Paste 283g,079822,$5.50,$1.90 / 100G,https://www.woolworths.com.au/shop/productdetails/79822/patak-s-korma-curry-paste,https://cdn0.woolworths.media/content/wowproductimages/medium/079822.jpg,2020-09-21 17:27:05,,0,,True
b8513fce-5fe3-40c4-a433-71a1d417d2e0,Woolworths Supermarket,Pantry,Messy Monkeys Chocolate Rice Puff Bars 6 pack,079836,$5.50,$5.73 / 100G,https://www.woolworths.com.au/shop/productdetails/79836/messy-monkeys-chocolate-rice-puff-bars,https://cdn0.woolworths.media/content/wowproductimages/medium/079836.jpg,2020-09-21 17:27:05,,0,,True
32c168d5-9b6a-45d2-85fe-035df40127ff,Woolworths Supermarket,Pantry,Smith's Chips Snack Mix Variety Multipack 20 pack,079914,$5.50,$1.39 / 100G,https://www.woolworths.com.au/shop/productdetails/79914/smith-s-chips-snack-mix-variety-multipack,https://cdn0.woolworths.media/content/wowproductimages/medium/079914.jpg,2020-09-21 17:27:05,,0,2 for $9.80,True
1a4046e7-ec6c-4a86-b9e5-b8e91963aa57,Woolworths Supermarket,Pantry,Continental Recipe Base Spaghetti Bolognese 50g,079923,$1.60,$3.20 / 100G,https://www.woolworths.com.au/shop/productdetails/79923/continental-recipe-base-spaghetti-bolognese,https://cdn0.woolworths.media/content/wowproductimages/medium/079923.jpg,2020-09-21 17:27:05,,0,2 for $3.00,True
57715024-94e4-43b7-9a0c-58c8c01374ad,Woolworths Supermarket,Pantry,Tabasco Sriracha Sauce 256ml,079955,$6.00,$2.34 / 100ML,https://www.woolworths.com.au/shop/productdetails/79955/tabasco-sriracha-sauce,https://cdn0.woolworths.media/content/wowproductimages/medium/079955.jpg,2020-09-21 17:27:05,,0,,True
07b83985-6f37-4a9e-aabe-b630c65c3c06,Woolworths Supermarket,Pantry,Keep It Cleaner Tortilla Veggie Chips Chickpea 125g,079963,$2.00,$1.60 / 100G,https://www.woolworths.com.au/shop/productdetails/79963/keep-it-cleaner-tortilla-veggie-chips-chickpea,https://cdn0.woolworths.media/content/wowproductimages/medium/079963.jpg,2020-09-21 17:27:05,,0,,True
d8e4e20c-5b7b-4f66-8dfe-f6ff8ddbef09,Woolworths Supermarket,Pantry,Keep It Cleaner Tortilla Veggie Chips Green Pea 125g,079964,$2.00,$1.60 / 100G,https://www.woolworths.com.au/shop/productdetails/79964/keep-it-cleaner-tortilla-veggie-chips-green-pea,https://cdn0.woolworths.media/content/wowproductimages/medium/079964.jpg,2020-09-21 17:27:05,,0,,True
69b05d3e-7e51-49ed-a6cb-5da99fcee294,Woolworths Supermarket,Pantry,Keep It Cleaner Tortilla Veggie Chips Lentil & Beetroot 125g,079965,$2.00,$1.60 / 100G,https://www.woolworths.com.au/shop/productdetails/79965/keep-it-cleaner-tortilla-veggie-chips-lentil-beetroot,https://cdn0.woolworths.media/content/wowproductimages/medium/079965.jpg,2020-09-21 17:27:05,,0,,True
2c410c4f-28e8-44c8-b25c-442c629d864e,Woolworths Supermarket,Pantry,Raw C Organic Virgin Coconut Oil 1500ml,079974,$18.00,$1.20 / 100ML,https://www.woolworths.com.au/shop/productdetails/79974/raw-c-organic-virgin-coconut-oil,https://cdn0.woolworths.media/content/wowproductimages/medium/079974.jpg,2020-09-21 17:27:05,,0,,True
55f26f91-dec3-4168-b6e1-18931993c6a3,Woolworths Supermarket,Pantry,Uncle Ben's Lightly Flavoured Garlic Rice 250g,079980,$3.00,$1.20 / 100G,https://www.woolworths.com.au/shop/productdetails/79980/uncle-ben-s-lightly-flavoured-garlic-rice,https://cdn0.woolworths.media/content/wowproductimages/medium/079980.jpg,2020-09-21 17:27:05,,0,,True
7d1279e1-9095-4e37-aa4a-2b2e3bb6034e,Woolworths Supermarket,Pantry,Woolworths Roasted Garlic Potato Bake 380g,079993,$6.00,$1.58 / 100G,https://www.woolworths.com.au/shop/productdetails/79993/woolworths-roasted-garlic-potato-bake,https://cdn0.woolworths.media/content/wowproductimages/medium/079993.jpg,2020-09-21 17:27:05,Average product rating out of 5: 2.6. Product score is based on 81 ratings,81,,True
ce43a88c-46ac-42cb-9e70-90ff8f5bb6ab,Woolworths Supermarket,Pantry,Woolworths Vegetable Parmigiana Bake 380g,079994,$6.00,$1.58 / 100G,https://www.woolworths.com.au/shop/productdetails/79994/woolworths-vegetable-parmigiana-bake,https://cdn0.woolworths.media/content/wowproductimages/medium/079994.jpg,2020-09-21 17:27:05,Average product rating out of 5: 2.6. Product score is based on 186 ratings,186,,True
03966338-3d65-4aae-b309-58d5d384f4be,Woolworths Supermarket,Pantry,Arnott's Shapes Chicken Crimpy 175g,384245,$2.50,$1.43 / 100G,https://www.woolworths.com.au/shop/productdetails/384245/arnott-s-shapes-chicken-crimpy,https://cdn0.woolworths.media/content/wowproductimages/medium/384245.jpg,2020-09-21 17:27:05,,0,,True
0b2797d9-e0ef-4223-be5a-8d9d99673f11,Woolworths Supermarket,Pantry,Fantastic Rice Crackers Original 100g,035231,$1.50,$1.50 / 100G,https://www.woolworths.com.au/shop/productdetails/35231/fantastic-rice-crackers-original,https://cdn0.woolworths.media/content/wowproductimages/medium/035231.jpg,2020-09-21 17:27:05,,0,,True
be769ccf-c980-41bd-ad39-b1742017a8e2,Woolworths Supermarket,Pantry,Indomie Mi Goreng Instant Noodles 5pk 425g,177972,$2.75,$0.65 / 100G,https://www.woolworths.com.au/shop/productdetails/177972/indomie-mi-goreng-instant-noodles,https://cdn0.woolworths.media/content/wowproductimages/medium/177972.jpg,2020-09-21 17:27:05,,0,,True
2e92bec3-489a-4081-a58d-9dc112ae27d4,Woolworths Supermarket,Pantry,Ritz Crackers Original 300g,660562,$2.50,$0.83 / 100G,https://www.woolworths.com.au/shop/productdetails/660562/ritz-crackers-original,https://cdn0.woolworths.media/content/wowproductimages/medium/660562.jpg,2020-09-21 17:27:05,,0,,True
6810bf90-4e1b-4c78-96ba-81b7b6e42809,Woolworths Supermarket,Pantry,Cadbury Dairy Milk Chocolate Fair Trade 350g,757883,$5.00,$1.43 / 100G,https://www.woolworths.com.au/shop/productdetails/757883/cadbury-dairy-milk-chocolate-fair-trade,https://cdn0.woolworths.media/content/wowproductimages/medium/757883.jpg,2020-09-21 17:27:05,,0,Was $6.30 16/01/2017,True
c51ae22f-aff9-458a-9125-7463a1dfafe2,Woolworths Supermarket,Pantry,Essentials Raw Sugar 2kg,018174,$2.10,$0.11 / 100G,https://www.woolworths.com.au/shop/productdetails/18174/essentials-raw-sugar,https://cdn0.woolworths.media/content/wowproductimages/medium/018174.jpg,2020-09-21 17:27:05,,0,,True
9d08541d-e557-49a8-abf6-49b410868a18,Woolworths Supermarket,Pantry,Masterfoods Barbecue Sauce 500ml,099696,$2.50,$0.50 / 100ML,https://www.woolworths.com.au/shop/productdetails/99696/masterfoods-barbecue-sauce,https://cdn0.woolworths.media/content/wowproductimages/medium/099696.jpg,2020-09-21 17:27:05,,0,,True
8de456df-3e5b-460c-b85e-89d8345054bc,Woolworths Supermarket,Pantry,Cadbury Fry's Turkish Delight 55g bar,098390,$1.00,$1.82 / 100G,https://www.woolworths.com.au/shop/productdetails/98390/cadbury-fry-s-turkish-delight,https://cdn0.woolworths.media/content/wowproductimages/medium/098390.jpg,2020-09-21 17:27:05,,0,,True
e323db30-2f5f-4fe2-bdbc-b64e1efe18ca,Woolworths Supermarket,Pantry,Macro Organic Quinoa Tri Colour 500g,717631,$7.00,$1.40 / 100G,https://www.woolworths.com.au/shop/productdetails/717631/macro-organic-quinoa-tri-colour,https://cdn0.woolworths.media/content/wowproductimages/medium/717631.jpg,2020-09-21 17:27:05,Average product rating out of 5: 4.6. Product score is based on 274 ratings,274,Was $9.99 09/01/2017,True
b1a6796b-539e-4216-81d1-838b37227d8c,Woolworths Supermarket,Pantry,Essentials Pasta Penne 500g,188800,$0.80,$0.16 / 100G,https://www.woolworths.com.au/shop/productdetails/188800/essentials-pasta-penne,https://cdn0.woolworths.media/content/wowproductimages/medium/188800.jpg,2020-09-21 17:27:05,,0,,True
77b621cc-a7d9-41b8-b60e-d68775a25f69,Woolworths Supermarket,Pantry,Arnott's Monte Carlo 250g,036031,$3.00,$1.20 / 100G,https://www.woolworths.com.au/shop/productdetails/36031/arnott-s-monte-carlo,https://cdn0.woolworths.media/content/wowproductimages/medium/036031.jpg,2020-09-21 17:27:05,,0,,True
aadc6c63-3c83-4154-8842-ecd0f8b6d6d0,Woolworths Supermarket,Pantry,Mckenzie's Rice Flour 375g,094275,$1.50,$4.00 / 1KG,https://www.woolworths.com.au/shop/productdetails/94275/mckenzie-s-rice-flour,https://cdn0.woolworths.media/content/wowproductimages/medium/094275.jpg,2020-09-21 17:27:05,,0,,True
a9438a19-ca55-49d2-9669-fd4ce5627c7f,Woolworths Supermarket,Pantry,Ardmona Tomatoes Diced No Added Salt 400g,226849,$1.40,$3.50 / 1KG,https://www.woolworths.com.au/shop/productdetails/226849/ardmona-tomatoes-diced-no-added-salt,https://cdn0.woolworths.media/content/wowproductimages/medium/226849.jpg,2020-09-21 17:27:05,,0,,True
a019cb95-908f-4580-b93e-d26186fb00a7,Woolworths Supermarket,Pantry,Heinz Canned Soup Big Red Tomato 420g,034331,$2.20,$0.52 / 100G,https://www.woolworths.com.au/shop/productdetails/34331/heinz-canned-soup-big-red-tomato,https://cdn0.woolworths.media/content/wowproductimages/medium/034331.jpg,2020-09-21 17:27:05,,0,,True
46448996-3e12-4580-9fab-2db08b395463,Woolworths Supermarket,Pantry,Sunbites Grain Waves Sour Cream & Chives 170g,082361,$3.50,$2.06 / 100G,https://www.woolworths.com.au/shop/productdetails/82361/sunbites-grain-waves-sour-cream-chives,https://cdn0.woolworths.media/content/wowproductimages/medium/082361.jpg,2020-09-21 17:27:05,,0,,True
cc94562c-e6ff-44e1-9c08-200e7b34abfd,Woolworths Supermarket,Pantry,Woolworths Rolled Traditional Oats 750g,321220,$1.40,$0.19 / 100G,https://www.woolworths.com.au/shop/productdetails/321220/woolworths-rolled-traditional-oats,https://cdn0.woolworths.media/content/wowproductimages/medium/321220.jpg,2020-09-21 17:27:05,Average product rating out of 5: 4.6. Product score is based on 748 ratings,748,,True
92d4f08c-769d-4586-954c-0b8e659f795b,Woolworths Supermarket,Pantry,Mckenzie's Himalayan Salt Rock Pink 400g,749926,$5.95,$0.15 / 10G,https://www.woolworths.com.au/shop/productdetails/749926/mckenzie-s-himalayan-salt-rock-pink,https://cdn0.woolworths.media/content/wowproductimages/medium/749926.jpg,2020-09-21 17:27:05,,0,,True
cdde2468-8d26-47ad-b829-bdaebd887adf,Woolworths Supermarket,Pantry,Continental Cup A Soup Creamy Chicken With Lots Of Noodles 2 pack,026649,$2.00,$3.33 / 100G,https://www.woolworths.com.au/shop/productdetails/26649/continental-cup-a-soup-creamy-chicken-with-lots-of-noodles,https://cdn0.woolworths.media/content/wowproductimages/medium/026649.jpg,2020-09-21 17:27:05,,0,,True
44e7f81d-08e3-434a-9dcc-fa13e4ea5ace,Woolworths Supermarket,Pantry,Woolworths Diced Italian Tomatoes No Added Salt 400g,770320,$0.80,$2.00 / 1KG,https://www.woolworths.com.au/shop/productdetails/770320/woolworths-diced-italian-tomatoes-no-added-salt,https://cdn0.woolworths.media/content/wowproductimages/medium/770320.jpg,2020-09-21 17:27:05,Average product rating out of 5: 4.7. Product score is based on 311 ratings,311,,True
2b2d2267-5796-41f5-bed6-c0a9c8faf00e,Woolworths Supermarket,Pantry,Sunbites Grain Waves Sour Cream & Chives 5 pack,720220,$3.10,$2.82 / 100G,https://www.woolworths.com.au/shop/productdetails/720220/sunbites-grain-waves-sour-cream-chives,https://cdn0.woolworths.media/content/wowproductimages/medium/720220.jpg,2020-09-21 17:27:05,,0,2 for $5.00,True
34159a07-77ea-49f6-88ab-b3bfb0eec839,Woolworths Supermarket,Pantry,Murray River Organics 100% Organic Virgin Coconut Oil 700ml,080009,$8.00,$1.14 / 100ML,https://www.woolworths.com.au/shop/productdetails/80009/murray-river-organics-100-organic-virgin-coconut-oil,https://cdn0.woolworths.media/content/wowproductimages/medium/080009.jpg,2020-09-21 17:27:05,,0,,True
f80d3693-c474-4f48-b656-d291555a639c,Woolworths Supermarket,Pantry,Uncle Ben's Indian Style Spiced Rice 250g,080037,$3.00,$1.20 / 100G,https://www.woolworths.com.au/shop/productdetails/80037/uncle-ben-s-indian-style-spiced-rice,https://cdn0.woolworths.media/content/wowproductimages/medium/080037.jpg,2020-09-21 17:27:05,,0,,True
2219091d-6f4e-4f6c-9a6b-92ada5174a4f,Woolworths Supermarket,Pantry,Marion's Kitchen Classic Japanese Teriyaki 240ml,080040,$4.00,$1.67 / 100ML,https://www.woolworths.com.au/shop/productdetails/80040/marion-s-kitchen-classic-japanese-teriyaki,https://cdn0.woolworths.media/content/wowproductimages/medium/080040.jpg,2020-09-21 17:27:05,,0,,True
83affb2c-37da-4afe-a280-af6c252ac4d8,Woolworths Supermarket,Pantry,Pringles Minis Chicken Flavour Crisps 5 pack,080045,$3.20,$3.37 / 100G,https://www.woolworths.com.au/shop/productdetails/80045/pringles-minis-chicken-flavour-crisps,https://cdn0.woolworths.media/content/wowproductimages/medium/080045.jpg,2020-09-21 17:27:05,,0,2 for $5.00,True
47a353ea-10c3-4433-845c-4bb21ecd7bcd,Woolworths Supermarket,Pantry,Macro Organic Chewy Fruit Free Muesli Bars 6 pack,080055,$6.00,$3.33 / 100G,https://www.woolworths.com.au/shop/productdetails/80055/macro-organic-chewy-fruit-free-muesli-bars,https://cdn0.woolworths.media/content/wowproductimages/medium/080055.jpg,2020-09-21 17:27:05,,0,,True
6de88f1e-aca3-4188-bc43-991ab119e0ec,Woolworths Supermarket,Pantry,Macro Organic Classic Fruit & Nut Muesli Bars 6 pack,080056,$6.00,$3.33 / 100G,https://www.woolworths.com.au/shop/productdetails/80056/macro-organic-classic-fruit-nut-muesli-bars,https://cdn0.woolworths.media/content/wowproductimages/medium/080056.jpg,2020-09-21 17:27:05,,0,,True
e56d0b44-3942-47f1-9cdb-df23abe7e18f,Woolworths Supermarket,Pantry,Seeds Of Change Organic Mediterranean Style Brown Rice 240g,080115,$3.50,$1.46 / 100G,https://www.woolworths.com.au/shop/productdetails/80115/seeds-of-change-organic-mediterranean-style-brown-rice,https://cdn0.woolworths.media/content/wowproductimages/medium/080115.jpg,2020-09-21 17:27:05,,0,,True
115346d5-6a6d-4fc7-896b-24132c15220d,Woolworths Supermarket,Pantry,Messy Monkeys Berry Rice Puff Bars 6 pack,080165,$5.50,$5.73 / 100G,https://www.woolworths.com.au/shop/productdetails/80165/messy-monkeys-berry-rice-puff-bars,https://cdn0.woolworths.media/content/wowproductimages/medium/080165.jpg,2020-09-21 17:27:05,,0,,True
56824242-759f-4103-912a-0b7557a9082a,Woolworths Supermarket,Pantry,Golden Fields Sunflower Oil 5l,080353,$20.00,$0.40 / 100ML,https://www.woolworths.com.au/shop/productdetails/80353/golden-fields-sunflower-oil,https://cdn0.woolworths.media/content/wowproductimages/medium/080353.jpg,2020-09-21 17:27:05,,0,,True
839c9607-5174-4345-aca1-b8dc29a13e19,Woolworths Supermarket,Pantry,Golden Fields Canola Oil 5l,080394,$20.00,$0.40 / 100ML,https://www.woolworths.com.au/shop/productdetails/80394/golden-fields-canola-oil,https://cdn0.woolworths.media/content/wowproductimages/medium/080394.jpg,2020-09-21 17:27:05,,0,,True
0a195726-11c8-469a-b9f7-95c4710e02f5,Woolworths Supermarket,Pantry,Arnott's Tim Tam Crafted Gisborne Orange & Dark Chocolate 160g,080399,$3.65,$2.28 / 100G,https://www.woolworths.com.au/shop/productdetails/80399/arnott-s-tim-tam-crafted-gisborne-orange-dark-chocolate,https://cdn0.woolworths.media/content/wowproductimages/medium/080399.jpg,2020-09-21 17:27:05,,0,,True
566fbc00-d4da-4050-a702-dcc6a1e7e352,Woolworths Supermarket,Pantry,Darrell Lea Bullets White Chocolate Raspberry 200g,080419,$4.40,$2.20 / 100G,https://www.woolworths.com.au/shop/productdetails/80419/darrell-lea-bullets-white-chocolate-raspberry,https://cdn0.woolworths.media/content/wowproductimages/medium/080419.jpg,2020-09-21 17:27:05,,0,,True
9a6f2ca8-a2d9-4ec3-afd6-cf4a73fb5c39,Woolworths Supermarket,Pantry,Darrell Lea Milk Chocolate Coated Original Liquorice Twists 200g,080421,$4.40,$2.20 / 100G,https://www.woolworths.com.au/shop/productdetails/80421/darrell-lea-milk-chocolate-coated-original-liquorice-twists,https://cdn0.woolworths.media/content/wowproductimages/medium/080421.jpg,2020-09-21 17:27:05,,0,,True
3337e5e7-b7dd-432e-9c2d-bb4367a5032e,Woolworths Supermarket,Pantry,Arnott's Tim Tam Crafted Collection Murray River Salted Caramel 160g,080434,$3.65,$2.09 / 100G,https://www.woolworths.com.au/shop/productdetails/80434/arnott-s-tim-tam-crafted-collection-murray-river-salted-caramel,https://cdn0.woolworths.media/content/wowproductimages/medium/080434.jpg,2020-09-21 17:27:05,,0,,True
7d9c181e-8b72-4016-a1c4-f435e1481d7b,Woolworths Supermarket,Pantry,Arnott's Tim Tam Crafted Sunshine Coast Strawberries & Cream 160g,080435,$3.65,$2.28 / 100G,https://www.woolworths.com.au/shop/productdetails/80435/arnott-s-tim-tam-crafted-sunshine-coast-strawberries-cream,https://cdn0.woolworths.media/content/wowproductimages/medium/080435.jpg,2020-09-21 17:27:05,,0,,True
e6b3df43-c2e4-4bce-baa9-746a6793edd0,Woolworths Supermarket,Pantry,Arnott's Tim Tam Crafted Collection Manuka Honey & Cream 160g,080436,$3.65,$2.28 / 100G,https://www.woolworths.com.au/shop/productdetails/80436/arnott-s-tim-tam-crafted-collection-manuka-honey-cream,https://cdn0.woolworths.media/content/wowproductimages/medium/080436.jpg,2020-09-21 17:27:05,,0,,True
d5a71fe1-6295-4d62-99da-f3665fcfa703,Woolworths Supermarket,Pantry,Woolworths White Medium Grain Rice 1kg,080570,$3.00,$0.30 / 100G,https://www.woolworths.com.au/shop/productdetails/80570/woolworths-white-medium-grain-rice,https://cdn0.woolworths.media/content/wowproductimages/medium/080570.jpg,2020-09-21 17:27:05,Average product rating out of 5: 4.9. Product score is based on 14 ratings,14,,True
d5415be5-1013-495b-9826-ac14345f9561,Woolworths Supermarket,Pantry,Woolworths Brown Medium Grain Rice 1kg,080571,$2.50,$0.25 / 100G,https://www.woolworths.com.au/shop/productdetails/80571/woolworths-brown-medium-grain-rice,https://cdn0.woolworths.media/content/wowproductimages/medium/080571.jpg,2020-09-21 17:27:05,Average product rating out of 5: 4.7. Product score is based on 21 ratings,21,,True
c314b437-8aed-476b-be57-ce419897dd8c,Woolworths Supermarket,Pantry,Keep It Cleaner Chunky Tomato Salsa 300g,080638,$4.00,$1.33 / 100G,https://www.woolworths.com.au/shop/productdetails/80638/keep-it-cleaner-chunky-tomato-salsa,https://cdn0.woolworths.media/content/wowproductimages/medium/080638.jpg,2020-09-21 17:27:05,,0,,True
6a4ea052-5591-4f6c-9c22-2ba48135bc4d,Woolworths Supermarket,Pantry,Keep It Cleaner Mild Tomato Salsa 300g,080644,,,https://www.woolworths.com.au/shop/productdetails/80644/keep-it-cleaner-mild-tomato-salsa,https://cdn0.woolworths.media/content/wowproductimages/medium/080644.jpg,2020-09-21 17:27:05,,0,,False
74496fff-9b3d-4a36-aaba-e038f96e5c71,Woolworths Supermarket,Pantry,Deep Cove Mackerel In Tomato Sauce 425g,080720,$2.50,$5.88 / 1KG,https://www.woolworths.com.au/shop/productdetails/80720/deep-cove-mackerel-in-tomato-sauce,https://cdn0.woolworths.media/content/wowproductimages/medium/080720.jpg,2020-09-21 17:27:05,,0,,True
102284a1-c4d5-4649-8cb3-c8373cc160c2,Woolworths Supermarket,Pantry,Deep Cove Mackerel In Natural Mackerel Oil 425g,080721,$2.50,$5.88 / 1KG,https://www.woolworths.com.au/shop/productdetails/80721/deep-cove-mackerel-in-natural-mackerel-oil,https://cdn0.woolworths.media/content/wowproductimages/medium/080721.jpg,2020-09-21 17:27:05,,0,,True
e04fb1e1-5623-4479-9f4c-e9e407998705,Woolworths Supermarket,Pantry,Cheetos Cheese & Bacon Balls 90g,080741,$2.00,$2.22 / 100G,https://www.woolworths.com.au/shop/productdetails/80741/cheetos-cheese-bacon-balls,https://cdn0.woolworths.media/content/wowproductimages/medium/080741.jpg,2020-09-21 17:27:05,,0,,True
0c82909a-8393-4d18-98c7-4b716d36fe8e,Woolworths Supermarket,Pantry,Continental Soup Sensations Thai Pumpkin & Coconut 62g,080787,$2.00,$3.23 / 100G,https://www.woolworths.com.au/shop/productdetails/80787/continental-soup-sensations-thai-pumpkin-coconut,https://cdn0.woolworths.media/content/wowproductimages/medium/080787.jpg,2020-09-21 17:27:05,,0,,True
6f0c284c-6881-47e6-a5b1-2c80fbc36350,Woolworths Supermarket,Pantry,Arnott's Shapes Chicken Crimpy 175g,384245,$2.50,$1.43 / 100G,https://www.woolworths.com.au/shop/productdetails/384245/arnott-s-shapes-chicken-crimpy,https://cdn0.woolworths.media/content/wowproductimages/medium/384245.jpg,2020-09-21 17:27:05,,0,,True
b94776eb-a105-454e-a90c-5b40287f581b,Woolworths Supermarket,Pantry,Sunbites Grain Waves Sour Cream & Chives 170g,082361,$3.50,$2.06 / 100G,https://www.woolworths.com.au/shop/productdetails/82361/sunbites-grain-waves-sour-cream-chives,https://cdn0.woolworths.media/content/wowproductimages/medium/082361.jpg,2020-09-21 17:27:05,,0,,True
c080f957-d8f2-4a5e-9565-4e2d4108f408,Woolworths Supermarket,Pantry,Cadbury Dairy Milk Chocolate Fair Trade 350g,757883,$5.00,$1.43 / 100G,https://www.woolworths.com.au/shop/productdetails/757883/cadbury-dairy-milk-chocolate-fair-trade,https://cdn0.woolworths.media/content/wowproductimages/medium/757883.jpg,2020-09-21 17:27:05,,0,Was $6.30 16/01/2017,True
9d00926c-e247-4211-b163-3058ef79dd5b,Woolworths Supermarket,Pantry,Arnott's Monte Carlo 250g,036031,$3.00,$1.20 / 100G,https://www.woolworths.com.au/shop/productdetails/36031/arnott-s-monte-carlo,https://cdn0.woolworths.media/content/wowproductimages/medium/036031.jpg,2020-09-21 17:27:05,,0,,True
f1017a0b-dbd0-4220-9a5c-61316f90600b,Woolworths Supermarket,Pantry,Woolworths Diced Italian Tomatoes No Added Salt 400g,770320,$0.80,$2.00 / 1KG,https://www.woolworths.com.au/shop/productdetails/770320/woolworths-diced-italian-tomatoes-no-added-salt,https://cdn0.woolworths.media/content/wowproductimages/medium/770320.jpg,2020-09-21 17:27:05,Average product rating out of 5: 4.7. Product score is based on 311 ratings,311,,True
b591fbd4-afdc-490b-b9b5-0167fdd1753b,Woolworths Supermarket,Pantry,Mckenzie's Himalayan Salt Rock Pink 400g,749926,$5.95,$0.15 / 10G,https://www.woolworths.com.au/shop/productdetails/749926/mckenzie-s-himalayan-salt-rock-pink,https://cdn0.woolworths.media/content/wowproductimages/medium/749926.jpg,2020-09-21 17:27:05,,0,,True
4ecdf05c-20c0-4df4-89ad-80c6d334cf70,Woolworths Supermarket,Pantry,Ritz Crackers Original 300g,660562,$2.50,$0.83 / 100G,https://www.woolworths.com.au/shop/productdetails/660562/ritz-crackers-original,https://cdn0.woolworths.media/content/wowproductimages/medium/660562.jpg,2020-09-21 17:27:05,,0,,True
ea536ae8-dcd8-430f-9678-fd096d55bfa0,Woolworths Supermarket,Pantry,Essentials Pasta Penne 500g,188800,$0.80,$0.16 / 100G,https://www.woolworths.com.au/shop/productdetails/188800/essentials-pasta-penne,https://cdn0.woolworths.media/content/wowproductimages/medium/188800.jpg,2020-09-21 17:27:05,,0,,True
dc0790f5-af80-4cf4-806b-327ed3934f36,Woolworths Supermarket,Pantry,Ardmona Tomatoes Diced No Added Salt 400g,226849,$1.40,$3.50 / 1KG,https://www.woolworths.com.au/shop/productdetails/226849/ardmona-tomatoes-diced-no-added-salt,https://cdn0.woolworths.media/content/wowproductimages/medium/226849.jpg,2020-09-21 17:27:05,,0,,True
5ddc76f1-2098-457c-9f78-1c23b78e1e4e,Woolworths Supermarket,Pantry,Woolworths Rolled Traditional Oats 750g,321220,$1.40,$0.19 / 100G,https://www.woolworths.com.au/shop/productdetails/321220/woolworths-rolled-traditional-oats,https://cdn0.woolworths.media/content/wowproductimages/medium/321220.jpg,2020-09-21 17:27:05,Average product rating out of 5: 4.6. Product score is based on 748 ratings,748,,True
0e1ad5aa-c0bf-4861-b559-8d3d2fd2094b,Woolworths Supermarket,Pantry,Continental Cup A Soup Creamy Chicken With Lots Of Noodles 2 pack,026649,$2.00,$3.33 / 100G,https://www.woolworths.com.au/shop/productdetails/26649/continental-cup-a-soup-creamy-chicken-with-lots-of-noodles,https://cdn0.woolworths.media/content/wowproductimages/medium/026649.jpg,2020-09-21 17:27:05,,0,,True
047ae422-c407-43cc-bb51-2c489ef79a4e,Woolworths Supermarket,Pantry,Masterfoods Barbecue Sauce 500ml,099696,$2.50,$0.50 / 100ML,https://www.woolworths.com.au/shop/productdetails/99696/masterfoods-barbecue-sauce,https://cdn0.woolworths.media/content/wowproductimages/medium/099696.jpg,2020-09-21 17:27:05,,0,,True
34abcf6b-95bb-4ee2-8b57-2432c2496607,Woolworths Supermarket,Pantry,Mckenzie's Rice Flour 375g,094275,$1.50,$4.00 / 1KG,https://www.woolworths.com.au/shop/productdetails/94275/mckenzie-s-rice-flour,https://cdn0.woolworths.media/content/wowproductimages/medium/094275.jpg,2020-09-21 17:27:05,,0,,True
5fb4a348-547f-469d-8527-3e3beb86f4bd,Woolworths Supermarket,Pantry,Macro Organic Quinoa Tri Colour 500g,717631,$7.00,$1.40 / 100G,https://www.woolworths.com.au/shop/productdetails/717631/macro-organic-quinoa-tri-colour,https://cdn0.woolworths.media/content/wowproductimages/medium/717631.jpg,2020-09-21 17:27:05,Average product rating out of 5: 4.6. Product score is based on 274 ratings,274,Was $9.99 09/01/2017,True
7871e928-fb16-404d-b74a-f1db3f123920,Woolworths Supermarket,Pantry,Cadbury Fry's Turkish Delight 55g bar,098390,$1.00,$1.82 / 100G,https://www.woolworths.com.au/shop/productdetails/98390/cadbury-fry-s-turkish-delight,https://cdn0.woolworths.media/content/wowproductimages/medium/098390.jpg,2020-09-21 17:27:05,,0,,True
9fe7028f-9ef3-4dba-9af2-6f34afc9e7ee,Woolworths Supermarket,Pantry,Essentials Raw Sugar 2kg,018174,$2.10,$0.11 / 100G,https://www.woolworths.com.au/shop/productdetails/18174/essentials-raw-sugar,https://cdn0.woolworths.media/content/wowproductimages/medium/018174.jpg,2020-09-21 17:27:05,,0,,True
e781d769-b0c2-4061-be2e-97bc77aa3abf,Woolworths Supermarket,Pantry,Heinz Canned Soup Big Red Tomato 420g,034331,$2.20,$0.52 / 100G,https://www.woolworths.com.au/shop/productdetails/34331/heinz-canned-soup-big-red-tomato,https://cdn0.woolworths.media/content/wowproductimages/medium/034331.jpg,2020-09-21 17:27:05,,0,,True
2a470ae7-3514-4c98-9ac7-e0ebef771127,Woolworths Supermarket,Pantry,Fantastic Rice Crackers Original 100g,035231,$1.50,$1.50 / 100G,https://www.woolworths.com.au/shop/productdetails/35231/fantastic-rice-crackers-original,https://cdn0.woolworths.media/content/wowproductimages/medium/035231.jpg,2020-09-21 17:27:05,,0,,True
76e594bc-f80a-494c-a2cc-626d05ca941b,Woolworths Supermarket,Pantry,Indomie Mi Goreng Instant Noodles 5pk 425g,177972,$2.75,$0.65 / 100G,https://www.woolworths.com.au/shop/productdetails/177972/indomie-mi-goreng-instant-noodles,https://cdn0.woolworths.media/content/wowproductimages/medium/177972.jpg,2020-09-21 17:27:05,,0,,True
6cb2a2d9-11c2-473c-b40d-9d9c6245c346,Woolworths Supermarket,Pantry,Sunbites Grain Waves Sour Cream & Chives 5 pack,720220,$3.10,$2.82 / 100G,https://www.woolworths.com.au/shop/productdetails/720220/sunbites-grain-waves-sour-cream-chives,https://cdn0.woolworths.media/content/wowproductimages/medium/720220.jpg,2020-09-21 17:27:05,,0,2 for $5.00,True
169c3567-f740-4668-97ba-1dad08b8b522,Woolworths Supermarket,Pantry,Continental Soup Sensations Garden Cauliflower & Four Cheese 62g,080788,$2.00,$3.23 / 100G,https://www.woolworths.com.au/shop/productdetails/80788/continental-soup-sensations-garden-cauliflower-four-cheese,https://cdn0.woolworths.media/content/wowproductimages/medium/080788.jpg,2020-09-21 17:27:05,,0,,True
66829506-d5cc-4e46-866d-ece20865afdb,Woolworths Supermarket,Pantry,Ecs Botanics Mexican Spiced Bean Soup 330g,080789,$5.95,$1.80 / 100G,https://www.woolworths.com.au/shop/productdetails/80789/ecs-botanics-mexican-spiced-bean-soup,https://cdn0.woolworths.media/content/wowproductimages/medium/080789.jpg,2020-09-21 17:27:05,,0,,True
9a9d6084-6209-439d-addd-c7b4af2090fa,Woolworths Supermarket,Pantry,Seeds Of Change Organic Brown Rice & Quinoa With Garlic 240g,080798,$3.50,$1.46 / 100G,https://www.woolworths.com.au/shop/productdetails/80798/seeds-of-change-organic-brown-rice-quinoa-with-garlic,https://cdn0.woolworths.media/content/wowproductimages/medium/080798.jpg,2020-09-21 17:27:05,,0,,True
d7b1de59-178e-494d-a6ee-33a569b5fd2d,Woolworths Supermarket,Pantry,Uncle Ben's Tex-mex Style Brown Rice Quinoa & Beans 240g,080800,$3.00,$1.25 / 100G,https://www.woolworths.com.au/shop/productdetails/80800/uncle-ben-s-tex-mex-style-brown-rice-quinoa-beans,https://cdn0.woolworths.media/content/wowproductimages/medium/080800.jpg,2020-09-21 17:27:05,,0,,True
f60c7a5c-71ed-4648-974c-6eb31176170f,Woolworths Supermarket,Pantry,Seeds Of Change Organic Brown & Red Rice With Quinoa & Linseed 240g,080822,$3.50,$1.46 / 100G,https://www.woolworths.com.au/shop/productdetails/80822/seeds-of-change-organic-brown-red-rice-with-quinoa-linseed,https://cdn0.woolworths.media/content/wowproductimages/medium/080822.jpg,2020-09-21 17:27:05,,0,,True
e06a65ee-1a11-4949-b0c4-43834c1899c2,Woolworths Supermarket,Pantry,Marion's Kitchen Thai Spicy Satay 240ml,080834,$4.00,$1.67 / 100ML,https://www.woolworths.com.au/shop/productdetails/80834/marion-s-kitchen-thai-spicy-satay,https://cdn0.woolworths.media/content/wowproductimages/medium/080834.jpg,2020-09-21 17:27:05,,0,,True
491b1234-07c1-476d-81df-b9c67b2b7852,Woolworths Supermarket,Pantry,Marion's Kitchen Sticky Chilli Ginger 240ml,081249,$4.00,$1.67 / 100ML,https://www.woolworths.com.au/shop/productdetails/81249/marion-s-kitchen-sticky-chilli-ginger,https://cdn0.woolworths.media/content/wowproductimages/medium/081249.jpg,2020-09-21 17:27:05,,0,,True
9ef92c42-d83a-4d6c-bf13-562e014ce0b7,Woolworths Supermarket,Pantry,Sungrow Medium Grain Rice 5kg,081268,$15.00,$0.30 / 100G,https://www.woolworths.com.au/shop/productdetails/81268/sungrow-medium-grain-rice,https://cdn0.woolworths.media/content/wowproductimages/medium/081268.jpg,2020-09-21 17:27:05,,0,,True
1ad45179-3173-4712-b8b3-c25b58860267,Woolworths Supermarket,Pantry,Hart & Soul Chicken Bone Broth Soup 350g,081271,$4.00,$1.14 / 100G,https://www.woolworths.com.au/shop/productdetails/81271/hart-soul-chicken-bone-broth-soup,https://cdn0.woolworths.media/content/wowproductimages/medium/081271.jpg,2020-09-21 17:27:05,,0,,True
31718a2a-b6cb-4a80-92bb-e544ce4443ed,Woolworths Supermarket,Pantry,Continental Chicken Liquid Stock 500ml,081280,$1.80,$0.36 / 100ML,https://www.woolworths.com.au/shop/productdetails/81280/continental-chicken-liquid-stock,https://cdn0.woolworths.media/content/wowproductimages/medium/081280.jpg,2020-09-21 17:27:05,,0,,True
16f353b4-a160-4d80-b1a7-5437ed227c71,Woolworths Supermarket,Pantry,Continental Soup Sensations Mushroom & Bacon 48g,081497,$2.00,$4.17 / 100G,https://www.woolworths.com.au/shop/productdetails/81497/continental-soup-sensations-mushroom-bacon,https://cdn0.woolworths.media/content/wowproductimages/medium/081497.jpg,2020-09-21 17:27:05,,0,,True
a5fc1d7e-5538-4533-ac85-0423019bfefd,Woolworths Supermarket,Pantry,Continental Nutrish Soup On The Pulse 30g,081631,$2.00,$6.67 / 100G,https://www.woolworths.com.au/shop/productdetails/81631/continental-nutrish-soup-on-the-pulse,https://cdn0.woolworths.media/content/wowproductimages/medium/081631.jpg,2020-09-21 17:27:05,,0,,True
c809f897-3009-475a-9ab3-d1bfe879460d,Woolworths Supermarket,Pantry,Mutti Parma Double Concentrated Tomato Paste 2 pack,081641,$3.00,$1.07 / 100G,https://www.woolworths.com.au/shop/productdetails/81641/mutti-parma-double-concentrated-tomato-paste,https://cdn0.woolworths.media/content/wowproductimages/medium/081641.jpg,2020-09-21 17:27:05,,0,,True
0efdcdcb-8ff5-475b-917e-6fddc4e99f42,Woolworths Supermarket,Pantry,Twisties Cheese Chips 90g,081659,$2.00,$2.22 / 100G,https://www.woolworths.com.au/shop/productdetails/81659/twisties-cheese-chips,https://cdn0.woolworths.media/content/wowproductimages/medium/081659.jpg,2020-09-21 17:27:05,,0,,True
44cc379a-93fe-4b2d-b64b-a1b0949e1512,Woolworths Supermarket,Pantry,Betty Crocker Rainbow Chip Party Cake Mix 480g,081684,$5.20,$1.08 / 100G,https://www.woolworths.com.au/shop/productdetails/81684/betty-crocker-rainbow-chip-party-cake-mix,https://cdn0.woolworths.media/content/wowproductimages/medium/081684.jpg,2020-09-21 17:27:05,,0,,True
e2a48b12-a79e-4dbd-9569-1f1e762d180c,Woolworths Supermarket,Pantry,Laucke Golden Brioche Bread Mix 1kg,081685,$6.00,$0.60 / 100G,https://www.woolworths.com.au/shop/productdetails/81685/laucke-golden-brioche-bread-mix,https://cdn0.woolworths.media/content/wowproductimages/medium/081685.jpg,2020-09-21 17:27:05,,0,,True
d1067b07-cc28-43e5-bbd1-b61c246c9c9e,Woolworths Supermarket,Pantry,Continental Soup Sensations Sweet Potato Pumpkin & Caramelised Onion 63g,081686,$2.00,$3.17 / 100G,https://www.woolworths.com.au/shop/productdetails/81686/continental-soup-sensations-sweet-potato-pumpkin-caramelised-onion,https://cdn0.woolworths.media/content/wowproductimages/medium/081686.jpg,2020-09-21 17:27:05,,0,,True
f6428392-38f0-4639-99cb-8913f5a0da23,Woolworths Supermarket,Pantry,Forbidden Foods Organic Brown Rice Flakes 300g,081688,$5.00,$1.67 / 100G,https://www.woolworths.com.au/shop/productdetails/81688/forbidden-foods-organic-brown-rice-flakes,https://cdn0.woolworths.media/content/wowproductimages/medium/081688.jpg,2020-09-21 17:27:05,Average product rating out of 5: 4.0. Product score is based on 4 ratings,4,,True
acd6df31-60c7-46bc-9abc-4ca85de1da1b,Woolworths Supermarket,Pantry,Captain's Table Pita Crackers Grana Padano Cheese 100g,081691,$2.50,$2.50 / 100G,https://www.woolworths.com.au/shop/productdetails/81691/captain-s-table-pita-crackers-grana-padano-cheese,https://cdn0.woolworths.media/content/wowproductimages/medium/081691.jpg,2020-09-21 17:27:05,,0,,True
2a7efced-415d-4eb7-9842-3d52c1b862e7,Woolworths Supermarket,Pantry,Mutti Pesto Style Stir Through Sauce Red Tomato 280g,081716,$5.00,$1.79 / 100G,https://www.woolworths.com.au/shop/productdetails/81716/mutti-pesto-style-stir-through-sauce-red-tomato,https://cdn0.woolworths.media/content/wowproductimages/medium/081716.jpg,2020-09-21 17:27:05,,0,,True
53829fed-5e22-4a3b-b26f-168417388fee,Woolworths Supermarket,Pantry,Mutti Passata Tomato Puree Organic 560g,081717,$3.50,$0.63 / 100G,https://www.woolworths.com.au/shop/productdetails/81717/mutti-passata-tomato-puree-organic,https://cdn0.woolworths.media/content/wowproductimages/medium/081717.jpg,2020-09-21 17:27:05,,0,,True
61ceafb8-b430-4c9c-9060-beb5786d789a,Woolworths Supermarket,Pantry,Mutti Passata Gastronomia Cherry Tomatoes 400g,081718,$3.50,$0.88 / 100G,https://www.woolworths.com.au/shop/productdetails/81718/mutti-passata-gastronomia-cherry-tomatoes,https://cdn0.woolworths.media/content/wowproductimages/medium/081718.jpg,2020-09-21 17:27:05,,0,,True
d8cc076d-d6ce-4fe5-9467-f883f75e8405,Woolworths Supermarket,Pantry,Mutti Passata Gastronomia Baby Roma Tomatoes 400g,081719,$3.50,$0.88 / 100G,https://www.woolworths.com.au/shop/productdetails/81719/mutti-passata-gastronomia-baby-roma-tomatoes,https://cdn0.woolworths.media/content/wowproductimages/medium/081719.jpg,2020-09-21 17:27:05,,0,,True
f5313840-0e32-4337-ba90-1e1fc5d9480d,Woolworths Supermarket,Pantry,Mutti Pesto Style Stir Through Sauce Green Tomato 280g,081721,$5.00,$1.79 / 100G,https://www.woolworths.com.au/shop/productdetails/81721/mutti-pesto-style-stir-through-sauce-green-tomato,https://cdn0.woolworths.media/content/wowproductimages/medium/081721.jpg,2020-09-21 17:27:05,,0,,True
db79416d-5ae2-47d5-9079-31a5d706fc4d,Woolworths Supermarket,Pantry,Masterfoods Barbecue Sauce 500ml,099696,$2.50,$0.50 / 100ML,https://www.woolworths.com.au/shop/productdetails/99696/masterfoods-barbecue-sauce,https://cdn0.woolworths.media/content/wowproductimages/medium/099696.jpg,2020-09-21 17:27:05,,0,,True
9fcc72b3-64db-4faa-8796-30a5c0ed28e9,Woolworths Supermarket,Pantry,Doritos Share Pack Cheese Supreme 170g,826731,$2.75,$1.62 / 100G,https://www.woolworths.com.au/shop/productdetails/826731/doritos-share-pack-cheese-supreme,https://cdn0.woolworths.media/content/wowproductimages/medium/826731.jpg,2020-09-21 17:27:05,,0,,True
2082d194-6676-44e0-9648-af5696dd01a9,Woolworths Supermarket,Pantry,Arnott's Shortbread 250g,008838,$2.50,$1.00 / 100G,https://www.woolworths.com.au/shop/productdetails/8838/arnott-s-shortbread,https://cdn0.woolworths.media/content/wowproductimages/medium/008838.jpg,2020-09-21 17:27:05,,0,,True
b6518e0c-938b-4523-814f-4a70555e55a1,Woolworths Supermarket,Pantry,Twisties Cheese Chips 90g,081659,$2.00,$2.22 / 100G,https://www.woolworths.com.au/shop/productdetails/81659/twisties-cheese-chips,https://cdn0.woolworths.media/content/wowproductimages/medium/081659.jpg,2020-09-21 17:27:05,,0,,True
268497d5-b828-435d-875d-f527079a775b,Woolworths Supermarket,Pantry,Bertolli Extra Virgin Olive Oil Originale 750ml,502951,$6.50,$0.87 / 100ML,https://www.woolworths.com.au/shop/productdetails/502951/bertolli-extra-virgin-olive-oil-originale,https://cdn0.woolworths.media/content/wowproductimages/medium/502951.jpg,2020-09-21 17:27:05,,0,,True
30507565-49e0-4e53-862a-57e56563e6c2,Woolworths Supermarket,Pantry,Valcom Canned Bamboo Shoots Sliced 225g,097730,$1.10,$4.89 / 1KG,https://www.woolworths.com.au/shop/productdetails/97730/valcom-canned-bamboo-shoots-sliced,https://cdn0.woolworths.media/content/wowproductimages/medium/097730.jpg,2020-09-21 17:27:05,,0,,True
fba600ca-a017-48e7-9176-1ac3a36e44de,Woolworths Supermarket,Pantry,Kellogg's Nutri-grain Protein Breakfast Cereal 290g,701706,$4.95,$1.71 / 100G,https://www.woolworths.com.au/shop/productdetails/701706/kellogg-s-nutri-grain-protein-breakfast-cereal,https://cdn0.woolworths.media/content/wowproductimages/medium/701706.jpg,2020-09-21 17:27:05,,0,,True
37c1e70e-5d2a-4f47-be9c-d1ac94aac1bb,Woolworths Supermarket,Pantry,Arnott's Malt O' Milk 250g,036036,$2.50,$1.00 / 100G,https://www.woolworths.com.au/shop/productdetails/36036/arnott-s-malt-o-milk,https://cdn0.woolworths.media/content/wowproductimages/medium/036036.jpg,2020-09-21 17:27:05,,0,,True
abd97745-2adc-47eb-8547-2879441cd5c6,Woolworths Supermarket,Pantry,Smith's Share Pack Crinkle Cut Salt & Vinegar 170g,826738,$2.75,$1.62 / 100G,https://www.woolworths.com.au/shop/productdetails/826738/smith-s-share-pack-crinkle-cut-salt-vinegar,https://cdn0.woolworths.media/content/wowproductimages/medium/826738.jpg,2020-09-21 17:27:05,,0,,True
33d3c65f-8a1f-4519-8a85-75e7fa3dd904,Woolworths Supermarket,Pantry,Arnott's Snack Right Sultana 250g,182697,$3.00,$1.20 / 100G,https://www.woolworths.com.au/shop/productdetails/182697/arnott-s-snack-right-sultana,https://cdn0.woolworths.media/content/wowproductimages/medium/182697.jpg,2020-09-21 17:27:05,,0,Was $4.20 11/02/2019,True
aed9cafa-7526-4f3f-94d4-cd3cd28cc1a0,Woolworths Supermarket,Pantry,Toblerone Milk Chocolate Bar 50g,047011,$1.00,$2.00 / 100G,https://www.woolworths.com.au/shop/productdetails/47011/toblerone-milk-chocolate-bar,https://cdn0.woolworths.media/content/wowproductimages/medium/047011.jpg,2020-09-21 17:27:05,,0,,True
dc11c47f-4606-4454-9d30-e02254f35922,Woolworths Supermarket,Pantry,Kooka's Country Cookies Lemon 200g,347837,$2.00,$1.00 / 100G,https://www.woolworths.com.au/shop/productdetails/347837/kooka-s-country-cookies-lemon,https://cdn0.woolworths.media/content/wowproductimages/medium/347837.jpg,2020-09-21 17:27:05,,0,,True
56b9877c-bcdf-4b08-8b69-de9cc9aba4b3,Woolworths Supermarket,Pantry,Uncle Tobys Roll-ups Strawberry Fun Prints 6 pack,324231,$4.00,$4.26 / 100G,https://www.woolworths.com.au/shop/productdetails/324231/uncle-tobys-roll-ups-strawberry-fun-prints,https://cdn0.woolworths.media/content/wowproductimages/medium/324231.jpg,2020-09-21 17:27:05,,0,,True
76deb0b3-c4a5-409a-9459-386cb44984e0,Woolworths Supermarket,Pantry,Woolworths Corn Sweet Kernels 420g,218926,$1.00,$2.38 / 1KG,https://www.woolworths.com.au/shop/productdetails/218926/woolworths-corn-sweet-kernels,https://cdn0.woolworths.media/content/wowproductimages/medium/218926.jpg,2020-09-21 17:27:05,Average product rating out of 5: 4.1. Product score is based on 215 ratings,215,,True
a82189d8-0a5b-45ec-8207-eb19acd1c03c,Woolworths Supermarket,Pantry,Moccona Freeze Dried Instant Coffee Classic Medium Roast 400g,208575,$24.00,$6.00 / 100G,https://www.woolworths.com.au/shop/productdetails/208575/moccona-freeze-dried-instant-coffee-classic-medium-roast,https://cdn0.woolworths.media/content/wowproductimages/medium/208575.jpg,2020-09-21 17:27:05,,0,,True
f6ad2f5a-0197-41c3-a24f-c56a62197f48,Woolworths Supermarket,Pantry,Macro Organic Quinoa Tri Colour 500g,717631,$7.00,$1.40 / 100G,https://www.woolworths.com.au/shop/productdetails/717631/macro-organic-quinoa-tri-colour,https://cdn0.woolworths.media/content/wowproductimages/medium/717631.jpg,2020-09-21 17:27:05,Average product rating out of 5: 4.6. Product score is based on 274 ratings,274,Was $9.99 09/01/2017,True
7f008c42-810c-4450-b8bc-42b9414d057b,Woolworths Supermarket,Pantry,Arnott's Shapes Cheddar 175g,384244,$2.50,$1.43 / 100G,https://www.woolworths.com.au/shop/productdetails/384244/arnott-s-shapes-cheddar,https://cdn0.woolworths.media/content/wowproductimages/medium/384244.jpg,2020-09-21 17:27:05,,0,,True
eced0d5b-9128-435d-865e-1d46315b2229,Woolworths Supermarket,Pantry,Uncle Ben's Microwave Mexican Style Brown Rice 250g,727257,$3.00,$1.20 / 100G,https://www.woolworths.com.au/shop/productdetails/727257/uncle-ben-s-microwave-mexican-style-brown-rice,https://cdn0.woolworths.media/content/wowproductimages/medium/727257.jpg,2020-09-21 17:27:05,,0,,True
2e92de5f-e393-4fff-9199-8166f634d8ba,Woolworths Supermarket,Pantry,Pringles Sour Cream And Onion Chips 134g,479502,$2.50,$1.87 / 100G,https://www.woolworths.com.au/shop/productdetails/479502/pringles-sour-cream-and-onion-chips,https://cdn0.woolworths.media/content/wowproductimages/medium/479502.jpg,2020-09-21 17:27:05,,0,,True
821b75c6-679c-4223-8317-7a31f53216a0,Woolworths Supermarket,Pantry,Koja Natural Peanut Butter Protein Bar Choc Chip Crunch 30g,081786,$3.20,$10.67 / 100G,https://www.woolworths.com.au/shop/productdetails/81786/koja-natural-peanut-butter-protein-bar-choc-chip-crunch,https://cdn0.woolworths.media/content/wowproductimages/medium/081786.jpg,2020-09-21 17:27:05,,0,,True
a40a791a-0f08-43e2-b6ce-b50953846bb6,Woolworths Supermarket,Pantry,Belvita Soft Bake Bites Dark Choc Chip 110g,081788,$3.00,$2.73 / 100G,https://www.woolworths.com.au/shop/productdetails/81788/belvita-soft-bake-bites-dark-choc-chip,https://cdn0.woolworths.media/content/wowproductimages/medium/081788.jpg,2020-09-21 17:27:05,,0,,True
45df83e5-749d-4552-81af-900adf0eae6b,Woolworths Supermarket,Pantry,Koja Natural Peanut Butter Protein Bar Peanut Caramel 30g,081798,$3.20,$10.67 / 100G,https://www.woolworths.com.au/shop/productdetails/81798/koja-natural-peanut-butter-protein-bar-peanut-caramel,https://cdn0.woolworths.media/content/wowproductimages/medium/081798.jpg,2020-09-21 17:27:05,,0,,True
9012f5e6-ebc3-408d-adfe-8ba783bc2b59,Woolworths Supermarket,Pantry,Tic Tac X-freeze Eucalyptus Mint 16.5g,081813,$2.00,$12.12 / 100G,https://www.woolworths.com.au/shop/productdetails/81813/tic-tac-x-freeze-eucalyptus-mint,https://cdn0.woolworths.media/content/wowproductimages/medium/081813.jpg,2020-09-21 17:27:05,,0,,True
997f82bd-0762-4a55-9731-239060e7e3dc,Woolworths Supermarket,Pantry,Tic Tac X-freeze Spearmint 16.5g,081814,$2.00,$12.12 / 100G,https://www.woolworths.com.au/shop/productdetails/81814/tic-tac-x-freeze-spearmint,https://cdn0.woolworths.media/content/wowproductimages/medium/081814.jpg,2020-09-21 17:27:05,,0,,True
21830ef9-9a47-4be6-b885-aa1dbb7e91d6,Woolworths Supermarket,Pantry,Lindt Nuxor Milk Chocolate Gift Box 177g,081823,$9.50,,https://www.woolworths.com.au/shop/productdetails/81823/lindt-nuxor-milk-chocolate-gift-box,https://cdn0.woolworths.media/content/wowproductimages/medium/081823.jpg,2020-09-21 17:27:05,,0,,True
f291c4c1-5be4-433c-86ae-25c1ea9f5b3c,Woolworths Supermarket,Pantry,Lion Pastry Mix 375g,081921,$2.50,$0.67 / 100G,https://www.woolworths.com.au/shop/productdetails/81921/lion-pastry-mix,https://cdn0.woolworths.media/content/wowproductimages/medium/081921.jpg,2020-09-21 17:27:05,,0,,True
59efb55c-f772-4224-9c59-da1bd1a055a7,Woolworths Supermarket,Pantry,Off The Eaten Path Pea & Pinto Bean Sticks Sweet Chilli & Sour Cream 100g,081969,$2.00,$2.00 / 100G,https://www.woolworths.com.au/shop/productdetails/81969/off-the-eaten-path-pea-pinto-bean-sticks-sweet-chilli-sour-cream,https://cdn0.woolworths.media/content/wowproductimages/medium/081969.jpg,2020-09-21 17:27:05,Average product rating out of 5: 4.3. Product score is based on 4 ratings,4,,True
f443f85f-0227-4ae7-913b-7cd7556b59ba,Woolworths Supermarket,Pantry,Continental Nutrish Soup A Bit Corny 27g,081974,$2.00,$7.41 / 100G,https://www.woolworths.com.au/shop/productdetails/81974/continental-nutrish-soup-a-bit-corny,https://cdn0.woolworths.media/content/wowproductimages/medium/081974.jpg,2020-09-21 17:27:05,,0,,True
d820b68b-88fd-4c5a-88d4-b60d18a6eac5,Woolworths Supermarket,Pantry,Ecs Botanics Indian Masala Lentil Soup 330g,081976,$5.95,$1.80 / 100G,https://www.woolworths.com.au/shop/productdetails/81976/ecs-botanics-indian-masala-lentil-soup,https://cdn0.woolworths.media/content/wowproductimages/medium/081976.jpg,2020-09-21 17:27:05,,0,,True
aa0123cb-bfba-4f0d-8f0e-311e994d45e1,Woolworths Supermarket,Pantry,Calbee Golden Chipees Lightly Salted 100g,081995,$2.00,$2.00 / 100G,https://www.woolworths.com.au/shop/productdetails/81995/calbee-golden-chipees-lightly-salted,https://cdn0.woolworths.media/content/wowproductimages/medium/081995.jpg,2020-09-21 17:27:05,,0,,True
022f37bc-63b5-4696-ab79-18001eddcda4,Woolworths Supermarket,Pantry,Valcom Paste Thai Green Curry 210g,082125,$3.20,$1.52 / 100G,https://www.woolworths.com.au/shop/productdetails/82125/valcom-paste-thai-green-curry,https://cdn0.woolworths.media/content/wowproductimages/medium/082125.jpg,2020-09-21 17:27:05,,0,,True
588389a1-ef19-404a-b984-d997a0ffae6e,Woolworths Supermarket,Pantry,Valcom Paste Thai Red Curry 210g,082126,$3.20,$1.52 / 100G,https://www.woolworths.com.au/shop/productdetails/82126/valcom-paste-thai-red-curry,https://cdn0.woolworths.media/content/wowproductimages/medium/082126.jpg,2020-09-21 17:27:05,,0,,True
3f08645b-21fa-478e-8f43-46d7cd6f5d55,Woolworths Supermarket,Pantry,Valcom Paste Thai Panaeng Curry 210g,082127,$3.20,$1.52 / 100G,https://www.woolworths.com.au/shop/productdetails/82127/valcom-paste-thai-panaeng-curry,https://cdn0.woolworths.media/content/wowproductimages/medium/082127.jpg,2020-09-21 17:27:05,,0,,True
32e46b66-1ed3-4516-803c-dfbd20a731e1,Woolworths Supermarket,Pantry,Valcom Paste Massaman Curry 210g,082128,$3.20,$1.52 / 100G,https://www.woolworths.com.au/shop/productdetails/82128/valcom-paste-massaman-curry,https://cdn0.woolworths.media/content/wowproductimages/medium/082128.jpg,2020-09-21 17:27:05,,0,,True
b0933b0b-fb30-4fac-a307-92ca4f0c16f3,Woolworths Supermarket,Pantry,Valcom Paste Tom Yum 210g,082129,$3.20,$1.52 / 100G,https://www.woolworths.com.au/shop/productdetails/82129/valcom-paste-tom-yum,https://cdn0.woolworths.media/content/wowproductimages/medium/082129.jpg,2020-09-21 17:27:05,,0,,True
aca6203a-d66d-4d80-b8b3-52fb252fb7e7,Woolworths Supermarket,Pantry,Cheetos Flaming Hot Puffs 80g,082140,$2.00,$2.50 / 100G,https://www.woolworths.com.au/shop/productdetails/82140/cheetos-flaming-hot-puffs,https://cdn0.woolworths.media/content/wowproductimages/medium/082140.jpg,2020-09-21 17:27:05,,0,,True
3b5f5c7a-ef3f-4541-af10-2226347065bf,Woolworths Supermarket,Pantry,Burger Rings Bag 90g,082144,$2.00,$2.22 / 100G,https://www.woolworths.com.au/shop/productdetails/82144/burger-rings-bag,https://cdn0.woolworths.media/content/wowproductimages/medium/082144.jpg,2020-09-21 17:27:05,,0,,True
8ea52da4-1efe-4942-ab60-b1ca8ec727db,Woolworths Supermarket,Pantry,Doritos Spicy Buffalo Wings 150g,082145,$2.75,$1.83 / 100G,https://www.woolworths.com.au/shop/productdetails/82145/doritos-spicy-buffalo-wings,https://cdn0.woolworths.media/content/wowproductimages/medium/082145.jpg,2020-09-21 17:27:05,,0,,True
99f0cd58-8fb1-4258-961e-c640a0e95bc4,Woolworths Supermarket,Pantry,Red Rock Deli Potato Chips Maple Glazed Bacon & Cheddar 150g,082267,$2.32,$1.55 / 100G,https://www.woolworths.com.au/shop/productdetails/82267/red-rock-deli-potato-chips-maple-glazed-bacon-cheddar,https://cdn0.woolworths.media/content/wowproductimages/medium/082267.jpg,2020-09-21 17:27:05,,0,,True
bab6b2e6-2035-4015-b684-5118b4e14550,Woolworths Supermarket,Pantry,Smith's Poppables Cheddar Cheese 90g,082268,$2.75,$3.06 / 100G,https://www.woolworths.com.au/shop/productdetails/82268/smith-s-poppables-cheddar-cheese,https://cdn0.woolworths.media/content/wowproductimages/medium/082268.jpg,2020-09-21 17:27:05,,0,,True
a4e7df46-030b-4524-9e6a-cf23c95d2841,Woolworths Supermarket,Pantry,Red Rock Deli Potato Chips Moroccan Spiced Chicken & Lemon 150g,082275,$2.32,$1.55 / 100G,https://www.woolworths.com.au/shop/productdetails/82275/red-rock-deli-potato-chips-moroccan-spiced-chicken-lemon,https://cdn0.woolworths.media/content/wowproductimages/medium/082275.jpg,2020-09-21 17:27:05,,0,,True
9d26d32a-2a37-4c37-a4a2-56b541982227,Woolworths Supermarket,Pantry,Cheetos Mashups - Doritos Twisties And Cheetos 150g,082276,$3.00,$2.00 / 100G,https://www.woolworths.com.au/shop/productdetails/82276/cheetos-mashups-doritos-twisties-and-cheetos,https://cdn0.woolworths.media/content/wowproductimages/medium/082276.jpg,2020-09-21 17:27:05,,0,Was $4.00 05/06/2017,True
5aba6fa3-3baf-41b8-bf43-595a191b7d93,Woolworths Supermarket,Pantry,Smith's Poppables Sweet Chilli & Sour Cream 90g,082278,$2.75,$3.06 / 100G,https://www.woolworths.com.au/shop/productdetails/82278/smith-s-poppables-sweet-chilli-sour-cream,https://cdn0.woolworths.media/content/wowproductimages/medium/082278.jpg,2020-09-21 17:27:05,,0,,True
9c5505bb-7549-4ee1-ac3f-6de3be65a2de,Woolworths Supermarket,Pantry,Sunbites Grain Waves Sour Cream & Chives 5 pack,720220,$3.10,$2.82 / 100G,https://www.woolworths.com.au/shop/productdetails/720220/sunbites-grain-waves-sour-cream-chives,https://cdn0.woolworths.media/content/wowproductimages/medium/720220.jpg,2020-09-21 17:27:05,,0,2 for $5.00,True
e0fce297-bc5e-4136-930f-89910732b17b,Woolworths Supermarket,Pantry,Woolworths Rolled Traditional Oats 750g,321220,$1.40,$0.19 / 100G,https://www.woolworths.com.au/shop/productdetails/321220/woolworths-rolled-traditional-oats,https://cdn0.woolworths.media/content/wowproductimages/medium/321220.jpg,2020-09-21 17:27:05,Average product rating out of 5: 4.6. Product score is based on 748 ratings,748,,True
b8a3b8aa-cdcb-4bd4-9934-f17c1e27432c,Woolworths Supermarket,Pantry,Cobram Estate Extra Virgin Light Olive Oil 750ml,345955,$15.00,$2.00 / 100ML,https://www.woolworths.com.au/shop/productdetails/345955/cobram-estate-extra-virgin-light-olive-oil,https://cdn0.woolworths.media/content/wowproductimages/medium/345955.jpg,2020-09-21 17:27:05,,0,,True
86128ae2-1e70-41b2-971a-9d58eed5b0a0,Woolworths Supermarket,Pantry,Ritz Crackers Original 300g,660562,$2.50,$0.83 / 100G,https://www.woolworths.com.au/shop/productdetails/660562/ritz-crackers-original,https://cdn0.woolworths.media/content/wowproductimages/medium/660562.jpg,2020-09-21 17:27:05,,0,,True
efcdad8c-3335-4787-af90-dc134b498c90,Woolworths Supermarket,Pantry,Woolworths Walnuts Kernel 500g,749540,$11.00,$22.00 / 1KG,https://www.woolworths.com.au/shop/productdetails/749540/woolworths-walnuts-kernel,https://cdn0.woolworths.media/content/wowproductimages/medium/749540.jpg,2020-09-21 17:27:05,Average product rating out of 5: 4.8. Product score is based on 360 ratings,360,,True
172a53d6-2ab2-4183-a698-7dcf05a655d3,Woolworths Supermarket,Pantry,Vege Chips Chicken Style 100g,793382,$3.80,$3.80 / 100G,https://www.woolworths.com.au/shop/productdetails/793382/vege-chips-chicken-style,https://cdn0.woolworths.media/content/wowproductimages/medium/793382.jpg,2020-09-21 17:27:05,Average product rating out of 5: 4.7. Product score is based on 20 ratings,20,,True
d00a2313-a6c5-42ef-b160-0d49cefd23e9,Woolworths Supermarket,Pantry,Mckenzie's Himalayan Salt Rock Pink 400g,749926,$5.95,$0.15 / 10G,https://www.woolworths.com.au/shop/productdetails/749926/mckenzie-s-himalayan-salt-rock-pink,https://cdn0.woolworths.media/content/wowproductimages/medium/749926.jpg,2020-09-21 17:27:05,,0,,True
759d7971-c1e9-45f3-bb61-55318725bf6e,Woolworths Supermarket,Pantry,Continental Cup A Soup Creamy Chicken With Lots Of Noodles 2 pack,026649,$2.00,$3.33 / 100G,https://www.woolworths.com.au/shop/productdetails/26649/continental-cup-a-soup-creamy-chicken-with-lots-of-noodles,https://cdn0.woolworths.media/content/wowproductimages/medium/026649.jpg,2020-09-21 17:27:05,,0,,True
d80ea5ff-8969-4e70-ba04-89a9d3b63935,Woolworths Supermarket,Pantry,Arnott's Monte Carlo 250g,036031,$3.00,$1.20 / 100G,https://www.woolworths.com.au/shop/productdetails/36031/arnott-s-monte-carlo,https://cdn0.woolworths.media/content/wowproductimages/medium/036031.jpg,2020-09-21 17:27:05,,0,,True
e54c7271-d283-47a5-a6d6-e9f6fdf5590c,Woolworths Supermarket,Pantry,Macro Organic Quinoa Tri Colour 500g,717631,$7.00,$1.40 / 100G,https://www.woolworths.com.au/shop/productdetails/717631/macro-organic-quinoa-tri-colour,https://cdn0.woolworths.media/content/wowproductimages/medium/717631.jpg,2020-09-21 17:27:05,Average product rating out of 5: 4.6. Product score is based on 274 ratings,274,Was $9.99 09/01/2017,True
4a7ffbe5-e898-4e7e-9801-1c04ba0268a5,Woolworths Supermarket,Pantry,Bertolli Extra Virgin Olive Oil Originale 750ml,502951,$6.50,$0.87 / 100ML,https://www.woolworths.com.au/shop/productdetails/502951/bertolli-extra-virgin-olive-oil-originale,https://cdn0.woolworths.media/content/wowproductimages/medium/502951.jpg,2020-09-21 17:27:05,,0,,True
967d17b9-b05b-4415-b4ad-70cb7b2071af,Woolworths Supermarket,Pantry,Nescafe Blend 43 Soluble Instant Coffee 500g,035694,$20.00,$4.00 / 100G,https://www.woolworths.com.au/shop/productdetails/35694/nescafe-blend-43-soluble-instant-coffee,https://cdn0.woolworths.media/content/wowproductimages/medium/035694.jpg,2020-09-21 17:27:05,,0,,True
71a00c50-d0b6-4d75-a5de-f4f10a92cf86,Woolworths Supermarket,Pantry,Woolworths Almond Meal 400g,610610,$7.50,$18.75 / 1KG,https://www.woolworths.com.au/shop/productdetails/610610/woolworths-almond-meal,https://cdn0.woolworths.media/content/wowproductimages/medium/610610.jpg,2020-09-21 17:27:05,Average product rating out of 5: 4.6. Product score is based on 326 ratings,326,Was $9.00 22/07/2020,True
793b9c1d-05e1-4245-adf5-7868cb012f34,Woolworths Supermarket,Pantry,Woolworths Diced Italian Tomatoes No Added Salt 400g,770320,$0.80,$2.00 / 1KG,https://www.woolworths.com.au/shop/productdetails/770320/woolworths-diced-italian-tomatoes-no-added-salt,https://cdn0.woolworths.media/content/wowproductimages/medium/770320.jpg,2020-09-21 17:27:05,Average product rating out of 5: 4.7. Product score is based on 311 ratings,311,,True
b08183d6-4bed-41b2-bc49-834c28771adc,Woolworths Supermarket,Pantry,Cadbury Dairy Milk Chocolate Fair Trade 350g,757883,$5.00,$1.43 / 100G,https://www.woolworths.com.au/shop/productdetails/757883/cadbury-dairy-milk-chocolate-fair-trade,https://cdn0.woolworths.media/content/wowproductimages/medium/757883.jpg,2020-09-21 17:27:05,,0,Was $6.30 16/01/2017,True
6224f6a7-e3dc-4046-8155-1ac6813fd084,Woolworths Supermarket,Pantry,Woolworths White Rice Long Grain 5kg,072779,$6.70,$0.13 / 100G,https://www.woolworths.com.au/shop/productdetails/72779/woolworths-white-rice-long-grain,https://cdn0.woolworths.media/content/wowproductimages/medium/072779.jpg,2020-09-21 17:27:05,Average product rating out of 5: 4.8. Product score is based on 14 ratings,14,,True
ab286d1e-4439-43bc-bd3a-e876c6748a7f,Woolworths Supermarket,Pantry,Queen Organic Vanilla Bean Paste 65g,225399,$11.80,$18.15 / 100G,https://www.woolworths.com.au/shop/productdetails/225399/queen-organic-vanilla-bean-paste,https://cdn0.woolworths.media/content/wowproductimages/medium/225399.jpg,2020-09-21 17:27:05,,0,,True
90a4dae8-51f9-491e-a4e9-b73db207f9f6,Woolworths Supermarket,Pantry,Moccona Freeze Dried Instant Coffee Classic Medium Roast 400g,208575,$24.00,$6.00 / 100G,https://www.woolworths.com.au/shop/productdetails/208575/moccona-freeze-dried-instant-coffee-classic-medium-roast,https://cdn0.woolworths.media/content/wowproductimages/medium/208575.jpg,2020-09-21 17:27:05,,0,,True
bd2acc90-2ddf-4017-941b-965fd509269d,Woolworths Supermarket,Pantry,Beechworth Pure Honey 1.5kg,250371,$22.00,$1.47 / 100G,https://www.woolworths.com.au/shop/productdetails/250371/beechworth-pure-honey,https://cdn0.woolworths.media/content/wowproductimages/medium/250371.jpg,2020-09-21 17:27:05,,0,,True
264db8a9-5ec2-4faa-9ac6-fc6d4ce2c687,Woolworths Supermarket,Pantry,Sanitarium Weet-bix Breakfast Cereal 1.2kg,200695,$5.00,$0.42 / 100G,https://www.woolworths.com.au/shop/productdetails/200695/sanitarium-weet-bix-breakfast-cereal,https://cdn0.woolworths.media/content/wowproductimages/medium/200695.jpg,2020-09-21 17:27:05,,0,,True
5b72581a-9d25-4688-a07a-32552bea4bee,Woolworths Supermarket,Pantry,San Remo Linguine Pasta No 1 500g,082282,$2.60,$0.52 / 100G,https://www.woolworths.com.au/shop/productdetails/82282/san-remo-linguine-pasta-no-1,https://cdn0.woolworths.media/content/wowproductimages/medium/082282.jpg,2020-09-21 17:27:05,,0,,True
37255d4b-6d1c-4c59-bfa8-9672334c92b7,Woolworths Supermarket,Pantry,Continental Nutrish Soup Smash'n Pump-kin 33g,082287,$2.00,$6.06 / 100G,https://www.woolworths.com.au/shop/productdetails/82287/continental-nutrish-soup-smash-n-pump-kin,https://cdn0.woolworths.media/content/wowproductimages/medium/082287.jpg,2020-09-21 17:27:05,,0,,True
ff96a59c-6155-4038-b050-a19d675634b5,Woolworths Supermarket,Pantry,Sunbites Grain Waves Sour Cream & Chives 170g,082361,$3.50,$2.06 / 100G,https://www.woolworths.com.au/shop/productdetails/82361/sunbites-grain-waves-sour-cream-chives,https://cdn0.woolworths.media/content/wowproductimages/medium/082361.jpg,2020-09-21 17:27:05,,0,,True
595ba6d5-f558-4ce3-8c21-082a074c7e3e,Woolworths Supermarket,Pantry,Sunbites Rice & Chickpea Chips Roasted Garlic & Herb 100g,082374,$3.50,$3.50 / 100G,https://www.woolworths.com.au/shop/productdetails/82374/sunbites-rice-chickpea-chips-roasted-garlic-herb,https://cdn0.woolworths.media/content/wowproductimages/medium/082374.jpg,2020-09-21 17:27:05,,0,,True
209b5b13-4e73-41ee-ac89-53549661383c,Woolworths Supermarket,Pantry,Werther's Original Toffees 3 pack,082390,$3.80,$2.53 / 100G,https://www.woolworths.com.au/shop/productdetails/82390/werther-s-original-toffees,https://cdn0.woolworths.media/content/wowproductimages/medium/082390.jpg,2020-09-21 17:27:05,,0,,True
d5dbcaf9-6872-4b52-8d00-c43a496bbbbb,Woolworths Supermarket,Pantry,Twisties Chicken Chips 90g,082392,$2.00,$2.22 / 100G,https://www.woolworths.com.au/shop/productdetails/82392/twisties-chicken-chips,https://cdn0.woolworths.media/content/wowproductimages/medium/082392.jpg,2020-09-21 17:27:05,,0,,True
ccc30171-423c-42a8-9655-4fb908d3a499,Woolworths Supermarket,Pantry,Tostitos Cantina Style Tortilla Chips 175g,082393,$4.20,$2.40 / 100G,https://www.woolworths.com.au/shop/productdetails/82393/tostitos-cantina-style-tortilla-chips,https://cdn0.woolworths.media/content/wowproductimages/medium/082393.jpg,2020-09-21 17:27:05,,0,,True
232e053d-af92-4b47-9b9b-8e80bfa74464,Woolworths Supermarket,Pantry,Hart & Soul Sweet Potato & Ginger Soup 400g,082402,$4.00,$1.00 / 100G,https://www.woolworths.com.au/shop/productdetails/82402/hart-soul-sweet-potato-ginger-soup,https://cdn0.woolworths.media/content/wowproductimages/medium/082402.jpg,2020-09-21 17:27:05,,0,,True
05aee0b4-ccfd-4cd5-b4c9-6452550e3091,Woolworths Supermarket,Pantry,Laucke Stoneground Rustic White Bread Mix 2.4kg,082406,$10.25,$4.27 / 1KG,https://www.woolworths.com.au/shop/productdetails/82406/laucke-stoneground-rustic-white-bread-mix,https://cdn0.woolworths.media/content/wowproductimages/medium/082406.jpg,2020-09-21 17:27:05,,0,,True
d2f54122-29f0-4c68-a58e-ed61cb3dc38b,Woolworths Supermarket,Pantry,Sunbites Rice & Chickpea Chips Sweet Chilli & Sour Cream 100g,082412,$3.50,$3.50 / 100G,https://www.woolworths.com.au/shop/productdetails/82412/sunbites-rice-chickpea-chips-sweet-chilli-sour-cream,https://cdn0.woolworths.media/content/wowproductimages/medium/082412.jpg,2020-09-21 17:27:05,,0,,True
a5c6d246-b712-4cb5-b18c-9965ec267aa2,Woolworths Supermarket,Pantry,Hart & Soul Beef Bone Broth Soup 350g,082416,$4.00,$1.14 / 100G,https://www.woolworths.com.au/shop/productdetails/82416/hart-soul-beef-bone-broth-soup,https://cdn0.woolworths.media/content/wowproductimages/medium/082416.jpg,2020-09-21 17:27:05,,0,,True
8b0aebb0-ae81-4953-bd00-a721770543c5,Woolworths Supermarket,Pantry,Continental Soup Sensations Farmhouse Potato & Leek 60g,082417,$2.00,$3.33 / 100G,https://www.woolworths.com.au/shop/productdetails/82417/continental-soup-sensations-farmhouse-potato-leek,https://cdn0.woolworths.media/content/wowproductimages/medium/082417.jpg,2020-09-21 17:27:05,,0,,True
10cdc508-4a59-4b86-a47e-18c7a778d955,Woolworths Supermarket,Pantry,Continental Soup Sensations Harvest Pumpkin & Sour Cream 70g,082418,$2.00,$2.86 / 100G,https://www.woolworths.com.au/shop/productdetails/82418/continental-soup-sensations-harvest-pumpkin-sour-cream,https://cdn0.woolworths.media/content/wowproductimages/medium/082418.jpg,2020-09-21 17:27:05,,0,,True
85d4dc9a-0629-49a6-80c6-dd59cc15555c,Woolworths Supermarket,Pantry,Rosella Canned Soup Tomato Condensed 500g,082492,$2.25,$0.45 / 100G,https://www.woolworths.com.au/shop/productdetails/82492/rosella-canned-soup-tomato-condensed,https://cdn0.woolworths.media/content/wowproductimages/medium/082492.jpg,2020-09-21 17:27:05,,0,,True
3d4a54c8-02fa-4518-9f2e-37d3e7c55a1a,Woolworths Supermarket,Pantry,Vegeta Beef Stock Cubes 60g,082540,$2.00,$0.33 / 10G,https://www.woolworths.com.au/shop/productdetails/82540/vegeta-beef-stock-cubes,https://cdn0.woolworths.media/content/wowproductimages/medium/082540.jpg,2020-09-21 17:27:05,,0,,True
cc5534fa-51c3-4fd5-abe1-1d52cf7b3e95,Woolworths Supermarket,Pantry,Hart & Soul Vegetable Broth Soup 350g,082554,$4.00,$1.14 / 100G,https://www.woolworths.com.au/shop/productdetails/82554/hart-soul-vegetable-broth-soup,https://cdn0.woolworths.media/content/wowproductimages/medium/082554.jpg,2020-09-21 17:27:05,,0,,True
6354db72-ad99-4e8c-b32b-13f6e215afff,Woolworths Supermarket,Pantry,Continental Nutrish Soup Peas Be Mine 30g,082555,$2.00,$6.67 / 100G,https://www.woolworths.com.au/shop/productdetails/82555/continental-nutrish-soup-peas-be-mine,https://cdn0.woolworths.media/content/wowproductimages/medium/082555.jpg,2020-09-21 17:27:05,,0,,True
94b10e04-033c-4112-8ac6-ea3f88f8e136,Woolworths Supermarket,Pantry,Spam Ham Spiced Lite Less Fat 200g,082627,$3.50,$17.50 / 1KG,https://www.woolworths.com.au/shop/productdetails/82627/spam-ham-spiced-lite-less-fat,https://cdn0.woolworths.media/content/wowproductimages/medium/082627.jpg,2020-09-21 17:27:05,,0,,True
8e48c5de-1db6-425a-927e-a8b109200071,Woolworths Supermarket,Pantry,Spam Ham Spiced 200g,082643,$3.50,$17.50 / 1KG,https://www.woolworths.com.au/shop/productdetails/82643/spam-ham-spiced,https://cdn0.woolworths.media/content/wowproductimages/medium/082643.jpg,2020-09-21 17:27:05,,0,,True
2cad4195-ce98-48b6-85bb-6f26055a069f,Woolworths Supermarket,Pantry,Allen's Sourz Tangy Randoms 170g,082705,$2.00,$1.18 / 100G,https://www.woolworths.com.au/shop/productdetails/82705/allen-s-sourz-tangy-randoms,https://cdn0.woolworths.media/content/wowproductimages/medium/082705.jpg,2020-09-21 17:27:05,,0,,True
9a01f675-0d7c-4deb-9393-15d7ec5dfa65,Woolworths Supermarket,Pantry,Continental Soup Sensations Cheesy Broccoli & Potato 56g,082711,$2.00,$3.57 / 100G,https://www.woolworths.com.au/shop/productdetails/82711/continental-soup-sensations-cheesy-broccoli-potato,https://cdn0.woolworths.media/content/wowproductimages/medium/082711.jpg,2020-09-21 17:27:05,,0,,True
8a05c291-19e6-4e9d-a3db-ed03a5a6d0ad,Woolworths Supermarket,Pantry,Continental Soup Sensations Creamy Roast Chicken & Spring Onion 61g,082796,$2.00,$3.28 / 100G,https://www.woolworths.com.au/shop/productdetails/82796/continental-soup-sensations-creamy-roast-chicken-spring-onion,https://cdn0.woolworths.media/content/wowproductimages/medium/082796.jpg,2020-09-21 17:27:05,,0,,True
f5753c5d-2b94-4c5d-9137-b58c3f960153,Woolworths Supermarket,Pantry,Continental Nutrish Soup Feeling Clucky 33g,082802,$2.00,$6.06 / 100G,https://www.woolworths.com.au/shop/productdetails/82802/continental-nutrish-soup-feeling-clucky,https://cdn0.woolworths.media/content/wowproductimages/medium/082802.jpg,2020-09-21 17:27:05,,0,,True
8e2e9a97-0ff4-4faa-8e29-63c91a139429,Woolworths Supermarket,Pantry,Laucke Spelt Bread Mix 1kg,082823,$6.00,$6.00 / 1KG,https://www.woolworths.com.au/shop/productdetails/82823/laucke-spelt-bread-mix,https://cdn0.woolworths.media/content/wowproductimages/medium/082823.jpg,2020-09-21 17:27:05,,0,,True
7b4b4af1-0f42-473b-8308-38bcbd66f3b5,Woolworths Supermarket,Pantry,Arnott's Shapes Chicken Crimpy 175g,384245,$2.50,$1.43 / 100G,https://www.woolworths.com.au/shop/productdetails/384245/arnott-s-shapes-chicken-crimpy,https://cdn0.woolworths.media/content/wowproductimages/medium/384245.jpg,2020-09-21 17:27:05,,0,,True
a4b0000f-bed5-4513-824a-ee5e6663f5b8,Woolworths Supermarket,Pantry,Sunbites Grain Waves Sour Cream & Chives 5 pack,720220,$3.10,$2.82 / 100G,https://www.woolworths.com.au/shop/productdetails/720220/sunbites-grain-waves-sour-cream-chives,https://cdn0.woolworths.media/content/wowproductimages/medium/720220.jpg,2020-09-21 17:27:05,,0,2 for $5.00,True
44646df9-fa85-40d5-8231-75769269c25a,Woolworths Supermarket,Pantry,Cadbury Dairy Milk Chocolate Fair Trade 350g,757883,$5.00,$1.43 / 100G,https://www.woolworths.com.au/shop/productdetails/757883/cadbury-dairy-milk-chocolate-fair-trade,https://cdn0.woolworths.media/content/wowproductimages/medium/757883.jpg,2020-09-21 17:27:05,,0,Was $6.30 16/01/2017,True
be4600c3-fe97-4ed6-b0bd-f59a3115e7c2,Woolworths Supermarket,Pantry,Heinz Canned Soup Big Red Tomato 420g,034331,$2.20,$0.52 / 100G,https://www.woolworths.com.au/shop/productdetails/34331/heinz-canned-soup-big-red-tomato,https://cdn0.woolworths.media/content/wowproductimages/medium/034331.jpg,2020-09-21 17:27:05,,0,,True
0c83094b-a77f-4d47-ba0f-b6a8f73b8e60,Woolworths Supermarket,Pantry,Arnott's Monte Carlo 250g,036031,$3.00,$1.20 / 100G,https://www.woolworths.com.au/shop/productdetails/36031/arnott-s-monte-carlo,https://cdn0.woolworths.media/content/wowproductimages/medium/036031.jpg,2020-09-21 17:27:05,,0,,True
6c172cef-219f-445a-bbd9-521b8dbf95fb,Woolworths Supermarket,Pantry,Mckenzie's Rice Flour 375g,094275,$1.50,$4.00 / 1KG,https://www.woolworths.com.au/shop/productdetails/94275/mckenzie-s-rice-flour,https://cdn0.woolworths.media/content/wowproductimages/medium/094275.jpg,2020-09-21 17:27:05,,0,,True
c1eaf8ec-4a0e-4e76-b045-9ef5a3742680,Woolworths Supermarket,Pantry,Essentials Raw Sugar 2kg,018174,$2.10,$0.11 / 100G,https://www.woolworths.com.au/shop/productdetails/18174/essentials-raw-sugar,https://cdn0.woolworths.media/content/wowproductimages/medium/018174.jpg,2020-09-21 17:27:05,,0,,True
55a269af-b587-4ddb-ab40-c1beff6afb63,Woolworths Supermarket,Pantry,Ardmona Tomatoes Diced No Added Salt 400g,226849,$1.40,$3.50 / 1KG,https://www.woolworths.com.au/shop/productdetails/226849/ardmona-tomatoes-diced-no-added-salt,https://cdn0.woolworths.media/content/wowproductimages/medium/226849.jpg,2020-09-21 17:27:05,,0,,True
abf16628-8087-4151-94e7-9a5e57ff6d49,Woolworths Supermarket,Pantry,Macro Organic Quinoa Tri Colour 500g,717631,$7.00,$1.40 / 100G,https://www.woolworths.com.au/shop/productdetails/717631/macro-organic-quinoa-tri-colour,https://cdn0.woolworths.media/content/wowproductimages/medium/717631.jpg,2020-09-21 17:27:05,Average product rating out of 5: 4.6. Product score is based on 274 ratings,274,Was $9.99 09/01/2017,True
891e5897-0a01-489d-8a2c-80e6b86b8941,Woolworths Supermarket,Pantry,Continental Cup A Soup Creamy Chicken With Lots Of Noodles 2 pack,026649,$2.00,$3.33 / 100G,https://www.woolworths.com.au/shop/productdetails/26649/continental-cup-a-soup-creamy-chicken-with-lots-of-noodles,https://cdn0.woolworths.media/content/wowproductimages/medium/026649.jpg,2020-09-21 17:27:05,,0,,True
b8fbcd3b-bca6-438d-aa24-c49f2b3bc9c0,Woolworths Supermarket,Pantry,Fantastic Rice Crackers Original 100g,035231,$1.50,$1.50 / 100G,https://www.woolworths.com.au/shop/productdetails/35231/fantastic-rice-crackers-original,https://cdn0.woolworths.media/content/wowproductimages/medium/035231.jpg,2020-09-21 17:27:05,,0,,True
ed2abb2d-77c4-4bb5-a541-53079a2fcb11,Woolworths Supermarket,Pantry,Masterfoods Barbecue Sauce 500ml,099696,$2.50,$0.50 / 100ML,https://www.woolworths.com.au/shop/productdetails/99696/masterfoods-barbecue-sauce,https://cdn0.woolworths.media/content/wowproductimages/medium/099696.jpg,2020-09-21 17:27:05,,0,,True
d8a4f5ae-ad3d-4db8-8c5b-82325b14add1,Woolworths Supermarket,Pantry,Cadbury Fry's Turkish Delight 55g bar,098390,$1.00,$1.82 / 100G,https://www.woolworths.com.au/shop/productdetails/98390/cadbury-fry-s-turkish-delight,https://cdn0.woolworths.media/content/wowproductimages/medium/098390.jpg,2020-09-21 17:27:05,,0,,True
72f114bd-b3c4-4366-b2e1-1e31b451b75e,Woolworths Supermarket,Pantry,Essentials Pasta Penne 500g,188800,$0.80,$0.16 / 100G,https://www.woolworths.com.au/shop/productdetails/188800/essentials-pasta-penne,https://cdn0.woolworths.media/content/wowproductimages/medium/188800.jpg,2020-09-21 17:27:05,,0,,True
728cf9af-25dc-4795-a17c-9d3af07eae0b,Woolworths Supermarket,Pantry,Woolworths Rolled Traditional Oats 750g,321220,$1.40,$0.19 / 100G,https://www.woolworths.com.au/shop/productdetails/321220/woolworths-rolled-traditional-oats,https://cdn0.woolworths.media/content/wowproductimages/medium/321220.jpg,2020-09-21 17:27:05,Average product rating out of 5: 4.6. Product score is based on 748 ratings,748,,True
160e0975-0a04-4f8a-a14d-ba0fa6e3dc5d,Woolworths Supermarket,Pantry,Ritz Crackers Original 300g,660562,$2.50,$0.83 / 100G,https://www.woolworths.com.au/shop/productdetails/660562/ritz-crackers-original,https://cdn0.woolworths.media/content/wowproductimages/medium/660562.jpg,2020-09-21 17:27:05,,0,,True
135fb965-38bf-4d15-8509-19b7ebd03f80,Woolworths Supermarket,Pantry,Mckenzie's Himalayan Salt Rock Pink 400g,749926,$5.95,$0.15 / 10G,https://www.woolworths.com.au/shop/productdetails/749926/mckenzie-s-himalayan-salt-rock-pink,https://cdn0.woolworths.media/content/wowproductimages/medium/749926.jpg,2020-09-21 17:27:05,,0,,True
46432496-fe03-4fef-b672-35f6adcca9b7,Woolworths Supermarket,Pantry,Woolworths Diced Italian Tomatoes No Added Salt 400g,770320,$0.80,$2.00 / 1KG,https://www.woolworths.com.au/shop/productdetails/770320/woolworths-diced-italian-tomatoes-no-added-salt,https://cdn0.woolworths.media/content/wowproductimages/medium/770320.jpg,2020-09-21 17:27:05,Average product rating out of 5: 4.7. Product score is based on 311 ratings,311,,True
50a027b4-90c6-462d-8405-2dd885d8b5b0,Woolworths Supermarket,Pantry,Sunbites Grain Waves Sour Cream & Chives 170g,082361,$3.50,$2.06 / 100G,https://www.woolworths.com.au/shop/productdetails/82361/sunbites-grain-waves-sour-cream-chives,https://cdn0.woolworths.media/content/wowproductimages/medium/082361.jpg,2020-09-21 17:27:05,,0,,True
95c8fcee-a148-4c1c-b35f-f070e8667620,Woolworths Supermarket,Pantry,Indomie Mi Goreng Instant Noodles 5pk 425g,177972,$2.75,$0.65 / 100G,https://www.woolworths.com.au/shop/productdetails/177972/indomie-mi-goreng-instant-noodles,https://cdn0.woolworths.media/content/wowproductimages/medium/177972.jpg,2020-09-21 17:27:05,,0,,True
a52fd372-100d-436d-aa58-e9142519c692,Woolworths Supermarket,Pantry,Continental Nutrish Soup Tickle Me Purple 30g,082824,$2.00,$6.67 / 100G,https://www.woolworths.com.au/shop/productdetails/82824/continental-nutrish-soup-tickle-me-purple,https://cdn0.woolworths.media/content/wowproductimages/medium/082824.jpg,2020-09-21 17:27:05,,0,,True
a8a89f0f-28e9-417c-ab5d-a14b12f09567,Woolworths Supermarket,Pantry,Continental Soup Sensations Moroccan Vegetable Medley 68g,082828,$2.00,$2.94 / 100G,https://www.woolworths.com.au/shop/productdetails/82828/continental-soup-sensations-moroccan-vegetable-medley,https://cdn0.woolworths.media/content/wowproductimages/medium/082828.jpg,2020-09-21 17:27:05,,0,,True
b3bf3cf8-50ff-421a-9764-f1647138c33f,Woolworths Supermarket,Pantry,Continental Soup Sensations Vine Ripened Tomato & Ricotta 54g,082852,$2.00,$3.70 / 100G,https://www.woolworths.com.au/shop/productdetails/82852/continental-soup-sensations-vine-ripened-tomato-ricotta,https://cdn0.woolworths.media/content/wowproductimages/medium/082852.jpg,2020-09-21 17:27:05,,0,,True
d5b98479-eeee-4807-a1fe-f7a291443e68,Woolworths Supermarket,Pantry,Red Rock Deli Honey Soy Chicken Chips 50g,082858,$2.10,$4.20 / 100G,https://www.woolworths.com.au/shop/productdetails/82858/red-rock-deli-honey-soy-chicken-chips,https://cdn0.woolworths.media/content/wowproductimages/medium/082858.jpg,2020-09-21 17:27:05,,0,,True
cdb86403-ba72-4983-8bd0-16577215af69,Woolworths Supermarket,Pantry,Captain's Table Pita Crackers Herbs De Provence 100g,083116,$2.50,$2.50 / 100G,https://www.woolworths.com.au/shop/productdetails/83116/captain-s-table-pita-crackers-herbs-de-provence,https://cdn0.woolworths.media/content/wowproductimages/medium/083116.jpg,2020-09-21 17:27:05,,0,,True
f9a154fe-cd8f-47f0-8da3-208af02d0b25,Woolworths Supermarket,Pantry,Vegeta Chicken Stock Cubes 60g,083117,$2.00,$0.33 / 10G,https://www.woolworths.com.au/shop/productdetails/83117/vegeta-chicken-stock-cubes,https://cdn0.woolworths.media/content/wowproductimages/medium/083117.jpg,2020-09-21 17:27:05,,0,,True
bc8b0ff5-be7c-4587-9290-8360f0926c72,Woolworths Supermarket,Pantry,Captain's Table Pita Crackers Classic 100g,083127,$2.50,$2.50 / 100G,https://www.woolworths.com.au/shop/productdetails/83127/captain-s-table-pita-crackers-classic,https://cdn0.woolworths.media/content/wowproductimages/medium/083127.jpg,2020-09-21 17:27:05,,0,,True
007b8128-1087-4923-a4ef-f7d24443a51c,Woolworths Supermarket,Pantry,Cottee's Strawberry Jam 250g,083218,$2.00,$0.80 / 100G,https://www.woolworths.com.au/shop/productdetails/83218/cottee-s-strawberry-jam,https://cdn0.woolworths.media/content/wowproductimages/medium/083218.jpg,2020-09-21 17:27:05,,0,,True
4c5af9e0-32ca-4f83-a5b8-e21871d99308,Woolworths Supermarket,Pantry,Deep Cove Sardines In Springwater 125g,083235,$0.75,$6.00 / 1KG,https://www.woolworths.com.au/shop/productdetails/83235/deep-cove-sardines-in-springwater,https://cdn0.woolworths.media/content/wowproductimages/medium/083235.jpg,2020-09-21 17:27:05,,0,,True
71525b80-9891-4a32-bcb3-30c8d4969e4e,Woolworths Supermarket,Pantry,Deep Cove Sardines In Tomato Sauce 125g,083236,$0.75,$6.00 / 1KG,https://www.woolworths.com.au/shop/productdetails/83236/deep-cove-sardines-in-tomato-sauce,https://cdn0.woolworths.media/content/wowproductimages/medium/083236.jpg,2020-09-21 17:27:05,,0,,True
ec76ce4a-57a0-4fd5-b0a0-28c70ad6c106,Woolworths Supermarket,Pantry,Deep Cove Sardines In Oil 125g,083237,$0.75,$6.00 / 1KG,https://www.woolworths.com.au/shop/productdetails/83237/deep-cove-sardines-in-oil,https://cdn0.woolworths.media/content/wowproductimages/medium/083237.jpg,2020-09-21 17:27:05,,0,,True
ebd503fb-8681-4668-b45b-f8a219ec50ea,Woolworths Supermarket,Pantry,Dollar Sweets Tutti Frutti Sprinkles 110g,083249,$5.00,$4.55 / 100G,https://www.woolworths.com.au/shop/productdetails/83249/dollar-sweets-tutti-frutti-sprinkles,https://cdn0.woolworths.media/content/wowproductimages/medium/083249.jpg,2020-09-21 17:27:05,,0,,True
eeb044fa-535b-43f2-94b4-e82de1aa8f2d,Woolworths Supermarket,Pantry,Dollar Sweets Chocolate 100s & 1000s 130g,083261,$5.00,$3.85 / 100G,https://www.woolworths.com.au/shop/productdetails/83261/dollar-sweets-chocolate-100s-1000s,https://cdn0.woolworths.media/content/wowproductimages/medium/083261.jpg,2020-09-21 17:27:05,,0,,True
c3dd4cc1-7e24-42c5-b8ad-a0de0b028186,Woolworths Supermarket,Pantry,Belvita Soft Bake Bites Raspberry & Vanilla Bean 110g,083272,$3.00,$2.73 / 100G,https://www.woolworths.com.au/shop/productdetails/83272/belvita-soft-bake-bites-raspberry-vanilla-bean,https://cdn0.woolworths.media/content/wowproductimages/medium/083272.jpg,2020-09-21 17:27:05,,0,,True
c3aa341d-a6fb-4227-9906-3c71773287e0,Woolworths Supermarket,Pantry,Mama Shrimp (tom Yum) Flavour Instant Noodles Jumbo Pack 90g x5 pack,083291,$3.95,$0.88 / 100G,https://www.woolworths.com.au/shop/productdetails/83291/mama-shrimp-tom-yum-flavour-instant-noodles-jumbo-pack,https://cdn0.woolworths.media/content/wowproductimages/medium/083291.jpg,2020-09-21 17:27:05,,0,,True
bb536f9a-e596-4c56-aef2-26953cb70a0b,Woolworths Supermarket,Pantry,Cobs Corn Puffs Cheesy Cheddar Gluten Free 120g,083318,$3.50,$2.92 / 100G,https://www.woolworths.com.au/shop/productdetails/83318/cobs-corn-puffs-cheesy-cheddar-gluten-free,https://cdn0.woolworths.media/content/wowproductimages/medium/083318.jpg,2020-09-21 17:27:05,,0,,True
ce7d30bc-b58e-4e4c-a99a-082bfedbfd67,Woolworths Supermarket,Pantry,Heinz Plant Proteinz Mexican Style Corn & Black Bean Soup 330g,083319,$4.50,$1.36 / 100G,https://www.woolworths.com.au/shop/productdetails/83319/heinz-plant-proteinz-mexican-style-corn-black-bean-soup,https://cdn0.woolworths.media/content/wowproductimages/medium/083319.jpg,2020-09-21 17:27:05,,0,,True
f7fb49eb-3724-4226-9fa1-72a8f37c2d19,Woolworths Supermarket,Pantry,Byron Bay Cookies Dark Choc Mint Cookie Bites 100g,083341,$2.00,$2.00 / 100G,https://www.woolworths.com.au/shop/productdetails/83341/byron-bay-cookies-dark-choc-mint-cookie-bites,https://cdn0.woolworths.media/content/wowproductimages/medium/083341.jpg,2020-09-21 17:27:05,,0,,True
c618b0f4-b21d-4b40-a35e-68caf1697c8e,Woolworths Supermarket,Pantry,Campbell's Real Liquid Stock Malaysian Laksa Style 1l,083437,$3.00,$0.30 / 100ML,https://www.woolworths.com.au/shop/productdetails/83437/campbell-s-real-liquid-stock-malaysian-laksa-style,https://cdn0.woolworths.media/content/wowproductimages/medium/083437.jpg,2020-09-21 17:27:05,,0,,True
f09d3719-a05c-4650-b424-819a55c16714,Woolworths Supermarket,Pantry,Arnott's Cracker Chips Mozzarella & Basil Bruschetta 150g,083438,$4.50,$3.00 / 100G,https://www.woolworths.com.au/shop/productdetails/83438/arnott-s-cracker-chips-mozzarella-basil-bruschetta,https://cdn0.woolworths.media/content/wowproductimages/medium/083438.jpg,2020-09-21 17:27:05,,0,,True
d0cdfffa-23d1-492b-a301-5f50ac732826,Woolworths Supermarket,Pantry,Campbell's Real Stock Thai Noodle Soup Base 1l,083444,$3.00,$0.30 / 100ML,https://www.woolworths.com.au/shop/productdetails/83444/campbell-s-real-stock-thai-noodle-soup-base,https://cdn0.woolworths.media/content/wowproductimages/medium/083444.jpg,2020-09-21 17:27:05,,0,,True
8d2bb0cf-38fc-4153-97a2-b69290a9f649,Woolworths Supermarket,Pantry,Arnott's Cracker Chips Hickory Ribs With Sticky Glaze 150g,083445,$4.50,$3.00 / 100G,https://www.woolworths.com.au/shop/productdetails/83445/arnott-s-cracker-chips-hickory-ribs-with-sticky-glaze,https://cdn0.woolworths.media/content/wowproductimages/medium/083445.jpg,2020-09-21 17:27:05,,0,,True
2e3967bd-1362-4187-8274-6535e3c96936,Woolworths Supermarket,Pantry,Woolworths Peaches In Juice 10 pack,083459,$5.00,$4.00 / 1KG,https://www.woolworths.com.au/shop/productdetails/83459/woolworths-peaches-in-juice,https://cdn0.woolworths.media/content/wowproductimages/medium/083459.jpg,2020-09-21 17:27:05,,0,,True
91f8e25b-0736-4917-b68d-6d3aa2c1f52b,Woolworths Supermarket,Pantry,Woolworths Two Fruits In Juice 10 pack,083460,$5.00,$4.00 / 1KG,https://www.woolworths.com.au/shop/productdetails/83460/woolworths-two-fruits-in-juice,https://cdn0.woolworths.media/content/wowproductimages/medium/083460.jpg,2020-09-21 17:27:05,,0,,True
29f3bef2-7188-4e51-a98f-86e47d90898e,Woolworths Supermarket,Pantry,Arnott's Shapes Chicken Crimpy 175g,384245,$2.50,$1.43 / 100G,https://www.woolworths.com.au/shop/productdetails/384245/arnott-s-shapes-chicken-crimpy,https://cdn0.woolworths.media/content/wowproductimages/medium/384245.jpg,2020-09-21 17:27:05,,0,,True
b844e779-ec88-4ccf-a3f2-d7ea01d629ad,Woolworths Supermarket,Pantry,Sunbites Grain Waves Sour Cream & Chives 5 pack,720220,$3.10,$2.82 / 100G,https://www.woolworths.com.au/shop/productdetails/720220/sunbites-grain-waves-sour-cream-chives,https://cdn0.woolworths.media/content/wowproductimages/medium/720220.jpg,2020-09-21 17:27:05,,0,2 for $5.00,True
747eb92e-3237-4245-8a43-15067ca30fcd,Woolworths Supermarket,Pantry,Arnott's Monte Carlo 250g,036031,$3.00,$1.20 / 100G,https://www.woolworths.com.au/shop/productdetails/36031/arnott-s-monte-carlo,https://cdn0.woolworths.media/content/wowproductimages/medium/036031.jpg,2020-09-21 17:27:05,,0,,True
87ed2572-c6c5-477a-bce6-2f5a526a1a00,Woolworths Supermarket,Pantry,Woolworths Diced Italian Tomatoes No Added Salt 400g,770320,$0.80,$2.00 / 1KG,https://www.woolworths.com.au/shop/productdetails/770320/woolworths-diced-italian-tomatoes-no-added-salt,https://cdn0.woolworths.media/content/wowproductimages/medium/770320.jpg,2020-09-21 17:27:05,Average product rating out of 5: 4.7. Product score is based on 311 ratings,311,,True
472a3291-bd3e-4908-8f1a-09773e20f460,Woolworths Supermarket,Pantry,Heinz Canned Soup Big Red Tomato 420g,034331,$2.20,$0.52 / 100G,https://www.woolworths.com.au/shop/productdetails/34331/heinz-canned-soup-big-red-tomato,https://cdn0.woolworths.media/content/wowproductimages/medium/034331.jpg,2020-09-21 17:27:05,,0,,True
b371c465-78a0-4eee-a0cd-c039075ff2a1,Woolworths Supermarket,Pantry,Mckenzie's Himalayan Salt Rock Pink 400g,749926,$5.95,$0.15 / 10G,https://www.woolworths.com.au/shop/productdetails/749926/mckenzie-s-himalayan-salt-rock-pink,https://cdn0.woolworths.media/content/wowproductimages/medium/749926.jpg,2020-09-21 17:27:05,,0,,True
8c51e19c-639b-4ff0-aa46-f6023bc219a7,Woolworths Supermarket,Pantry,Masterfoods Barbecue Sauce 500ml,099696,$2.50,$0.50 / 100ML,https://www.woolworths.com.au/shop/productdetails/99696/masterfoods-barbecue-sauce,https://cdn0.woolworths.media/content/wowproductimages/medium/099696.jpg,2020-09-21 17:27:05,,0,,True
e3f8f0fc-99ec-48a5-9deb-536b365c6ff1,Woolworths Supermarket,Pantry,Cadbury Fry's Turkish Delight 55g bar,098390,$1.00,$1.82 / 100G,https://www.woolworths.com.au/shop/productdetails/98390/cadbury-fry-s-turkish-delight,https://cdn0.woolworths.media/content/wowproductimages/medium/098390.jpg,2020-09-21 17:27:05,,0,,True
683c8c05-baf8-426a-a9d2-dfdbc2803773,Woolworths Supermarket,Pantry,Ritz Crackers Original 300g,660562,$2.50,$0.83 / 100G,https://www.woolworths.com.au/shop/productdetails/660562/ritz-crackers-original,https://cdn0.woolworths.media/content/wowproductimages/medium/660562.jpg,2020-09-21 17:27:05,,0,,True
3968dffd-595a-4f26-8be6-409e5059676f,Woolworths Supermarket,Pantry,Essentials Pasta Penne 500g,188800,$0.80,$0.16 / 100G,https://www.woolworths.com.au/shop/productdetails/188800/essentials-pasta-penne,https://cdn0.woolworths.media/content/wowproductimages/medium/188800.jpg,2020-09-21 17:27:05,,0,,True
057dcb53-e06c-466e-a1d3-eb918c596039,Woolworths Supermarket,Pantry,Macro Organic Quinoa Tri Colour 500g,717631,$7.00,$1.40 / 100G,https://www.woolworths.com.au/shop/productdetails/717631/macro-organic-quinoa-tri-colour,https://cdn0.woolworths.media/content/wowproductimages/medium/717631.jpg,2020-09-21 17:27:05,Average product rating out of 5: 4.6. Product score is based on 274 ratings,274,Was $9.99 09/01/2017,True
a5946ed3-34dc-44ab-afc1-cf9f971213e1,Woolworths Supermarket,Pantry,Woolworths Rolled Traditional Oats 750g,321220,$1.40,$0.19 / 100G,https://www.woolworths.com.au/shop/productdetails/321220/woolworths-rolled-traditional-oats,https://cdn0.woolworths.media/content/wowproductimages/medium/321220.jpg,2020-09-21 17:27:05,Average product rating out of 5: 4.6. Product score is based on 748 ratings,748,,True
5b300f10-b8dd-4dfe-8fe0-842d90d957fe,Woolworths Supermarket,Pantry,Mckenzie's Rice Flour 375g,094275,$1.50,$4.00 / 1KG,https://www.woolworths.com.au/shop/productdetails/94275/mckenzie-s-rice-flour,https://cdn0.woolworths.media/content/wowproductimages/medium/094275.jpg,2020-09-21 17:27:05,,0,,True
3db98410-b905-414f-84a4-b49eec7762f2,Woolworths Supermarket,Pantry,Ardmona Tomatoes Diced No Added Salt 400g,226849,$1.40,$3.50 / 1KG,https://www.woolworths.com.au/shop/productdetails/226849/ardmona-tomatoes-diced-no-added-salt,https://cdn0.woolworths.media/content/wowproductimages/medium/226849.jpg,2020-09-21 17:27:05,,0,,True
078f60ee-f1f9-494d-9c7f-cbe7fdfc432e,Woolworths Supermarket,Pantry,Essentials Raw Sugar 2kg,018174,$2.10,$0.11 / 100G,https://www.woolworths.com.au/shop/productdetails/18174/essentials-raw-sugar,https://cdn0.woolworths.media/content/wowproductimages/medium/018174.jpg,2020-09-21 17:27:05,,0,,True
158abde1-7a09-4f0d-bcbc-01d0cbe19916,Woolworths Supermarket,Pantry,Sunbites Grain Waves Sour Cream & Chives 170g,082361,$3.50,$2.06 / 100G,https://www.woolworths.com.au/shop/productdetails/82361/sunbites-grain-waves-sour-cream-chives,https://cdn0.woolworths.media/content/wowproductimages/medium/082361.jpg,2020-09-21 17:27:05,,0,,True
0ebaff26-2462-4487-a2b8-08a3043539e8,Woolworths Supermarket,Pantry,Continental Cup A Soup Creamy Chicken With Lots Of Noodles 2 pack,026649,$2.00,$3.33 / 100G,https://www.woolworths.com.au/shop/productdetails/26649/continental-cup-a-soup-creamy-chicken-with-lots-of-noodles,https://cdn0.woolworths.media/content/wowproductimages/medium/026649.jpg,2020-09-21 17:27:05,,0,,True
b2fb192d-5062-49b3-8eb9-5b76f9298c90,Woolworths Supermarket,Pantry,Fantastic Rice Crackers Original 100g,035231,$1.50,$1.50 / 100G,https://www.woolworths.com.au/shop/productdetails/35231/fantastic-rice-crackers-original,https://cdn0.woolworths.media/content/wowproductimages/medium/035231.jpg,2020-09-21 17:27:05,,0,,True
7a85a4e8-c8a4-4a32-8b33-8e4dbee08a63,Woolworths Supermarket,Pantry,Indomie Mi Goreng Instant Noodles 5pk 425g,177972,$2.75,$0.65 / 100G,https://www.woolworths.com.au/shop/productdetails/177972/indomie-mi-goreng-instant-noodles,https://cdn0.woolworths.media/content/wowproductimages/medium/177972.jpg,2020-09-21 17:27:05,,0,,True
b8a09c57-612d-4065-90ea-95283618fe02,Woolworths Supermarket,Pantry,Cadbury Dairy Milk Chocolate Fair Trade 350g,757883,$5.00,$1.43 / 100G,https://www.woolworths.com.au/shop/productdetails/757883/cadbury-dairy-milk-chocolate-fair-trade,https://cdn0.woolworths.media/content/wowproductimages/medium/757883.jpg,2020-09-21 17:27:05,,0,Was $6.30 16/01/2017,True
faa422d3-5d99-4d48-9ee4-16bd38fd92c8,Woolworths Supermarket,Pantry,Heinz Tomato Sauce Ketchup 500ml,083563,$3.20,$0.64 / 100ML,https://www.woolworths.com.au/shop/productdetails/83563/heinz-tomato-sauce-ketchup,https://cdn0.woolworths.media/content/wowproductimages/medium/083563.jpg,2020-09-21 17:27:05,,0,,True
e95c50a3-bd0a-45f9-bb3b-98c1d222050e,Woolworths Supermarket,Pantry,Dollar Sweets Edible Gold Leaf 8cm,083592,$5.00,$5.00 / 1EA,https://www.woolworths.com.au/shop/productdetails/83592/dollar-sweets-edible-gold-leaf,https://cdn0.woolworths.media/content/wowproductimages/medium/083592.jpg,2020-09-21 17:27:05,,0,,True
d51e09a6-51a6-4001-aca4-b9ac3604d9db,Woolworths Supermarket,Pantry,Sakata Rice Crackers Beetroot 90g,083608,$2.00,$2.22 / 100G,https://www.woolworths.com.au/shop/productdetails/83608/sakata-rice-crackers-beetroot,https://cdn0.woolworths.media/content/wowproductimages/medium/083608.jpg,2020-09-21 17:27:05,,0,Was $2.40 11/06/2018,True
777c31c3-f331-4396-8be4-64733f8a7102,Woolworths Supermarket,Pantry,Sakata Rice Crackers Pumpkin 90g,083609,$2.00,$2.22 / 100G,https://www.woolworths.com.au/shop/productdetails/83609/sakata-rice-crackers-pumpkin,https://cdn0.woolworths.media/content/wowproductimages/medium/083609.jpg,2020-09-21 17:27:05,,0,Was $2.40 11/06/2018,True
f1ad91bc-bd7a-4022-91ed-40cbadd136c6,Woolworths Supermarket,Pantry,Nestle Caramel Dulce De Leche Squeezy 450g,083610,$6.00,$1.33 / 100G,https://www.woolworths.com.au/shop/productdetails/83610/nestle-caramel-dulce-de-leche-squeezy,https://cdn0.woolworths.media/content/wowproductimages/medium/083610.jpg,2020-09-21 17:27:05,,0,,True
c0d3b887-a4ea-4153-97a7-ccd4de2fb4ac,Woolworths Supermarket,Pantry,Sa Gourmet Food Co Creamy Chicken & Sweet Corn Soup 430g,083611,$2.70,$0.63 / 100G,https://www.woolworths.com.au/shop/productdetails/83611/sa-gourmet-food-co-creamy-chicken-sweet-corn-soup,https://cdn0.woolworths.media/content/wowproductimages/medium/083611.jpg,2020-09-21 17:27:05,,0,,True
af04c7d2-ab43-4a3e-b484-f6c3551566dd,Woolworths Supermarket,Pantry,Cobs Corn Puffs Sour Cream & Chives Gluten Free 120g,083620,$3.50,$2.92 / 100G,https://www.woolworths.com.au/shop/productdetails/83620/cobs-corn-puffs-sour-cream-chives-gluten-free,https://cdn0.woolworths.media/content/wowproductimages/medium/083620.jpg,2020-09-21 17:27:05,,0,,True
3f647a16-b376-45c4-951f-d8340a79a449,Woolworths Supermarket,Pantry,Essentials Instant Coffee Whitener 500g,083628,$3.20,$0.64 / 100G,https://www.woolworths.com.au/shop/productdetails/83628/essentials-instant-coffee-whitener,https://cdn0.woolworths.media/content/wowproductimages/medium/083628.jpg,2020-09-21 17:27:05,,0,,True
6d0962f5-fca5-4fce-ae47-d3ce60dce7ae,Woolworths Supermarket,Pantry,Hart & Soul All Natural Stroganoff Recipe Base 80g,083635,$2.50,$0.31 / 10G,https://www.woolworths.com.au/shop/productdetails/83635/hart-soul-all-natural-stroganoff-recipe-base,https://cdn0.woolworths.media/content/wowproductimages/medium/083635.jpg,2020-09-21 17:27:05,,0,,True
53b458ca-dca1-4f2d-a995-c1cd9c7c96eb,Woolworths Supermarket,Pantry,Continental Chicken Liquid Beef 500ml,083740,$1.80,$0.36 / 100ML,https://www.woolworths.com.au/shop/productdetails/83740/continental-chicken-liquid-beef,https://cdn0.woolworths.media/content/wowproductimages/medium/083740.jpg,2020-09-21 17:27:05,,0,,True
92c77723-4aac-4f24-8060-5251ea16548d,Woolworths Supermarket,Pantry,Barilla Spaghetti Pasta No 5 500g,083763,$1.70,$0.34 / 100G,https://www.woolworths.com.au/shop/productdetails/83763/barilla-spaghetti-pasta-no-5,https://cdn0.woolworths.media/content/wowproductimages/medium/083763.jpg,2020-09-21 17:27:05,,0,,True
b86b46f9-fa59-4c95-bc1c-f640bc051793,Woolworths Supermarket,Pantry,Hart & Soul All Natural Butter Chicken Recipe Base 80g,083808,$2.50,$3.13 / 100G,https://www.woolworths.com.au/shop/productdetails/83808/hart-soul-all-natural-butter-chicken-recipe-base,https://cdn0.woolworths.media/content/wowproductimages/medium/083808.jpg,2020-09-21 17:27:05,,0,,True
dd64a1c7-672d-49f8-ba61-9222a7938b6c,Woolworths Supermarket,Pantry,Hart & Soul All Natural Teriyaki Stir Fry Recipe Base 80g,083820,$2.50,$3.13 / 100G,https://www.woolworths.com.au/shop/productdetails/83820/hart-soul-all-natural-teriyaki-stir-fry-recipe-base,https://cdn0.woolworths.media/content/wowproductimages/medium/083820.jpg,2020-09-21 17:27:05,,0,,True
6adee801-0dff-465d-8d6b-786dc3a5ef7c,Woolworths Supermarket,Pantry,Hart & Soul All Natural Rendang Curry Recipe Base 80g,083821,$2.50,$3.13 / 100G,https://www.woolworths.com.au/shop/productdetails/83821/hart-soul-all-natural-rendang-curry-recipe-base,https://cdn0.woolworths.media/content/wowproductimages/medium/083821.jpg,2020-09-21 17:27:05,,0,,True
85dca06d-4e72-46c1-94b2-27a7dbdcaf73,Woolworths Supermarket,Pantry,Cobs Pop'd Chips Salt & Vinegar Gluten Free 110g,083828,$4.00,$3.64 / 100G,https://www.woolworths.com.au/shop/productdetails/83828/cobs-pop-d-chips-salt-vinegar-gluten-free,https://cdn0.woolworths.media/content/wowproductimages/medium/083828.jpg,2020-09-21 17:27:05,,0,,True
691517c3-7ccc-416e-b12a-6b4eaaa3b789,Woolworths Supermarket,Pantry,Continental Vegetable Liquid Stock 500ml,083832,$1.80,$0.36 / 100ML,https://www.woolworths.com.au/shop/productdetails/83832/continental-vegetable-liquid-stock,https://cdn0.woolworths.media/content/wowproductimages/medium/083832.jpg,2020-09-21 17:27:05,,0,,True
297fb80a-dd90-4844-b8a3-4b04275fbc49,Woolworths Supermarket,Pantry,Moro Extra Virgin Olive Oil 1l,083991,$12.00,$1.20 / 100ML,https://www.woolworths.com.au/shop/productdetails/83991/moro-extra-virgin-olive-oil,https://cdn0.woolworths.media/content/wowproductimages/medium/083991.jpg,2020-09-21 17:27:05,,0,Was $16.99 16/08/2016,True
aa09ba9b-0d65-43fb-9405-ddd07d829077,Woolworths Supermarket,Pantry,Moro Extra Virgin Cold Pressed Olive Oil 4l,083992,$29.00,$0.73 / 100ML,https://www.woolworths.com.au/shop/productdetails/83992/moro-extra-virgin-cold-pressed-olive-oil,https://cdn0.woolworths.media/content/wowproductimages/medium/083992.jpg,2020-09-21 17:27:05,,0,Was $31.50 16/08/2016,True
b35b0007-1cfd-440c-98ad-a35ec9bb8788,Woolworths Supermarket,Pantry,Sa Gourmet Food Co Tuscan Style Tomato & Basil Soup 430g,083997,$2.70,$0.63 / 100G,https://www.woolworths.com.au/shop/productdetails/83997/sa-gourmet-food-co-tuscan-style-tomato-basil-soup,https://cdn0.woolworths.media/content/wowproductimages/medium/083997.jpg,2020-09-21 17:27:05,,0,,True
c243da46-5f5e-4f07-a5d2-a204bb187b36,Woolworths Supermarket,Pantry,Heinz Plant Proteinz Mediterranean Style Tomato Soup 330g,083998,$4.50,$1.36 / 100G,https://www.woolworths.com.au/shop/productdetails/83998/heinz-plant-proteinz-mediterranean-style-tomato-soup,https://cdn0.woolworths.media/content/wowproductimages/medium/083998.jpg,2020-09-21 17:27:05,,0,,True
90d13383-d226-4bb9-8db1-10cad9ad3155,Woolworths Supermarket,Pantry,Poppin Microwave Popcorn Sweet & Salty 400g,084000,$5.55,$13.88 / 1KG,https://www.woolworths.com.au/shop/productdetails/84000/poppin-microwave-popcorn-sweet-salty,https://cdn0.woolworths.media/content/wowproductimages/medium/084000.jpg,2020-09-21 17:27:05,,0,,True
3b4b7176-805f-4311-b70f-4ed0c6b67e81,Woolworths Supermarket,Pantry,Queen Fabulous Flamingo Sprinkles 110g,084032,$4.00,$3.64 / 100G,https://www.woolworths.com.au/shop/productdetails/84032/queen-fabulous-flamingo-sprinkles,https://cdn0.woolworths.media/content/wowproductimages/medium/084032.jpg,2020-09-21 17:27:05,,0,,True
fc6ff3a2-799a-4e6c-958c-9a4e406ab258,Woolworths Supermarket,Pantry,Queen Fiesta Icing Decorations 13g,084033,$3.50,$26.92 / 100G,https://www.woolworths.com.au/shop/productdetails/84033/queen-fiesta-icing-decorations,https://cdn0.woolworths.media/content/wowproductimages/medium/084033.jpg,2020-09-21 17:27:05,,0,,True
29450944-35d1-4899-bdd8-fefddbee3a5b,Woolworths Supermarket,Pantry,Hart & Soul All Natural Pad Thai Recipe Base 80g,084042,$2.50,$3.13 / 100G,https://www.woolworths.com.au/shop/productdetails/84042/hart-soul-all-natural-pad-thai-recipe-base,https://cdn0.woolworths.media/content/wowproductimages/medium/084042.jpg,2020-09-21 17:27:05,,0,,True
26bbe5fe-8254-4d3d-8902-2d43120aa46e,Woolworths Supermarket,Pantry,Arnott's Shapes Chicken Crimpy 175g,384245,$2.50,$1.43 / 100G,https://www.woolworths.com.au/shop/productdetails/384245/arnott-s-shapes-chicken-crimpy,https://cdn0.woolworths.media/content/wowproductimages/medium/384245.jpg,2020-09-21 17:27:05,,0,,True
3208869f-8d14-4612-b701-c9a46df92c9d,Woolworths Supermarket,Pantry,Woolworths Diced Italian Tomatoes No Added Salt 400g,770320,$0.80,$2.00 / 1KG,https://www.woolworths.com.au/shop/productdetails/770320/woolworths-diced-italian-tomatoes-no-added-salt,https://cdn0.woolworths.media/content/wowproductimages/medium/770320.jpg,2020-09-21 17:27:05,Average product rating out of 5: 4.7. Product score is based on 311 ratings,311,,True
bca72bfd-7aa8-4190-bbc3-984d4ba85752,Woolworths Supermarket,Pantry,Sunbites Grain Waves Sour Cream & Chives 170g,082361,$3.50,$2.06 / 100G,https://www.woolworths.com.au/shop/productdetails/82361/sunbites-grain-waves-sour-cream-chives,https://cdn0.woolworths.media/content/wowproductimages/medium/082361.jpg,2020-09-21 17:27:05,,0,,True
811bdcee-fd6a-4d0a-bb04-7faa16589628,Woolworths Supermarket,Pantry,Ardmona Tomatoes Diced No Added Salt 400g,226849,$1.40,$3.50 / 1KG,https://www.woolworths.com.au/shop/productdetails/226849/ardmona-tomatoes-diced-no-added-salt,https://cdn0.woolworths.media/content/wowproductimages/medium/226849.jpg,2020-09-21 17:27:05,,0,,True
9c63f4f2-886c-496f-ab23-d8cf410f4c0c,Woolworths Supermarket,Pantry,Arnott's Monte Carlo 250g,036031,$3.00,$1.20 / 100G,https://www.woolworths.com.au/shop/productdetails/36031/arnott-s-monte-carlo,https://cdn0.woolworths.media/content/wowproductimages/medium/036031.jpg,2020-09-21 17:27:05,,0,,True
90215fdf-6911-4244-9f15-cf4987161846,Woolworths Supermarket,Pantry,Cadbury Dairy Milk Chocolate Fair Trade 350g,757883,$5.00,$1.43 / 100G,https://www.woolworths.com.au/shop/productdetails/757883/cadbury-dairy-milk-chocolate-fair-trade,https://cdn0.woolworths.media/content/wowproductimages/medium/757883.jpg,2020-09-21 17:27:05,,0,Was $6.30 16/01/2017,True
81caec48-a274-4615-a8fe-51548dbe5e70,Woolworths Supermarket,Pantry,Essentials Pasta Penne 500g,188800,$0.80,$0.16 / 100G,https://www.woolworths.com.au/shop/productdetails/188800/essentials-pasta-penne,https://cdn0.woolworths.media/content/wowproductimages/medium/188800.jpg,2020-09-21 17:27:05,,0,,True
4f850be7-675c-4bb3-8ef8-e770801a7939,Woolworths Supermarket,Pantry,Essentials Raw Sugar 2kg,018174,$2.10,$0.11 / 100G,https://www.woolworths.com.au/shop/productdetails/18174/essentials-raw-sugar,https://cdn0.woolworths.media/content/wowproductimages/medium/018174.jpg,2020-09-21 17:27:05,,0,,True
851d2082-93aa-407e-aaea-e4141eeb90de,Woolworths Supermarket,Pantry,Woolworths Rolled Traditional Oats 750g,321220,$1.40,$0.19 / 100G,https://www.woolworths.com.au/shop/productdetails/321220/woolworths-rolled-traditional-oats,https://cdn0.woolworths.media/content/wowproductimages/medium/321220.jpg,2020-09-21 17:27:05,Average product rating out of 5: 4.6. Product score is based on 748 ratings,748,,True
3c5a7a0e-a206-4034-ad4d-0324759f26d9,Woolworths Supermarket,Pantry,Sunbites Grain Waves Sour Cream & Chives 5 pack,720220,$3.10,$2.82 / 100G,https://www.woolworths.com.au/shop/productdetails/720220/sunbites-grain-waves-sour-cream-chives,https://cdn0.woolworths.media/content/wowproductimages/medium/720220.jpg,2020-09-21 17:27:05,,0,2 for $5.00,True
427c2cf1-a7c5-4a21-93a1-1893c86d661c,Woolworths Supermarket,Pantry,Cadbury Fry's Turkish Delight 55g bar,098390,$1.00,$1.82 / 100G,https://www.woolworths.com.au/shop/productdetails/98390/cadbury-fry-s-turkish-delight,https://cdn0.woolworths.media/content/wowproductimages/medium/098390.jpg,2020-09-21 17:27:05,,0,,True
1c8715c6-0925-43f3-9f10-63ddc528f76a,Woolworths Supermarket,Pantry,Masterfoods Barbecue Sauce 500ml,099696,$2.50,$0.50 / 100ML,https://www.woolworths.com.au/shop/productdetails/99696/masterfoods-barbecue-sauce,https://cdn0.woolworths.media/content/wowproductimages/medium/099696.jpg,2020-09-21 17:27:05,,0,,True
798d8416-85c8-4145-95a8-a3878fb3bf51,Woolworths Supermarket,Pantry,Macro Organic Quinoa Tri Colour 500g,717631,$7.00,$1.40 / 100G,https://www.woolworths.com.au/shop/productdetails/717631/macro-organic-quinoa-tri-colour,https://cdn0.woolworths.media/content/wowproductimages/medium/717631.jpg,2020-09-21 17:27:05,Average product rating out of 5: 4.6. Product score is based on 274 ratings,274,Was $9.99 09/01/2017,True
5a432c6d-9969-44c9-bd33-ef8093741463,Woolworths Supermarket,Pantry,Mckenzie's Rice Flour 375g,094275,$1.50,$4.00 / 1KG,https://www.woolworths.com.au/shop/productdetails/94275/mckenzie-s-rice-flour,https://cdn0.woolworths.media/content/wowproductimages/medium/094275.jpg,2020-09-21 17:27:05,,0,,True
25ad63b6-ab19-4bd7-b528-3aea8fb7304c,Woolworths Supermarket,Pantry,Mckenzie's Himalayan Salt Rock Pink 400g,749926,$5.95,$0.15 / 10G,https://www.woolworths.com.au/shop/productdetails/749926/mckenzie-s-himalayan-salt-rock-pink,https://cdn0.woolworths.media/content/wowproductimages/medium/749926.jpg,2020-09-21 17:27:05,,0,,True
13f58be7-eedd-4ca9-b27d-bda9b02d4eb5,Woolworths Supermarket,Pantry,Continental Cup A Soup Creamy Chicken With Lots Of Noodles 2 pack,026649,$2.00,$3.33 / 100G,https://www.woolworths.com.au/shop/productdetails/26649/continental-cup-a-soup-creamy-chicken-with-lots-of-noodles,https://cdn0.woolworths.media/content/wowproductimages/medium/026649.jpg,2020-09-21 17:27:05,,0,,True
5e59a003-daaf-420c-9901-3d7fcb77b846,Woolworths Supermarket,Pantry,Heinz Canned Soup Big Red Tomato 420g,034331,$2.20,$0.52 / 100G,https://www.woolworths.com.au/shop/productdetails/34331/heinz-canned-soup-big-red-tomato,https://cdn0.woolworths.media/content/wowproductimages/medium/034331.jpg,2020-09-21 17:27:05,,0,,True
4dbc961b-02bd-4a51-849b-fc550a1f07ff,Woolworths Supermarket,Pantry,Indomie Mi Goreng Instant Noodles 5pk 425g,177972,$2.75,$0.65 / 100G,https://www.woolworths.com.au/shop/productdetails/177972/indomie-mi-goreng-instant-noodles,https://cdn0.woolworths.media/content/wowproductimages/medium/177972.jpg,2020-09-21 17:27:05,,0,,True
0b265182-8a8d-4eee-a390-97aeb6ab1c1a,Woolworths Supermarket,Pantry,Ritz Crackers Original 300g,660562,$2.50,$0.83 / 100G,https://www.woolworths.com.au/shop/productdetails/660562/ritz-crackers-original,https://cdn0.woolworths.media/content/wowproductimages/medium/660562.jpg,2020-09-21 17:27:05,,0,,True
50511c80-dc38-457a-9f2c-940f0a5ae0b4,Woolworths Supermarket,Pantry,Fantastic Rice Crackers Original 100g,035231,$1.50,$1.50 / 100G,https://www.woolworths.com.au/shop/productdetails/35231/fantastic-rice-crackers-original,https://cdn0.woolworths.media/content/wowproductimages/medium/035231.jpg,2020-09-21 17:27:05,,0,,True
328b2278-74f9-4e35-83a9-adcfaaad56c7,Woolworths Supermarket,Pantry,Hart & Soul All Natural Panang Curry Recipe Base 80g,084043,$2.50,$3.13 / 100G,https://www.woolworths.com.au/shop/productdetails/84043/hart-soul-all-natural-panang-curry-recipe-base,https://cdn0.woolworths.media/content/wowproductimages/medium/084043.jpg,2020-09-21 17:27:05,,0,,True
0aeddf38-8702-4163-ad4b-e33ad25c6881,Woolworths Supermarket,Pantry,Hart & Soul All Natural Red Curry Recipe Base 80g,084044,$2.50,$3.13 / 100G,https://www.woolworths.com.au/shop/productdetails/84044/hart-soul-all-natural-red-curry-recipe-base,https://cdn0.woolworths.media/content/wowproductimages/medium/084044.jpg,2020-09-21 17:27:05,,0,,True
b0857173-5fd4-432f-8b54-368fa06dcded,Woolworths Supermarket,Pantry,Hart & Soul All Natural Massaman Curry Recipe Base 80g,084046,$2.50,$3.13 / 100G,https://www.woolworths.com.au/shop/productdetails/84046/hart-soul-all-natural-massaman-curry-recipe-base,https://cdn0.woolworths.media/content/wowproductimages/medium/084046.jpg,2020-09-21 17:27:05,,0,,True
a54c3048-fd35-469b-b120-bb3a1773ad66,Woolworths Supermarket,Pantry,Hart & Soul All Natural Moroccan Tagine Recipe Base 80g,084047,$2.50,$3.13 / 100G,https://www.woolworths.com.au/shop/productdetails/84047/hart-soul-all-natural-moroccan-tagine-recipe-base,https://cdn0.woolworths.media/content/wowproductimages/medium/084047.jpg,2020-09-21 17:27:05,,0,,True
cd0cbd55-a6b4-4200-a702-8d1fd94cef9b,Woolworths Supermarket,Pantry,Hart & Soul All Natural Nasi Goreng Recipe Base 80g,084048,$2.50,$3.13 / 100G,https://www.woolworths.com.au/shop/productdetails/84048/hart-soul-all-natural-nasi-goreng-recipe-base,https://cdn0.woolworths.media/content/wowproductimages/medium/084048.jpg,2020-09-21 17:27:05,,0,,True
e712c2eb-81f7-482f-86ce-0dfdbcc14e7b,Woolworths Supermarket,Pantry,Hart & Soul All Natural Laksa Recipe Base 80g,084049,$2.50,$3.13 / 100G,https://www.woolworths.com.au/shop/productdetails/84049/hart-soul-all-natural-laksa-recipe-base,https://cdn0.woolworths.media/content/wowproductimages/medium/084049.jpg,2020-09-21 17:27:05,,0,,True
453f4159-68a9-49c8-a322-55831933cc29,Woolworths Supermarket,Pantry,Hart & Soul All Natural Tikka Masala Recipe Base 80g,084050,$2.50,$3.13 / 100G,https://www.woolworths.com.au/shop/productdetails/84050/hart-soul-all-natural-tikka-masala-recipe-base,https://cdn0.woolworths.media/content/wowproductimages/medium/084050.jpg,2020-09-21 17:27:05,,0,,True
4015dd10-a7c8-4992-9b59-ce89fbc2e9e9,Woolworths Supermarket,Pantry,Hart & Soul All Natural Green Curry Recipe Base 80g,084052,$2.50,$3.13 / 100G,https://www.woolworths.com.au/shop/productdetails/84052/hart-soul-all-natural-green-curry-recipe-base,https://cdn0.woolworths.media/content/wowproductimages/medium/084052.jpg,2020-09-21 17:27:05,,0,,True
d99016bf-fd54-44e1-97d9-ce084fb2a7c2,Woolworths Supermarket,Pantry,Hart & Soul All Natural Satay Curry Recipe Base 80g,084053,$2.50,$3.13 / 100G,https://www.woolworths.com.au/shop/productdetails/84053/hart-soul-all-natural-satay-curry-recipe-base,https://cdn0.woolworths.media/content/wowproductimages/medium/084053.jpg,2020-09-21 17:27:05,,0,,True
8fbfda53-f865-41cb-a312-5b0ce90a2470,Woolworths Supermarket,Pantry,Plumrose Frankfurts Hot Dogs 560g,084275,$4.85,$8.66 / 1KG,https://www.woolworths.com.au/shop/productdetails/84275/plumrose-frankfurts-hot-dogs,https://cdn0.woolworths.media/content/wowproductimages/medium/084275.jpg,2020-09-21 17:27:05,,0,,True
a7c9150e-ced4-4879-a748-75d09a9aee21,Woolworths Supermarket,Pantry,Allen's Milko Sticks 300g,084282,$5.00,$1.67 / 100G,https://www.woolworths.com.au/shop/productdetails/84282/allen-s-milko-sticks,https://cdn0.woolworths.media/content/wowproductimages/medium/084282.jpg,2020-09-21 17:27:05,,0,2 for $8.00,True
7d9ccf4d-28fb-44ed-9973-6f3ab6e2a5db,Woolworths Supermarket,Pantry,Doritos Crackers Nacho Cheese 160g,084297,$2.00,$1.25 / 100G,https://www.woolworths.com.au/shop/productdetails/84297/doritos-crackers-nacho-cheese,https://cdn0.woolworths.media/content/wowproductimages/medium/084297.jpg,2020-09-21 17:27:05,,0,Was $3.50 20/07/2020,True
b541372d-dbed-47f1-b8ad-6a38a0f39ebf,Woolworths Supermarket,Pantry,White Wings Choc Mint Brownie Mix 475g,084311,$4.00,$0.84 / 100G,https://www.woolworths.com.au/shop/productdetails/84311/white-wings-choc-mint-brownie-mix,https://cdn0.woolworths.media/content/wowproductimages/medium/084311.jpg,2020-09-21 17:27:05,,0,Was $5.00 31/10/16,True
e366d72a-96f4-4441-a925-0af279d3a08b,Woolworths Supermarket,Pantry,Lian Pho Ga Vietnamese Style Instant Rice Noodles 70g,084326,$2.50,$3.57 / 100G,https://www.woolworths.com.au/shop/productdetails/84326/lian-pho-ga-vietnamese-style-instant-rice-noodles,https://cdn0.woolworths.media/content/wowproductimages/medium/084326.jpg,2020-09-21 17:27:05,,0,,True
a50308fd-6b9f-45c0-afbb-e209f658ce72,Woolworths Supermarket,Pantry,Poppin Microwave Popcorn Cheese Flavour 90g,084337,$1.75,$19.44 / 1KG,https://www.woolworths.com.au/shop/productdetails/84337/poppin-microwave-popcorn-cheese-flavour,https://cdn0.woolworths.media/content/wowproductimages/medium/084337.jpg,2020-09-21 17:27:05,,0,,True
ad53b99c-cc7c-4f75-8ad0-5e304b7f85a7,Woolworths Supermarket,Pantry,La Zuppa Lightly Spiced Lentil & Tomato Soup 500 g,084339,$4.40,$0.88 / 100G,https://www.woolworths.com.au/shop/productdetails/84339/la-zuppa-lightly-spiced-lentil-tomato-soup,https://cdn0.woolworths.media/content/wowproductimages/medium/084339.jpg,2020-09-21 17:27:05,,0,,True
e0368f42-29fc-4177-84a1-bf457cbc3730,Woolworths Supermarket,Pantry,Doritos Crackers Garlic Bread 160g,084342,$2.00,$1.25 / 100G,https://www.woolworths.com.au/shop/productdetails/84342/doritos-crackers-garlic-bread,https://cdn0.woolworths.media/content/wowproductimages/medium/084342.jpg,2020-09-21 17:27:05,,0,Was $3.50 20/07/2020,True
d0360f7c-c7f1-4862-8af5-1dc621569933,Woolworths Supermarket,Pantry,Sunsol Pro-biotic Almond & Manuka Honey Toasted Muesli 400g,084590,$7.00,$1.75 / 100G,https://www.woolworths.com.au/shop/productdetails/84590/sunsol-pro-biotic-almond-manuka-honey-toasted-muesli,https://cdn0.woolworths.media/content/wowproductimages/medium/084590.jpg,2020-09-21 17:27:05,,0,,True
fea409ec-7067-45e6-a54a-9acb6d0620b1,Woolworths Supermarket,Pantry,Noshu 98% Sugar Free Vanilla Cupcakes 350g,084605,$8.00,$2.29 / 100G,https://www.woolworths.com.au/shop/productdetails/84605/noshu-98-sugar-free-vanilla-cupcakes,https://cdn0.woolworths.media/content/wowproductimages/medium/084605.jpg,2020-09-21 17:27:05,,0,,True
0866d04d-d3b6-47bd-a4cd-af67660ed528,Woolworths Supermarket,Pantry,White Wings Double Choc Cookie Sandwich Mix 430g,084621,$4.00,$0.93 / 100G,https://www.woolworths.com.au/shop/productdetails/84621/white-wings-double-choc-cookie-sandwich-mix,https://cdn0.woolworths.media/content/wowproductimages/medium/084621.jpg,2020-09-21 17:27:05,,0,Was $5.00 31/10/16,True
ef126a52-72d2-4d39-b614-0bc2e7a15fc5,Woolworths Supermarket,Pantry,Noshu 99% Sugar Free Low Carb Pancake Mix 240g,084629,$6.00,$2.50 / 100G,https://www.woolworths.com.au/shop/productdetails/84629/noshu-99-sugar-free-low-carb-pancake-mix,https://cdn0.woolworths.media/content/wowproductimages/medium/084629.jpg,2020-09-21 17:27:05,,0,,True
e41c1ed3-e457-4536-b4f7-cfb1bc63d404,Woolworths Supermarket,Pantry,Cobs Popcorn Sweet As Gluten Free 110g,084632,$1.42,$12.91 / 1KG,https://www.woolworths.com.au/shop/productdetails/84632/cobs-popcorn-sweet-as-gluten-free,https://cdn0.woolworths.media/content/wowproductimages/medium/084632.jpg,2020-09-21 17:27:05,,0,,True
c7b7f9ba-88be-4c89-9d0b-477d3979cfdf,Woolworths Supermarket,Pantry,Cobs Corn Puffs Barbecue Gluten Free 120g,084641,$3.50,$2.92 / 100G,https://www.woolworths.com.au/shop/productdetails/84641/cobs-corn-puffs-barbecue-gluten-free,https://cdn0.woolworths.media/content/wowproductimages/medium/084641.jpg,2020-09-21 17:27:05,,0,,True
16e52de2-e3e8-437a-86e1-2f4d4088929e,Woolworths Supermarket,Pantry,La Zuppa Carrot & Cauliflower Soup Bowl 400 g,084751,$3.50,$0.88 / 100G,https://www.woolworths.com.au/shop/productdetails/84751/la-zuppa-carrot-cauliflower-soup-bowl,https://cdn0.woolworths.media/content/wowproductimages/medium/084751.jpg,2020-09-21 17:27:05,,0,,True
49aba6c1-1fa7-4bb5-831b-8ca71e6c7dbb,Woolworths Supermarket,Pantry,Arnott's Shapes Chicken Crimpy 175g,384245,$2.50,$1.43 / 100G,https://www.woolworths.com.au/shop/productdetails/384245/arnott-s-shapes-chicken-crimpy,https://cdn0.woolworths.media/content/wowproductimages/medium/384245.jpg,2020-09-21 17:27:05,,0,,True
6623516b-99f1-4c6e-ad31-35012390ffa5,Woolworths Supermarket,Pantry,Mckenzie's Himalayan Salt Rock Pink 400g,749926,$5.95,$0.15 / 10G,https://www.woolworths.com.au/shop/productdetails/749926/mckenzie-s-himalayan-salt-rock-pink,https://cdn0.woolworths.media/content/wowproductimages/medium/749926.jpg,2020-09-21 17:27:05,,0,,True
c6c9b4fa-c830-48c9-b4ac-3d260f7e30ad,Woolworths Supermarket,Pantry,Sunbites Grain Waves Sour Cream & Chives 170g,082361,$3.50,$2.06 / 100G,https://www.woolworths.com.au/shop/productdetails/82361/sunbites-grain-waves-sour-cream-chives,https://cdn0.woolworths.media/content/wowproductimages/medium/082361.jpg,2020-09-21 17:27:05,,0,,True
a267edfb-af4b-4ede-badc-1c90c239c001,Woolworths Supermarket,Pantry,Ardmona Tomatoes Diced No Added Salt 400g,226849,$1.40,$3.50 / 1KG,https://www.woolworths.com.au/shop/productdetails/226849/ardmona-tomatoes-diced-no-added-salt,https://cdn0.woolworths.media/content/wowproductimages/medium/226849.jpg,2020-09-21 17:27:05,,0,,True
24c16511-b238-45b7-bd55-08fceb8e9078,Woolworths Supermarket,Pantry,Fantastic Rice Crackers Original 100g,035231,$1.50,$1.50 / 100G,https://www.woolworths.com.au/shop/productdetails/35231/fantastic-rice-crackers-original,https://cdn0.woolworths.media/content/wowproductimages/medium/035231.jpg,2020-09-21 17:27:05,,0,,True
7e7e5cb5-8d3a-4372-8463-3a483371727d,Woolworths Supermarket,Pantry,Macro Organic Quinoa Tri Colour 500g,717631,$7.00,$1.40 / 100G,https://www.woolworths.com.au/shop/productdetails/717631/macro-organic-quinoa-tri-colour,https://cdn0.woolworths.media/content/wowproductimages/medium/717631.jpg,2020-09-21 17:27:05,Average product rating out of 5: 4.6. Product score is based on 274 ratings,274,Was $9.99 09/01/2017,True
f3ebc76a-9504-47d8-8796-40df4d94177d,Woolworths Supermarket,Pantry,Arnott's Monte Carlo 250g,036031,$3.00,$1.20 / 100G,https://www.woolworths.com.au/shop/productdetails/36031/arnott-s-monte-carlo,https://cdn0.woolworths.media/content/wowproductimages/medium/036031.jpg,2020-09-21 17:27:05,,0,,True
8ebeda3e-4282-498d-a0c8-bf4537f2625f,Woolworths Supermarket,Pantry,Essentials Raw Sugar 2kg,018174,$2.10,$0.11 / 100G,https://www.woolworths.com.au/shop/productdetails/18174/essentials-raw-sugar,https://cdn0.woolworths.media/content/wowproductimages/medium/018174.jpg,2020-09-21 17:27:05,,0,,True
0c0d6b9d-79b0-459e-8f73-cf0b344788e8,Woolworths Supermarket,Pantry,Continental Cup A Soup Creamy Chicken With Lots Of Noodles 2 pack,026649,$2.00,$3.33 / 100G,https://www.woolworths.com.au/shop/productdetails/26649/continental-cup-a-soup-creamy-chicken-with-lots-of-noodles,https://cdn0.woolworths.media/content/wowproductimages/medium/026649.jpg,2020-09-21 17:27:05,,0,,True
571941ce-ded0-466e-bb6a-346800c55bda,Woolworths Supermarket,Pantry,Masterfoods Barbecue Sauce 500ml,099696,$2.50,$0.50 / 100ML,https://www.woolworths.com.au/shop/productdetails/99696/masterfoods-barbecue-sauce,https://cdn0.woolworths.media/content/wowproductimages/medium/099696.jpg,2020-09-21 17:27:05,,0,,True
da35b211-eecc-4bf8-8bbe-86de10f27112,Woolworths Supermarket,Pantry,Mckenzie's Rice Flour 375g,094275,$1.50,$4.00 / 1KG,https://www.woolworths.com.au/shop/productdetails/94275/mckenzie-s-rice-flour,https://cdn0.woolworths.media/content/wowproductimages/medium/094275.jpg,2020-09-21 17:27:05,,0,,True
90b6c324-eb28-4923-a4bc-dbffe0e42448,Woolworths Supermarket,Pantry,Heinz Canned Soup Big Red Tomato 420g,034331,$2.20,$0.52 / 100G,https://www.woolworths.com.au/shop/productdetails/34331/heinz-canned-soup-big-red-tomato,https://cdn0.woolworths.media/content/wowproductimages/medium/034331.jpg,2020-09-21 17:27:05,,0,,True
316a92f3-235b-4770-9836-fb8a068adfcf,Woolworths Supermarket,Pantry,Woolworths Rolled Traditional Oats 750g,321220,$1.40,$0.19 / 100G,https://www.woolworths.com.au/shop/productdetails/321220/woolworths-rolled-traditional-oats,https://cdn0.woolworths.media/content/wowproductimages/medium/321220.jpg,2020-09-21 17:27:05,Average product rating out of 5: 4.6. Product score is based on 748 ratings,748,,True
83f24d4f-8a06-415c-8da8-f25e37273212,Woolworths Supermarket,Pantry,Cadbury Fry's Turkish Delight 55g bar,098390,$1.00,$1.82 / 100G,https://www.woolworths.com.au/shop/productdetails/98390/cadbury-fry-s-turkish-delight,https://cdn0.woolworths.media/content/wowproductimages/medium/098390.jpg,2020-09-21 17:27:05,,0,,True
3333f41f-52ec-4a4c-b42c-4ea63510a7a7,Woolworths Supermarket,Pantry,Essentials Pasta Penne 500g,188800,$0.80,$0.16 / 100G,https://www.woolworths.com.au/shop/productdetails/188800/essentials-pasta-penne,https://cdn0.woolworths.media/content/wowproductimages/medium/188800.jpg,2020-09-21 17:27:05,,0,,True
95672354-f467-4ec4-9d75-1305fa056f96,Woolworths Supermarket,Pantry,Ritz Crackers Original 300g,660562,$2.50,$0.83 / 100G,https://www.woolworths.com.au/shop/productdetails/660562/ritz-crackers-original,https://cdn0.woolworths.media/content/wowproductimages/medium/660562.jpg,2020-09-21 17:27:05,,0,,True
9ca18234-a1e9-4229-9aa8-14eb26a89dda,Woolworths Supermarket,Pantry,Woolworths Diced Italian Tomatoes No Added Salt 400g,770320,$0.80,$2.00 / 1KG,https://www.woolworths.com.au/shop/productdetails/770320/woolworths-diced-italian-tomatoes-no-added-salt,https://cdn0.woolworths.media/content/wowproductimages/medium/770320.jpg,2020-09-21 17:27:05,Average product rating out of 5: 4.7. Product score is based on 311 ratings,311,,True
34b31171-b7f7-4d29-82ee-c131715dc055,Woolworths Supermarket,Pantry,Indomie Mi Goreng Instant Noodles 5pk 425g,177972,$2.75,$0.65 / 100G,https://www.woolworths.com.au/shop/productdetails/177972/indomie-mi-goreng-instant-noodles,https://cdn0.woolworths.media/content/wowproductimages/medium/177972.jpg,2020-09-21 17:27:05,,0,,True
4d95ed34-3000-481d-b2bc-2ffceed535ea,Woolworths Supermarket,Pantry,Cadbury Dairy Milk Chocolate Fair Trade 350g,757883,$5.00,$1.43 / 100G,https://www.woolworths.com.au/shop/productdetails/757883/cadbury-dairy-milk-chocolate-fair-trade,https://cdn0.woolworths.media/content/wowproductimages/medium/757883.jpg,2020-09-21 17:27:05,,0,Was $6.30 16/01/2017,True
94cc6ec3-d37b-4a82-a124-e1f748b2e547,Woolworths Supermarket,Pantry,Sunbites Grain Waves Sour Cream & Chives 5 pack,720220,$3.10,$2.82 / 100G,https://www.woolworths.com.au/shop/productdetails/720220/sunbites-grain-waves-sour-cream-chives,https://cdn0.woolworths.media/content/wowproductimages/medium/720220.jpg,2020-09-21 17:27:05,,0,2 for $5.00,True
e6d7e9a9-6fe5-4724-bbf4-2f2fa8c04a4a,Woolworths Supermarket,Pantry,Woolworths Smokey Biltong 45g,084762,,,https://www.woolworths.com.au/shop/productdetails/84762/woolworths-smokey-biltong,https://cdn0.woolworths.media/content/wowproductimages/medium/084762.jpg,2020-09-21 17:27:05,,0,,False
9a89c8d7-2f8f-4f04-a468-15383fa75718,Woolworths Supermarket,Pantry,Vita Vigor Bread Sticks Grissini Bread Sticks 125g,084864,$3.00,$2.40 / 100G,https://www.woolworths.com.au/shop/productdetails/84864/vita-vigor-bread-sticks-grissini-bread-sticks,https://cdn0.woolworths.media/content/wowproductimages/medium/084864.jpg,2020-09-21 17:27:05,,0,,True
7260279f-4b08-42e4-a175-78351e3a2b10,Woolworths Supermarket,Pantry,Cadbury Old Gold Dark Chocolate Cherry Ripe Block 180g,084869,$2.50,$1.39 / 100G,https://www.woolworths.com.au/shop/productdetails/84869/cadbury-old-gold-dark-chocolate-cherry-ripe-block,https://cdn0.woolworths.media/content/wowproductimages/medium/084869.jpg,2020-09-21 17:27:05,,0,,True
18a4ade7-1d67-4f32-824a-86b080ed1514,Woolworths Supermarket,Pantry,Cadbury Old Gold Dark Chocolate Caramel 180g,084870,$2.50,$1.39 / 100G,https://www.woolworths.com.au/shop/productdetails/84870/cadbury-old-gold-dark-chocolate-caramel,https://cdn0.woolworths.media/content/wowproductimages/medium/084870.jpg,2020-09-21 17:27:05,,0,,True
846ff9b0-e073-4180-8903-da69fbeed2e5,Woolworths Supermarket,Pantry,Cadbury Old Gold Dark Chocolate Old Jamaica Rum N Raisin Block 300g,084871,$5.00,$1.67 / 100G,https://www.woolworths.com.au/shop/productdetails/84871/cadbury-old-gold-dark-chocolate-old-jamaica-rum-n-raisin-block,https://cdn0.woolworths.media/content/wowproductimages/medium/084871.jpg,2020-09-21 17:27:05,,0,Was $6.00 16/01/2017,True
2e0b31b6-8501-42a4-a79b-d4323eb3504d,Woolworths Supermarket,Pantry,Maggi Fusian Soupy Noodles Thai Tom Yum 5 pack,084956,$3.00,$0.75 / 100G,https://www.woolworths.com.au/shop/productdetails/84956/maggi-fusian-soupy-noodles-thai-tom-yum,https://cdn0.woolworths.media/content/wowproductimages/medium/084956.jpg,2020-09-21 17:27:05,,0,,True
3eb0de2c-aedb-4fbc-985b-29982e890a88,Woolworths Supermarket,Pantry,Sunsol Pro-biotic Crunchy Clusters Almond & Cashew 400g,084959,$7.00,$1.75 / 100G,https://www.woolworths.com.au/shop/productdetails/84959/sunsol-pro-biotic-crunchy-clusters-almond-cashew,https://cdn0.woolworths.media/content/wowproductimages/medium/084959.jpg,2020-09-21 17:27:05,,0,,True
def2bfd1-9ee3-45f5-94c5-292f7a8d26e1,Woolworths Supermarket,Pantry,Green's Trolls Learn To Bake Vanilla Cupcake Mix 280g,084960,$3.20,$1.14 / 100G,https://www.woolworths.com.au/shop/productdetails/84960/green-s-trolls-learn-to-bake-vanilla-cupcake-mix,https://cdn0.woolworths.media/content/wowproductimages/medium/084960.jpg,2020-09-21 17:27:05,,0,,True
2904073b-fe60-44ff-9a8c-23489a173880,Woolworths Supermarket,Pantry,Nestle Soothers Immune+ Orange Flavour 40g,084977,$1.80,$4.50 / 100G,https://www.woolworths.com.au/shop/productdetails/84977/nestle-soothers-immune-orange-flavour,https://cdn0.woolworths.media/content/wowproductimages/medium/084977.jpg,2020-09-21 17:27:05,,0,,True
ec636d98-0d51-4c99-85a8-3143ba68160c,Woolworths Supermarket,Pantry,Sa Gourmet Food Co Creamy Pumpkin Soup 430g,084981,$2.70,$0.63 / 100G,https://www.woolworths.com.au/shop/productdetails/84981/sa-gourmet-food-co-creamy-pumpkin-soup,https://cdn0.woolworths.media/content/wowproductimages/medium/084981.jpg,2020-09-21 17:27:05,,0,,True
1d46fe0f-d7d0-428e-b880-e268db094d2e,Woolworths Supermarket,Pantry,La Zuppa Moroccan Style Pumpkin & Chickpea Soup Bowl 400 g,084999,$3.50,$0.88 / 100G,https://www.woolworths.com.au/shop/productdetails/84999/la-zuppa-moroccan-style-pumpkin-chickpea-soup-bowl,https://cdn0.woolworths.media/content/wowproductimages/medium/084999.jpg,2020-09-21 17:27:05,,0,,True
6ca8c1e8-a50c-4828-a34f-101b3d1e7032,Woolworths Supermarket,Pantry,Carman's Fibre Rich Probiotic Porridge Sachets Creamy Honey & Almond 6 pack,085031,$6.00,$2.50 / 100G,https://www.woolworths.com.au/shop/productdetails/85031/carman-s-fibre-rich-probiotic-porridge-sachets-creamy-honey-almond,https://cdn0.woolworths.media/content/wowproductimages/medium/085031.jpg,2020-09-21 17:27:05,,0,,True
b13b77b5-6246-4ae7-9749-eb4610c05b3a,Woolworths Supermarket,Pantry,Leggos Tomato Paste No Added Salt 500g,085045,$4.00,$0.80 / 100G,https://www.woolworths.com.au/shop/productdetails/85045/leggos-tomato-paste-no-added-salt,https://cdn0.woolworths.media/content/wowproductimages/medium/085045.jpg,2020-09-21 17:27:05,,0,,True
42199c68-42bc-4fda-ab62-953806a6e3e5,Woolworths Supermarket,Pantry,Green's Temptations Choc Chip Buttermilk Pancake Shake 335g,085049,$3.20,$0.96 / 100G,https://www.woolworths.com.au/shop/productdetails/85049/green-s-temptations-choc-chip-buttermilk-pancake-shake,https://cdn0.woolworths.media/content/wowproductimages/medium/085049.jpg,2020-09-21 17:27:05,,0,,True
3ac8a492-3fdb-4059-a3a7-5e44983bf2f1,Woolworths Supermarket,Pantry,La Zuppa Moroccan Style Pumpkin & Chickpea Soup 500 g,085054,$4.40,$0.88 / 100G,https://www.woolworths.com.au/shop/productdetails/85054/la-zuppa-moroccan-style-pumpkin-chickpea-soup,https://cdn0.woolworths.media/content/wowproductimages/medium/085054.jpg,2020-09-21 17:27:05,,0,,True
cff49a5d-8e83-4937-a471-b22505fea9b0,Woolworths Supermarket,Pantry,Nestle Immune Plus Lozenges 10 x3 pack,085092,$3.50,$2.92 / 100G,https://www.woolworths.com.au/shop/productdetails/85092/nestle-immune-plus-lozenges,https://cdn0.woolworths.media/content/wowproductimages/medium/085092.jpg,2020-09-21 17:27:05,,0,,True
d40a587c-db24-4c6c-b3d0-1d70768922a3,Woolworths Supermarket,Pantry,Cadbury Dairy Milk Marble Chocolate Block 173g,085093,$5.00,$2.89 / 100G,https://www.woolworths.com.au/shop/productdetails/85093/cadbury-dairy-milk-marble-chocolate-block,https://cdn0.woolworths.media/content/wowproductimages/medium/085093.jpg,2020-09-21 17:27:05,,0,,True
24cd2f19-46c2-4a34-b2dd-593fe900bb47,Woolworths Supermarket,Pantry,Cadbury Dairy Milk Marble Chocolate Bar 54g,085094,$1.00,$1.85 / 100G,https://www.woolworths.com.au/shop/productdetails/85094/cadbury-dairy-milk-marble-chocolate-bar,https://cdn0.woolworths.media/content/wowproductimages/medium/085094.jpg,2020-09-21 17:27:05,,0,,True
e0b0ec35-16fa-4e4d-8a8f-06d1167d3d7b,Woolworths Supermarket,Pantry,Heinz Plant Proteinz 7 Veg Soup 330g,085102,$4.50,$1.36 / 100G,https://www.woolworths.com.au/shop/productdetails/85102/heinz-plant-proteinz-7-veg-soup,https://cdn0.woolworths.media/content/wowproductimages/medium/085102.jpg,2020-09-21 17:27:05,,0,,True
60d9a8a7-2bcd-411d-98f1-bce71227ce0d,Woolworths Supermarket,Pantry,Freedom Foods Arnold's Farm Full O'fruit Toasted Muesli 850g,085119,$5.00,$0.59 / 100G,https://www.woolworths.com.au/shop/productdetails/85119/freedom-foods-arnold-s-farm-full-o-fruit-toasted-muesli,https://cdn0.woolworths.media/content/wowproductimages/medium/085119.jpg,2020-09-21 17:27:05,,0,,True
89de8611-ba85-4919-b4f0-bd95519849fb,Woolworths Supermarket,Pantry,Carman's Super Berry Muesli 875g,085132,$8.00,$0.91 / 100G,https://www.woolworths.com.au/shop/productdetails/85132/carman-s-super-berry-muesli,https://cdn0.woolworths.media/content/wowproductimages/medium/085132.jpg,2020-09-21 17:27:05,,0,Was $9.00 09/07/2018,True
0b1b9e23-a792-4ba5-ba34-7d676cda06a4,Woolworths Supermarket,Pantry,Nestle Top N Fill Caramel 395g,085133,$5.20,$1.32 / 100G,https://www.woolworths.com.au/shop/productdetails/85133/nestle-top-n-fill-caramel,https://cdn0.woolworths.media/content/wowproductimages/medium/085133.jpg,2020-09-21 17:27:05,,0,,True
6ce825e0-1ce0-47dc-b8e4-6a3882c5f469,Woolworths Supermarket,Pantry,Donna Hay Fudgy Chocolate Cake Gluten Free Mix 570g,085139,$7.50,$1.32 / 100G,https://www.woolworths.com.au/shop/productdetails/85139/donna-hay-fudgy-chocolate-cake-gluten-free-mix,https://cdn0.woolworths.media/content/wowproductimages/medium/085139.jpg,2020-09-21 17:27:05,,0,,True
a5f900f6-2d61-497a-97e9-9ef22af9b62b,Woolworths Supermarket,Pantry,Donna Hay Apple Cinnamon Crumble Cake Gluten Free Mix 530g,085140,$7.50,$1.42 / 100G,https://www.woolworths.com.au/shop/productdetails/85140/donna-hay-apple-cinnamon-crumble-cake-gluten-free-mix,https://cdn0.woolworths.media/content/wowproductimages/medium/085140.jpg,2020-09-21 17:27:05,,0,,True
2a4be824-0b31-4599-b6e2-a3ead238ec37,Woolworths Supermarket,Pantry,Nescafe Blend 43 Soluble Instant Coffee 500g,035694,$20.00,$4.00 / 100G,https://www.woolworths.com.au/shop/productdetails/35694/nescafe-blend-43-soluble-instant-coffee,https://cdn0.woolworths.media/content/wowproductimages/medium/035694.jpg,2020-09-21 17:27:05,,0,,True
ee7bc5a4-0cda-4914-9cba-93e9000dd4c2,Woolworths Supermarket,Pantry,Woolworths Rolled Traditional Oats 750g,321220,$1.40,$0.19 / 100G,https://www.woolworths.com.au/shop/productdetails/321220/woolworths-rolled-traditional-oats,https://cdn0.woolworths.media/content/wowproductimages/medium/321220.jpg,2020-09-21 17:27:05,Average product rating out of 5: 4.6. Product score is based on 748 ratings,748,,True
860f791b-fe99-4918-875a-fae48f67564e,Woolworths Supermarket,Pantry,Moccona Freeze Dried Instant Coffee Classic Medium Roast 400g,208575,$24.00,$6.00 / 100G,https://www.woolworths.com.au/shop/productdetails/208575/moccona-freeze-dried-instant-coffee-classic-medium-roast,https://cdn0.woolworths.media/content/wowproductimages/medium/208575.jpg,2020-09-21 17:27:05,,0,,True
c7afdb55-20e5-4362-b89e-cdf9b00fc99f,Woolworths Supermarket,Pantry,Sanitarium Weet-bix Breakfast Cereal 1.2kg,200695,$5.00,$0.42 / 100G,https://www.woolworths.com.au/shop/productdetails/200695/sanitarium-weet-bix-breakfast-cereal,https://cdn0.woolworths.media/content/wowproductimages/medium/200695.jpg,2020-09-21 17:27:05,,0,,True
0fb9c831-db54-4e23-9b06-8802155de6c0,Woolworths Supermarket,Pantry,Woolworths Walnuts Kernel 500g,749540,$11.00,$22.00 / 1KG,https://www.woolworths.com.au/shop/productdetails/749540/woolworths-walnuts-kernel,https://cdn0.woolworths.media/content/wowproductimages/medium/749540.jpg,2020-09-21 17:27:05,Average product rating out of 5: 4.8. Product score is based on 360 ratings,360,,True
13140bc6-5239-456b-b116-1e424ef715d2,Woolworths Supermarket,Pantry,Vege Chips Chicken Style 100g,793382,$3.80,$3.80 / 100G,https://www.woolworths.com.au/shop/productdetails/793382/vege-chips-chicken-style,https://cdn0.woolworths.media/content/wowproductimages/medium/793382.jpg,2020-09-21 17:27:05,Average product rating out of 5: 4.7. Product score is based on 20 ratings,20,,True
dac11b72-1fac-4dcd-9cb4-133259befba9,Woolworths Supermarket,Pantry,Sunbites Grain Waves Sour Cream & Chives 5 pack,720220,$3.10,$2.82 / 100G,https://www.woolworths.com.au/shop/productdetails/720220/sunbites-grain-waves-sour-cream-chives,https://cdn0.woolworths.media/content/wowproductimages/medium/720220.jpg,2020-09-21 17:27:05,,0,2 for $5.00,True
f13ed4e9-8d50-443b-b785-7d187ef6ef91,Woolworths Supermarket,Pantry,Macro Organic Quinoa Tri Colour 500g,717631,$7.00,$1.40 / 100G,https://www.woolworths.com.au/shop/productdetails/717631/macro-organic-quinoa-tri-colour,https://cdn0.woolworths.media/content/wowproductimages/medium/717631.jpg,2020-09-21 17:27:05,Average product rating out of 5: 4.6. Product score is based on 274 ratings,274,Was $9.99 09/01/2017,True
341d7c06-adb3-4ddf-9d0c-b99ea0426056,Woolworths Supermarket,Pantry,Bertolli Extra Virgin Olive Oil Originale 750ml,502951,$6.50,$0.87 / 100ML,https://www.woolworths.com.au/shop/productdetails/502951/bertolli-extra-virgin-olive-oil-originale,https://cdn0.woolworths.media/content/wowproductimages/medium/502951.jpg,2020-09-21 17:27:05,,0,,True
ab72e299-bec9-4cf0-914d-65ecc5f37d85,Woolworths Supermarket,Pantry,Mckenzie's Himalayan Salt Rock Pink 400g,749926,$5.95,$0.15 / 10G,https://www.woolworths.com.au/shop/productdetails/749926/mckenzie-s-himalayan-salt-rock-pink,https://cdn0.woolworths.media/content/wowproductimages/medium/749926.jpg,2020-09-21 17:27:05,,0,,True
bb575869-82f7-4935-8705-0c8e80ebda87,Woolworths Supermarket,Pantry,Cadbury Dairy Milk Chocolate Fair Trade 350g,757883,$5.00,$1.43 / 100G,https://www.woolworths.com.au/shop/productdetails/757883/cadbury-dairy-milk-chocolate-fair-trade,https://cdn0.woolworths.media/content/wowproductimages/medium/757883.jpg,2020-09-21 17:27:05,,0,Was $6.30 16/01/2017,True
eedaf577-f6e4-4b02-9250-62d7b7a11be3,Woolworths Supermarket,Pantry,Queen Organic Vanilla Bean Paste 65g,225399,$11.80,$18.15 / 100G,https://www.woolworths.com.au/shop/productdetails/225399/queen-organic-vanilla-bean-paste,https://cdn0.woolworths.media/content/wowproductimages/medium/225399.jpg,2020-09-21 17:27:05,,0,,True
77068d06-7098-423f-b892-4500bdcab109,Woolworths Supermarket,Pantry,Arnott's Monte Carlo 250g,036031,$3.00,$1.20 / 100G,https://www.woolworths.com.au/shop/productdetails/36031/arnott-s-monte-carlo,https://cdn0.woolworths.media/content/wowproductimages/medium/036031.jpg,2020-09-21 17:27:05,,0,,True
d564b528-9d10-4d1f-9471-237d031c8aba,Woolworths Supermarket,Pantry,Continental Cup A Soup Creamy Chicken With Lots Of Noodles 2 pack,026649,$2.00,$3.33 / 100G,https://www.woolworths.com.au/shop/productdetails/26649/continental-cup-a-soup-creamy-chicken-with-lots-of-noodles,https://cdn0.woolworths.media/content/wowproductimages/medium/026649.jpg,2020-09-21 17:27:05,,0,,True
0ccb5b5c-8750-41a0-ad8a-d9f7046fbf6e,Woolworths Supermarket,Pantry,Woolworths Almond Meal 400g,610610,$7.50,$18.75 / 1KG,https://www.woolworths.com.au/shop/productdetails/610610/woolworths-almond-meal,https://cdn0.woolworths.media/content/wowproductimages/medium/610610.jpg,2020-09-21 17:27:05,Average product rating out of 5: 4.6. Product score is based on 326 ratings,326,Was $9.00 22/07/2020,True
d58dddf5-b7d9-485c-b79b-1a538802ae76,Woolworths Supermarket,Pantry,Ritz Crackers Original 300g,660562,$2.50,$0.83 / 100G,https://www.woolworths.com.au/shop/productdetails/660562/ritz-crackers-original,https://cdn0.woolworths.media/content/wowproductimages/medium/660562.jpg,2020-09-21 17:27:05,,0,,True
993a5b90-83aa-4226-bca6-070a872aefa5,Woolworths Supermarket,Pantry,Woolworths Diced Italian Tomatoes No Added Salt 400g,770320,$0.80,$2.00 / 1KG,https://www.woolworths.com.au/shop/productdetails/770320/woolworths-diced-italian-tomatoes-no-added-salt,https://cdn0.woolworths.media/content/wowproductimages/medium/770320.jpg,2020-09-21 17:27:05,Average product rating out of 5: 4.7. Product score is based on 311 ratings,311,,True
b28396fb-3ad3-4d78-9cc9-979dd53eb31f,Woolworths Supermarket,Pantry,Beechworth Pure Honey 1.5kg,250371,$22.00,$1.47 / 100G,https://www.woolworths.com.au/shop/productdetails/250371/beechworth-pure-honey,https://cdn0.woolworths.media/content/wowproductimages/medium/250371.jpg,2020-09-21 17:27:05,,0,,True
c2e9f6c2-d850-44c2-a91f-51322eceb933,Woolworths Supermarket,Pantry,Woolworths White Rice Long Grain 5kg,072779,$6.70,$0.13 / 100G,https://www.woolworths.com.au/shop/productdetails/72779/woolworths-white-rice-long-grain,https://cdn0.woolworths.media/content/wowproductimages/medium/072779.jpg,2020-09-21 17:27:05,Average product rating out of 5: 4.8. Product score is based on 14 ratings,14,,True
6b29c7b7-c79d-4dd5-ae95-babe8bd41593,Woolworths Supermarket,Pantry,Cobram Estate Extra Virgin Light Olive Oil 750ml,345955,$15.00,$2.00 / 100ML,https://www.woolworths.com.au/shop/productdetails/345955/cobram-estate-extra-virgin-light-olive-oil,https://cdn0.woolworths.media/content/wowproductimages/medium/345955.jpg,2020-09-21 17:27:05,,0,,True
c989bf66-17bc-41d8-a2b8-7946b93660bf,Woolworths Supermarket,Pantry,Chupa Chups Lollipop 12g single,085155,$0.50,$4.17 / 100G,https://www.woolworths.com.au/shop/productdetails/85155/chupa-chups-lollipop,https://cdn0.woolworths.media/content/wowproductimages/medium/085155.jpg,2020-09-21 17:27:05,,0,,True
6a7f8b43-f7d0-46f7-acb9-d2b2959a977f,Woolworths Supermarket,Pantry,Sa Gourmet Food Co Classic Italian Minestrone Soup 430g,085195,$2.70,$0.63 / 100G,https://www.woolworths.com.au/shop/productdetails/85195/sa-gourmet-food-co-classic-italian-minestrone-soup,https://cdn0.woolworths.media/content/wowproductimages/medium/085195.jpg,2020-09-21 17:27:05,,0,,True
fd28b3a9-bad0-41a7-b830-ead1f28475f0,Woolworths Supermarket,Pantry,Kellogg's Apple Jacks Breakfast Cereal 500g,085281,$8.50,$1.70 / 100G,https://www.woolworths.com.au/shop/productdetails/85281/kellogg-s-apple-jacks-breakfast-cereal,https://cdn0.woolworths.media/content/wowproductimages/medium/085281.jpg,2020-09-21 17:27:05,,0,,True
28abc106-2532-451b-ad9f-03c93abe48ef,Woolworths Supermarket,Pantry,Allen's Black Cats 170g,085282,$2.00,$1.18 / 100G,https://www.woolworths.com.au/shop/productdetails/85282/allen-s-black-cats,https://cdn0.woolworths.media/content/wowproductimages/medium/085282.jpg,2020-09-21 17:27:05,,0,,True
19a5683e-68d7-4014-bddc-faf70798bbe8,Woolworths Supermarket,Pantry,Heinz Plant Proteinz Moroccan Style Chickpea Soup 330g,085295,$4.50,$1.36 / 100G,https://www.woolworths.com.au/shop/productdetails/85295/heinz-plant-proteinz-moroccan-style-chickpea-soup,https://cdn0.woolworths.media/content/wowproductimages/medium/085295.jpg,2020-09-21 17:27:05,,0,,True
4346acda-5ac9-4967-823c-b807cae2dc79,Woolworths Supermarket,Pantry,Heinz Plant Proteinz Creamy Coconut Pumpkin & Chickpea Soup 330g,085345,$4.50,$1.36 / 100G,https://www.woolworths.com.au/shop/productdetails/85345/heinz-plant-proteinz-creamy-coconut-pumpkin-chickpea-soup,https://cdn0.woolworths.media/content/wowproductimages/medium/085345.jpg,2020-09-21 17:27:05,,0,,True
118bc5b9-baef-403f-85fe-73f9b0d06087,Woolworths Supermarket,Pantry,Green's Temptations Blueberry & Buttermilk Pancake Shake 325g,085456,$3.20,$0.98 / 100G,https://www.woolworths.com.au/shop/productdetails/85456/green-s-temptations-blueberry-buttermilk-pancake-shake,https://cdn0.woolworths.media/content/wowproductimages/medium/085456.jpg,2020-09-21 17:27:05,,0,,True
d34aaf88-7125-464c-beb0-35d55c336058,Woolworths Supermarket,Pantry,Dorset Berry Granola 450g,085468,$7.00,$1.56 / 100G,https://www.woolworths.com.au/shop/productdetails/85468/dorset-berry-granola,https://cdn0.woolworths.media/content/wowproductimages/medium/085468.jpg,2020-09-21 17:27:05,,0,,True
320df66a-9f33-4d3c-84cf-8a82ca5e65c8,Woolworths Supermarket,Pantry,Jordans Cluster Bites Honey Nut 500g,085469,$7.00,$1.40 / 100G,https://www.woolworths.com.au/shop/productdetails/85469/jordans-cluster-bites-honey-nut,https://cdn0.woolworths.media/content/wowproductimages/medium/085469.jpg,2020-09-21 17:27:05,,0,,True
1f1fd374-9d28-43c4-80ad-00926a03387a,Woolworths Supermarket,Pantry,Dorset Nut Granola 450g,085470,$7.00,$1.56 / 100G,https://www.woolworths.com.au/shop/productdetails/85470/dorset-nut-granola,https://cdn0.woolworths.media/content/wowproductimages/medium/085470.jpg,2020-09-21 17:27:05,,0,,True
fb603a7a-ad65-486e-a230-dfb6e00f2321,Woolworths Supermarket,Pantry,Sirena Tuna In Chilli Oil 95g,085488,$2.70,$28.42 / 1KG,https://www.woolworths.com.au/shop/productdetails/85488/sirena-tuna-in-chilli-oil,https://cdn0.woolworths.media/content/wowproductimages/medium/085488.jpg,2020-09-21 17:27:05,,0,,True
e29cfafb-a8f6-4536-9fe0-446a0d01d56c,Woolworths Supermarket,Pantry,Lowan Quick Oats 1kg,085546,$3.50,$0.35 / 100G,https://www.woolworths.com.au/shop/productdetails/85546/lowan-quick-oats,https://cdn0.woolworths.media/content/wowproductimages/medium/085546.jpg,2020-09-21 17:27:05,,0,,True
cc02f210-e0c2-42b7-a8db-436f9359c2bb,Woolworths Supermarket,Pantry,Lowan Traditional Rolled Oats 1kg,085572,$3.50,$0.35 / 100G,https://www.woolworths.com.au/shop/productdetails/85572/lowan-traditional-rolled-oats,https://cdn0.woolworths.media/content/wowproductimages/medium/085572.jpg,2020-09-21 17:27:05,,0,,True
7d79aa99-6dec-4d25-bb49-614c9b376074,Woolworths Supermarket,Pantry,Dorset Honey Granola 450g,085597,$7.00,$1.56 / 100G,https://www.woolworths.com.au/shop/productdetails/85597/dorset-honey-granola,https://cdn0.woolworths.media/content/wowproductimages/medium/085597.jpg,2020-09-21 17:27:05,,0,,True
89fdaff7-84e3-4855-b3b4-d0cbeb98ced4,Woolworths Supermarket,Pantry,Jordans Low Sugar Granola Blueberry & Coconut 500g,085598,$7.00,$1.40 / 100G,https://www.woolworths.com.au/shop/productdetails/85598/jordans-low-sugar-granola-blueberry-coconut,https://cdn0.woolworths.media/content/wowproductimages/medium/085598.jpg,2020-09-21 17:27:05,,0,,True
cccbf582-148c-46a7-8336-fbaf4ba4a3a0,Woolworths Supermarket,Pantry,Jordans Cluster Bites Milk Chocolate 500g,085599,$7.00,$1.40 / 100G,https://www.woolworths.com.au/shop/productdetails/85599/jordans-cluster-bites-milk-chocolate,https://cdn0.woolworths.media/content/wowproductimages/medium/085599.jpg,2020-09-21 17:27:05,,0,,True
cbcd9b4d-ed47-499d-b1c1-bd0b5ac61f01,Woolworths Supermarket,Pantry,Freedom Foods Xo Crunch Berry Flavour 245g,085627,$3.00,$1.22 / 100G,https://www.woolworths.com.au/shop/productdetails/85627/freedom-foods-xo-crunch-berry-flavour,https://cdn0.woolworths.media/content/wowproductimages/medium/085627.jpg,2020-09-21 17:27:05,Average product rating out of 5: 4.5. Product score is based on 2 ratings,2,,True
f0a8c794-8d53-4962-bead-ba3e8b52c637,Woolworths Supermarket,Pantry,Green's Temptations Chocolate Cupcake Mix 450g,085691,$3.20,$0.71 / 100G,https://www.woolworths.com.au/shop/productdetails/85691/green-s-temptations-chocolate-cupcake-mix,https://cdn0.woolworths.media/content/wowproductimages/medium/085691.jpg,2020-09-21 17:27:05,,0,,True
3d361593-ceb8-4122-8ebe-b6771e94406a,Woolworths Supermarket,Pantry,Nestle Milkybar Whirl Chocolate Block 170g,085701,$4.50,$2.65 / 100G,https://www.woolworths.com.au/shop/productdetails/85701/nestle-milkybar-whirl-chocolate-block,https://cdn0.woolworths.media/content/wowproductimages/medium/085701.jpg,2020-09-21 17:27:05,,0,,True
e225d695-cea4-498a-a151-46a9b83c5b16,Woolworths Supermarket,Pantry,The Natural Chip Co. Lime With A Hint Of Chilli Chips 175g,085707,$2.00,$1.14 / 100G,https://www.woolworths.com.au/shop/productdetails/85707/the-natural-chip-co-lime-with-a-hint-of-chilli-chips,https://cdn0.woolworths.media/content/wowproductimages/medium/085707.jpg,2020-09-21 17:27:05,,0,Was $3.25 29/12/2017,True
345e8453-8ee9-4257-9272-e03da29907cb,Woolworths Supermarket,Pantry,The Natural Chip Co. Veggie Rings Big Red Tomato 125g,085709,$3.50,$2.80 / 100G,https://www.woolworths.com.au/shop/productdetails/85709/the-natural-chip-co-veggie-rings-big-red-tomato,https://cdn0.woolworths.media/content/wowproductimages/medium/085709.jpg,2020-09-21 17:27:05,,0,,True
8d94f682-4774-4791-b1b6-76bf7ca67faa,Woolworths Supermarket,Pantry,French Fries Salt & Vinegar Crunchy Potato Straws 175g,085710,$1.75,$1.00 / 100G,https://www.woolworths.com.au/shop/productdetails/85710/french-fries-salt-vinegar-crunchy-potato-straws,https://cdn0.woolworths.media/content/wowproductimages/medium/085710.jpg,2020-09-21 17:27:05,,0,,True
7c02a4e1-7d42-4600-bf59-8145f00327df,Woolworths Supermarket,Pantry,Greenseas Tuna Sweet Chilli 95g,085719,$2.00,$21.05 / 1KG,https://www.woolworths.com.au/shop/productdetails/85719/greenseas-tuna-sweet-chilli,https://cdn0.woolworths.media/content/wowproductimages/medium/085719.jpg,2020-09-21 17:27:05,,0,,True
da2d1d0a-20ac-4f20-8db7-1c1b9e56f27a,Woolworths Supermarket,Pantry,Old El Paso Mexican Burrito Tortillas 6 pack,085730,$3.00,$1.25 / 100G,https://www.woolworths.com.au/shop/productdetails/85730/old-el-paso-mexican-burrito-tortillas,https://cdn0.woolworths.media/content/wowproductimages/medium/085730.jpg,2020-09-21 17:27:05,,0,,True
81f50054-d617-490b-8848-67c99c087bf6,Woolworths Supermarket,Pantry,Arnott's Shapes Chicken Crimpy 175g,384245,$2.50,$1.43 / 100G,https://www.woolworths.com.au/shop/productdetails/384245/arnott-s-shapes-chicken-crimpy,https://cdn0.woolworths.media/content/wowproductimages/medium/384245.jpg,2020-09-21 17:27:05,,0,,True
e5964f40-a9dc-4d67-82eb-d805b8b7272c,Woolworths Supermarket,Pantry,Sunbites Grain Waves Sour Cream & Chives 5 pack,720220,$3.10,$2.82 / 100G,https://www.woolworths.com.au/shop/productdetails/720220/sunbites-grain-waves-sour-cream-chives,https://cdn0.woolworths.media/content/wowproductimages/medium/720220.jpg,2020-09-21 17:27:05,,0,2 for $5.00,True
b2d18907-60b4-4574-99b0-704076407858,Woolworths Supermarket,Pantry,Essentials Raw Sugar 2kg,018174,$2.10,$0.11 / 100G,https://www.woolworths.com.au/shop/productdetails/18174/essentials-raw-sugar,https://cdn0.woolworths.media/content/wowproductimages/medium/018174.jpg,2020-09-21 17:27:05,,0,,True
12512150-3222-4432-97da-a68a582911f1,Woolworths Supermarket,Pantry,Ardmona Tomatoes Diced No Added Salt 400g,226849,$1.40,$3.50 / 1KG,https://www.woolworths.com.au/shop/productdetails/226849/ardmona-tomatoes-diced-no-added-salt,https://cdn0.woolworths.media/content/wowproductimages/medium/226849.jpg,2020-09-21 17:27:05,,0,,True
3b5ed0d1-86af-4465-b348-bb63738528c3,Woolworths Supermarket,Pantry,Woolworths Rolled Traditional Oats 750g,321220,$1.40,$0.19 / 100G,https://www.woolworths.com.au/shop/productdetails/321220/woolworths-rolled-traditional-oats,https://cdn0.woolworths.media/content/wowproductimages/medium/321220.jpg,2020-09-21 17:27:05,Average product rating out of 5: 4.6. Product score is based on 748 ratings,748,,True
807dbf02-3ba2-4609-8782-83fa599d01b6,Woolworths Supermarket,Pantry,Cadbury Dairy Milk Chocolate Fair Trade 350g,757883,$5.00,$1.43 / 100G,https://www.woolworths.com.au/shop/productdetails/757883/cadbury-dairy-milk-chocolate-fair-trade,https://cdn0.woolworths.media/content/wowproductimages/medium/757883.jpg,2020-09-21 17:27:05,,0,Was $6.30 16/01/2017,True
4aa43a5d-fcda-45ce-8714-29bbf26fef9e,Woolworths Supermarket,Pantry,Essentials Pasta Penne 500g,188800,$0.80,$0.16 / 100G,https://www.woolworths.com.au/shop/productdetails/188800/essentials-pasta-penne,https://cdn0.woolworths.media/content/wowproductimages/medium/188800.jpg,2020-09-21 17:27:05,,0,,True
f07bbe38-296c-4caf-85c6-322caf0961fc,Woolworths Supermarket,Pantry,Woolworths Diced Italian Tomatoes No Added Salt 400g,770320,$0.80,$2.00 / 1KG,https://www.woolworths.com.au/shop/productdetails/770320/woolworths-diced-italian-tomatoes-no-added-salt,https://cdn0.woolworths.media/content/wowproductimages/medium/770320.jpg,2020-09-21 17:27:05,Average product rating out of 5: 4.7. Product score is based on 311 ratings,311,,True
62c14c30-5541-4f67-b8c4-7c6e6c7b32c5,Woolworths Supermarket,Pantry,Macro Organic Quinoa Tri Colour 500g,717631,$7.00,$1.40 / 100G,https://www.woolworths.com.au/shop/productdetails/717631/macro-organic-quinoa-tri-colour,https://cdn0.woolworths.media/content/wowproductimages/medium/717631.jpg,2020-09-21 17:27:05,Average product rating out of 5: 4.6. Product score is based on 274 ratings,274,Was $9.99 09/01/2017,True
3fabd816-581a-4a8f-b0d9-97fb864f41c5,Woolworths Supermarket,Pantry,Ritz Crackers Original 300g,660562,$2.50,$0.83 / 100G,https://www.woolworths.com.au/shop/productdetails/660562/ritz-crackers-original,https://cdn0.woolworths.media/content/wowproductimages/medium/660562.jpg,2020-09-21 17:27:05,,0,,True
4bd52f38-2d4e-414b-91d8-b1fd392f11ba,Woolworths Supermarket,Pantry,Continental Cup A Soup Creamy Chicken With Lots Of Noodles 2 pack,026649,$2.00,$3.33 / 100G,https://www.woolworths.com.au/shop/productdetails/26649/continental-cup-a-soup-creamy-chicken-with-lots-of-noodles,https://cdn0.woolworths.media/content/wowproductimages/medium/026649.jpg,2020-09-21 17:27:05,,0,,True
c62e6c10-ee3b-4b62-8471-efe388f3ca4e,Woolworths Supermarket,Pantry,Mckenzie's Rice Flour 375g,094275,$1.50,$4.00 / 1KG,https://www.woolworths.com.au/shop/productdetails/94275/mckenzie-s-rice-flour,https://cdn0.woolworths.media/content/wowproductimages/medium/094275.jpg,2020-09-21 17:27:05,,0,,True
8d9c8685-3fca-44ec-a727-a31496f74869,Woolworths Supermarket,Pantry,Cadbury Fry's Turkish Delight 55g bar,098390,$1.00,$1.82 / 100G,https://www.woolworths.com.au/shop/productdetails/98390/cadbury-fry-s-turkish-delight,https://cdn0.woolworths.media/content/wowproductimages/medium/098390.jpg,2020-09-21 17:27:05,,0,,True
86504e3c-2f21-41d7-ae17-950b46017b0e,Woolworths Supermarket,Pantry,Fantastic Rice Crackers Original 100g,035231,$1.50,$1.50 / 100G,https://www.woolworths.com.au/shop/productdetails/35231/fantastic-rice-crackers-original,https://cdn0.woolworths.media/content/wowproductimages/medium/035231.jpg,2020-09-21 17:27:05,,0,,True
bce120bc-11bc-4aea-b4f9-5921a9175e19,Woolworths Supermarket,Pantry,Arnott's Monte Carlo 250g,036031,$3.00,$1.20 / 100G,https://www.woolworths.com.au/shop/productdetails/36031/arnott-s-monte-carlo,https://cdn0.woolworths.media/content/wowproductimages/medium/036031.jpg,2020-09-21 17:27:05,,0,,True
55a302db-c895-41cd-accc-150b9ac05c25,Woolworths Supermarket,Pantry,Mckenzie's Himalayan Salt Rock Pink 400g,749926,$5.95,$0.15 / 10G,https://www.woolworths.com.au/shop/productdetails/749926/mckenzie-s-himalayan-salt-rock-pink,https://cdn0.woolworths.media/content/wowproductimages/medium/749926.jpg,2020-09-21 17:27:05,,0,,True
f6904b93-c3ad-4524-a89d-292f569cafaa,Woolworths Supermarket,Pantry,Heinz Canned Soup Big Red Tomato 420g,034331,$2.20,$0.52 / 100G,https://www.woolworths.com.au/shop/productdetails/34331/heinz-canned-soup-big-red-tomato,https://cdn0.woolworths.media/content/wowproductimages/medium/034331.jpg,2020-09-21 17:27:05,,0,,True
848fe4a7-961a-465c-a801-3ad86237163a,Woolworths Supermarket,Pantry,Masterfoods Barbecue Sauce 500ml,099696,$2.50,$0.50 / 100ML,https://www.woolworths.com.au/shop/productdetails/99696/masterfoods-barbecue-sauce,https://cdn0.woolworths.media/content/wowproductimages/medium/099696.jpg,2020-09-21 17:27:05,,0,,True
3b566de0-bcae-440d-8e8e-c8dd3dfde540,Woolworths Supermarket,Pantry,Sunbites Grain Waves Sour Cream & Chives 170g,082361,$3.50,$2.06 / 100G,https://www.woolworths.com.au/shop/productdetails/82361/sunbites-grain-waves-sour-cream-chives,https://cdn0.woolworths.media/content/wowproductimages/medium/082361.jpg,2020-09-21 17:27:05,,0,,True
7df7194f-3706-41de-906f-3d760618f4c5,Woolworths Supermarket,Pantry,Indomie Mi Goreng Instant Noodles 5pk 425g,177972,$2.75,$0.65 / 100G,https://www.woolworths.com.au/shop/productdetails/177972/indomie-mi-goreng-instant-noodles,https://cdn0.woolworths.media/content/wowproductimages/medium/177972.jpg,2020-09-21 17:27:05,,0,,True
b51dff8d-101a-494b-9d55-0574172b80ce,Woolworths Supermarket,Pantry,Australian Organic Food Co 100% Australian Organic Tomato & Basil Soup Pouch 330g,085776,$4.50,$1.36 / 100G,https://www.woolworths.com.au/shop/productdetails/85776/australian-organic-food-co-100-australian-organic-tomato-basil-soup-pouch,https://cdn0.woolworths.media/content/wowproductimages/medium/085776.jpg,2020-09-21 17:27:05,,0,,True
2a50bb5c-e0fd-41b0-9e70-b90021a6b9b2,Woolworths Supermarket,Pantry,The Natural Chip Co. Veg Ring Cheese 125g,085791,$3.50,$2.80 / 100G,https://www.woolworths.com.au/shop/productdetails/85791/the-natural-chip-co-veg-ring-cheese,https://cdn0.woolworths.media/content/wowproductimages/medium/085791.jpg,2020-09-21 17:27:05,,0,,True
9b41faee-25d2-497a-9121-2da80a56f0cd,Woolworths Supermarket,Pantry,Kettle Bbq Maple Falvoured Chips 150g,085792,$4.65,$3.10 / 100G,https://www.woolworths.com.au/shop/productdetails/85792/kettle-bbq-maple-falvoured-chips,https://cdn0.woolworths.media/content/wowproductimages/medium/085792.jpg,2020-09-21 17:27:05,,0,,True
16d45b2d-f3df-4be2-8bc2-f081f8ab14a4,Woolworths Supermarket,Pantry,Heinz Plant Proteinz Lentil & Roasted Sweet Potato Dahl 330g,085842,$4.50,$1.36 / 100G,https://www.woolworths.com.au/shop/productdetails/85842/heinz-plant-proteinz-lentil-roasted-sweet-potato-dahl,https://cdn0.woolworths.media/content/wowproductimages/medium/085842.jpg,2020-09-21 17:27:05,,0,,True
63b27398-2b07-450e-8c17-dc5cf0e75a4d,Woolworths Supermarket,Pantry,Wrigley's 5 Gum Cool Mint Sugar Free 3 pack,085862,$4.00,$4.17 / 100G,https://www.woolworths.com.au/shop/productdetails/85862/wrigley-s-5-gum-cool-mint-sugar-free,https://cdn0.woolworths.media/content/wowproductimages/medium/085862.jpg,2020-09-21 17:27:05,,0,Was $4.50 25/05/2020,True
4b3ee83c-2fc3-40d3-b11b-b6a7be15e404,Woolworths Supermarket,Pantry,Wallaby Oat Free Porridge Maple Fig Toasted Almond Meal 6 pack,085885,$7.00,$2.92 / 100G,https://www.woolworths.com.au/shop/productdetails/85885/wallaby-oat-free-porridge-maple-fig-toasted-almond-meal,https://cdn0.woolworths.media/content/wowproductimages/medium/085885.jpg,2020-09-21 17:27:05,Average product rating out of 5: 3.7. Product score is based on 7 ratings,7,,True
da663489-35ec-440f-ae52-cfa75750fd3a,Woolworths Supermarket,Pantry,Wallaby Oat Free Porridge Cranberry & Vanilla Toasted Almond Meal 6 pack,085905,$7.00,$2.92 / 100G,https://www.woolworths.com.au/shop/productdetails/85905/wallaby-oat-free-porridge-cranberry-vanilla-toasted-almond-meal,https://cdn0.woolworths.media/content/wowproductimages/medium/085905.jpg,2020-09-21 17:27:05,Average product rating out of 5: 4.8. Product score is based on 4 ratings,4,,True
72e90f31-f4e1-415d-a0e4-2f87f087aac2,Woolworths Supermarket,Pantry,Olina's Cracker Selection Natural & Fig & Pumpkin 190g,085931,$5.00,$2.63 / 100G,https://www.woolworths.com.au/shop/productdetails/85931/olina-s-cracker-selection-natural-fig-pumpkin,https://cdn0.woolworths.media/content/wowproductimages/medium/085931.jpg,2020-09-21 17:27:05,,0,,True
b45bc5af-e2d1-4ca8-aac4-8b34feee322d,Woolworths Supermarket,Pantry,Patak's Butter Chickpeas & Veggies Heat & Eat 285g,086206,$3.00,$1.05 / 100G,https://www.woolworths.com.au/shop/productdetails/86206/patak-s-butter-chickpeas-veggies-heat-eat,https://cdn0.woolworths.media/content/wowproductimages/medium/086206.jpg,2020-09-21 17:27:05,,0,,True
ebf7ccf7-5920-44cd-a3e8-ea12c138552c,Woolworths Supermarket,Pantry,Patak's Tandoori Curry Simmer Sauce Sauce 450g,086207,$2.50,$0.56 / 100G,https://www.woolworths.com.au/shop/productdetails/86207/patak-s-tandoori-curry-simmer-sauce-sauce,https://cdn0.woolworths.media/content/wowproductimages/medium/086207.jpg,2020-09-21 17:27:05,,0,,True
3a32f7ce-9df7-4b54-8b47-d73cdfb6c0db,Woolworths Supermarket,Pantry,Dole Pineapple Pieces In Juice 227g,086233,$1.60,$7.05 / 1KG,https://www.woolworths.com.au/shop/productdetails/86233/dole-pineapple-pieces-in-juice,https://cdn0.woolworths.media/content/wowproductimages/medium/086233.jpg,2020-09-21 17:27:05,,0,,True
1beba458-0304-4681-86a2-b5853aaf3f28,Woolworths Supermarket,Pantry,Freedom Foods Protein Crunch 250g,086235,$4.00,$1.60 / 100G,https://www.woolworths.com.au/shop/productdetails/86235/freedom-foods-protein-crunch,https://cdn0.woolworths.media/content/wowproductimages/medium/086235.jpg,2020-09-21 17:27:05,Average product rating out of 5: 3.0. Product score is based on 2 ratings,2,,True
442d4546-dcb7-4920-ad8a-4066fcaa55c1,Woolworths Supermarket,Pantry,Freedom Foods Arnold's Farm Orchard Fruit Clusters 850g,086236,$5.00,$0.59 / 100G,https://www.woolworths.com.au/shop/productdetails/86236/freedom-foods-arnold-s-farm-orchard-fruit-clusters,https://cdn0.woolworths.media/content/wowproductimages/medium/086236.jpg,2020-09-21 17:27:05,,0,,True
216b86f9-2544-4f22-8328-f02aa4fc6088,Woolworths Supermarket,Pantry,Patak's Chickpea & Veggie Korma Heat & Eat 285g,086302,$3.00,$1.05 / 100G,https://www.woolworths.com.au/shop/productdetails/86302/patak-s-chickpea-veggie-korma-heat-eat,https://cdn0.woolworths.media/content/wowproductimages/medium/086302.jpg,2020-09-21 17:27:05,,0,,True
b94b43d8-2b98-4a39-96e4-aa1894eb0f54,Woolworths Supermarket,Pantry,Freedom Foods Arnold's Farm Choc Almond Clusters 850g,086315,$5.00,$0.59 / 100G,https://www.woolworths.com.au/shop/productdetails/86315/freedom-foods-arnold-s-farm-choc-almond-clusters,https://cdn0.woolworths.media/content/wowproductimages/medium/086315.jpg,2020-09-21 17:27:05,,0,,True
a2d7dcb9-71ad-484d-8eed-4c6110e81ab1,Woolworths Supermarket,Pantry,Patak's Spicy Tandoori Paste Marinade 295g,086322,$5.50,$1.86 / 100G,https://www.woolworths.com.au/shop/productdetails/86322/patak-s-spicy-tandoori-paste-marinade,https://cdn0.woolworths.media/content/wowproductimages/medium/086322.jpg,2020-09-21 17:27:05,,0,,True
e4c06cd5-90c3-4e39-bede-d501ae436196,Woolworths Supermarket,Pantry,Freedom Foods Arnold's Farm Apple Pie Clusters 850g,086344,$5.00,$0.59 / 100G,https://www.woolworths.com.au/shop/productdetails/86344/freedom-foods-arnold-s-farm-apple-pie-clusters,https://cdn0.woolworths.media/content/wowproductimages/medium/086344.jpg,2020-09-21 17:27:05,,0,,True
66259fbc-7387-4a55-a576-1aa7370928e1,Woolworths Supermarket,Pantry,Uncle Tobys Oats Banana & Honey Quick Sachets 10 pack,086346,$6.30,$1.37 / 100G,https://www.woolworths.com.au/shop/productdetails/86346/uncle-tobys-oats-banana-honey-quick-sachets,https://cdn0.woolworths.media/content/wowproductimages/medium/086346.jpg,2020-09-21 17:27:05,,0,,True
5048d6bd-821c-4c4f-b239-b0744cf1d017,Woolworths Supermarket,Pantry,Freedom Foods Prebiotic Maple Almond Clusters 360g,086364,$5.00,$1.39 / 100G,https://www.woolworths.com.au/shop/productdetails/86364/freedom-foods-prebiotic-maple-almond-clusters,https://cdn0.woolworths.media/content/wowproductimages/medium/086364.jpg,2020-09-21 17:27:05,Average product rating out of 5: 4.3. Product score is based on 3 ratings,3,,True
9cc3e63d-b6fe-4315-a537-ecd24023404e,Woolworths Supermarket,Pantry,Patak's Lentil & Veggie Tikka Masala Heat & Eat Pouch 285g,086372,$3.00,$1.05 / 100G,https://www.woolworths.com.au/shop/productdetails/86372/patak-s-lentil-veggie-tikka-masala-heat-eat-pouch,https://cdn0.woolworths.media/content/wowproductimages/medium/086372.jpg,2020-09-21 17:27:05,,0,,True
00c5a75c-c88f-4687-927a-5ea02ec338d3,Woolworths Supermarket,Pantry,Plant Life Food Co. Organic Jackfruit Red Curry 300g,086375,$7.00,$2.33 / 100G,https://www.woolworths.com.au/shop/productdetails/86375/plant-life-food-co-organic-jackfruit-red-curry,https://cdn0.woolworths.media/content/wowproductimages/medium/086375.jpg,2020-09-21 17:27:05,Average product rating out of 5: 3.0. Product score is based on 2 ratings,2,,True
efa51104-250b-43e5-aebc-d3dc31562327,Woolworths Supermarket,Pantry,Plant Life Food Co. Organic Jackfruit Bbq 300g,086377,$7.00,$2.33 / 100G,https://www.woolworths.com.au/shop/productdetails/86377/plant-life-food-co-organic-jackfruit-bbq,https://cdn0.woolworths.media/content/wowproductimages/medium/086377.jpg,2020-09-21 17:27:05,Average product rating out of 5: 4.5. Product score is based on 4 ratings,4,,True
376e0905-8722-4835-bf31-813b62a5f532,Woolworths Supermarket,Pantry,Uncle Tobys Oats Breakfast Bakes Classic Peanut Butter 4 pack,086387,$6.00,$2.31 / 100G,https://www.woolworths.com.au/shop/productdetails/86387/uncle-tobys-oats-breakfast-bakes-classic-peanut-butter,https://cdn0.woolworths.media/content/wowproductimages/medium/086387.jpg,2020-09-21 17:27:05,,0,,True
b2778961-a99a-41b2-8bde-4e8d69845dfb,Woolworths Supermarket,Pantry,Freedom Foods Prebiotic Pear Almond Clusters 360g,086393,$5.00,$1.39 / 100G,https://www.woolworths.com.au/shop/productdetails/86393/freedom-foods-prebiotic-pear-almond-clusters,https://cdn0.woolworths.media/content/wowproductimages/medium/086393.jpg,2020-09-21 17:27:05,Average product rating out of 5: 4.6. Product score is based on 5 ratings,5,,True
31333bef-fbd5-4f1a-a671-3be9b74c7cea,Woolworths Supermarket,Pantry,Sunbites Grain Waves Sour Cream & Chives 5 pack,720220,$3.10,$2.82 / 100G,https://www.woolworths.com.au/shop/productdetails/720220/sunbites-grain-waves-sour-cream-chives,https://cdn0.woolworths.media/content/wowproductimages/medium/720220.jpg,2020-09-21 17:27:05,,0,2 for $5.00,True
cefcfae5-e4e0-4b2e-b046-0b6d17afb296,Woolworths Supermarket,Pantry,Woolworths Rolled Traditional Oats 750g,321220,$1.40,$0.19 / 100G,https://www.woolworths.com.au/shop/productdetails/321220/woolworths-rolled-traditional-oats,https://cdn0.woolworths.media/content/wowproductimages/medium/321220.jpg,2020-09-21 17:27:05,Average product rating out of 5: 4.6. Product score is based on 748 ratings,748,,True
834e197e-0c7e-43fb-ada3-0274055f13bd,Woolworths Supermarket,Pantry,Queen Organic Vanilla Bean Paste 65g,225399,$11.80,$18.15 / 100G,https://www.woolworths.com.au/shop/productdetails/225399/queen-organic-vanilla-bean-paste,https://cdn0.woolworths.media/content/wowproductimages/medium/225399.jpg,2020-09-21 17:27:05,,0,,True
3634b46e-161c-4f10-bedd-2a1582a01d27,Woolworths Supermarket,Pantry,Bertolli Extra Virgin Olive Oil Originale 750ml,502951,$6.50,$0.87 / 100ML,https://www.woolworths.com.au/shop/productdetails/502951/bertolli-extra-virgin-olive-oil-originale,https://cdn0.woolworths.media/content/wowproductimages/medium/502951.jpg,2020-09-21 17:27:05,,0,,True
63f1a6a2-2398-4011-a860-87bbc415af47,Woolworths Supermarket,Pantry,Woolworths Walnuts Kernel 500g,749540,$11.00,$22.00 / 1KG,https://www.woolworths.com.au/shop/productdetails/749540/woolworths-walnuts-kernel,https://cdn0.woolworths.media/content/wowproductimages/medium/749540.jpg,2020-09-21 17:27:05,Average product rating out of 5: 4.8. Product score is based on 360 ratings,360,,True
6372bd1d-d2bd-4b33-aed6-5838c5cb7799,Woolworths Supermarket,Pantry,Woolworths Almond Meal 400g,610610,$7.50,$18.75 / 1KG,https://www.woolworths.com.au/shop/productdetails/610610/woolworths-almond-meal,https://cdn0.woolworths.media/content/wowproductimages/medium/610610.jpg,2020-09-21 17:27:05,Average product rating out of 5: 4.6. Product score is based on 326 ratings,326,Was $9.00 22/07/2020,True
172d93d0-aaec-4d8a-8b54-475ab2d2d053,Woolworths Supermarket,Pantry,Woolworths White Rice Long Grain 5kg,072779,$6.70,$0.13 / 100G,https://www.woolworths.com.au/shop/productdetails/72779/woolworths-white-rice-long-grain,https://cdn0.woolworths.media/content/wowproductimages/medium/072779.jpg,2020-09-21 17:27:05,Average product rating out of 5: 4.8. Product score is based on 14 ratings,14,,True
1d0e0aba-5321-40a4-aa4c-dbb18e880663,Woolworths Supermarket,Pantry,Vege Chips Chicken Style 100g,793382,$3.80,$3.80 / 100G,https://www.woolworths.com.au/shop/productdetails/793382/vege-chips-chicken-style,https://cdn0.woolworths.media/content/wowproductimages/medium/793382.jpg,2020-09-21 17:27:05,Average product rating out of 5: 4.7. Product score is based on 20 ratings,20,,True
76d13e3b-7f0a-4f69-a3e3-3b72d9195192,Woolworths Supermarket,Pantry,Arnott's Monte Carlo 250g,036031,$3.00,$1.20 / 100G,https://www.woolworths.com.au/shop/productdetails/36031/arnott-s-monte-carlo,https://cdn0.woolworths.media/content/wowproductimages/medium/036031.jpg,2020-09-21 17:27:05,,0,,True
1def7852-680a-48cb-8ae5-e23c40aa1ee5,Woolworths Supermarket,Pantry,Moccona Freeze Dried Instant Coffee Classic Medium Roast 400g,208575,$24.00,$6.00 / 100G,https://www.woolworths.com.au/shop/productdetails/208575/moccona-freeze-dried-instant-coffee-classic-medium-roast,https://cdn0.woolworths.media/content/wowproductimages/medium/208575.jpg,2020-09-21 17:27:05,,0,,True
cef440e9-6197-4007-b8ee-49b73451ca53,Woolworths Supermarket,Pantry,Mckenzie's Himalayan Salt Rock Pink 400g,749926,$5.95,$0.15 / 10G,https://www.woolworths.com.au/shop/productdetails/749926/mckenzie-s-himalayan-salt-rock-pink,https://cdn0.woolworths.media/content/wowproductimages/medium/749926.jpg,2020-09-21 17:27:05,,0,,True
489a9b84-83f3-4134-9cee-146286d6f826,Woolworths Supermarket,Pantry,Beechworth Pure Honey 1.5kg,250371,$22.00,$1.47 / 100G,https://www.woolworths.com.au/shop/productdetails/250371/beechworth-pure-honey,https://cdn0.woolworths.media/content/wowproductimages/medium/250371.jpg,2020-09-21 17:27:05,,0,,True
39c685ff-4f93-4b81-a857-fbd64427278c,Woolworths Supermarket,Pantry,Woolworths Diced Italian Tomatoes No Added Salt 400g,770320,$0.80,$2.00 / 1KG,https://www.woolworths.com.au/shop/productdetails/770320/woolworths-diced-italian-tomatoes-no-added-salt,https://cdn0.woolworths.media/content/wowproductimages/medium/770320.jpg,2020-09-21 17:27:05,Average product rating out of 5: 4.7. Product score is based on 311 ratings,311,,True
54173917-69d9-4f20-b1c4-72d1ececaaab,Woolworths Supermarket,Pantry,Cadbury Dairy Milk Chocolate Fair Trade 350g,757883,$5.00,$1.43 / 100G,https://www.woolworths.com.au/shop/productdetails/757883/cadbury-dairy-milk-chocolate-fair-trade,https://cdn0.woolworths.media/content/wowproductimages/medium/757883.jpg,2020-09-21 17:27:05,,0,Was $6.30 16/01/2017,True
1b5254aa-e6ab-4abe-8705-f184da5eac23,Woolworths Supermarket,Pantry,Macro Organic Quinoa Tri Colour 500g,717631,$7.00,$1.40 / 100G,https://www.woolworths.com.au/shop/productdetails/717631/macro-organic-quinoa-tri-colour,https://cdn0.woolworths.media/content/wowproductimages/medium/717631.jpg,2020-09-21 17:27:05,Average product rating out of 5: 4.6. Product score is based on 274 ratings,274,Was $9.99 09/01/2017,True
caaba5c8-417c-42b0-8494-205e15904c62,Woolworths Supermarket,Pantry,Ritz Crackers Original 300g,660562,$2.50,$0.83 / 100G,https://www.woolworths.com.au/shop/productdetails/660562/ritz-crackers-original,https://cdn0.woolworths.media/content/wowproductimages/medium/660562.jpg,2020-09-21 17:27:05,,0,,True
3e205395-9bfd-4659-aefc-7342a5c0f1d6,Woolworths Supermarket,Pantry,Continental Cup A Soup Creamy Chicken With Lots Of Noodles 2 pack,026649,$2.00,$3.33 / 100G,https://www.woolworths.com.au/shop/productdetails/26649/continental-cup-a-soup-creamy-chicken-with-lots-of-noodles,https://cdn0.woolworths.media/content/wowproductimages/medium/026649.jpg,2020-09-21 17:27:05,,0,,True
f91ae693-c864-4135-894a-ab7dfc36d984,Woolworths Supermarket,Pantry,Nescafe Blend 43 Soluble Instant Coffee 500g,035694,$20.00,$4.00 / 100G,https://www.woolworths.com.au/shop/productdetails/35694/nescafe-blend-43-soluble-instant-coffee,https://cdn0.woolworths.media/content/wowproductimages/medium/035694.jpg,2020-09-21 17:27:05,,0,,True
8140ebb7-3059-4ec1-9df5-f3d2070129bb,Woolworths Supermarket,Pantry,Sanitarium Weet-bix Breakfast Cereal 1.2kg,200695,$5.00,$0.42 / 100G,https://www.woolworths.com.au/shop/productdetails/200695/sanitarium-weet-bix-breakfast-cereal,https://cdn0.woolworths.media/content/wowproductimages/medium/200695.jpg,2020-09-21 17:27:05,,0,,True
83ea66f8-7295-4a1a-be24-f466ca7701b7,Woolworths Supermarket,Pantry,Cobram Estate Extra Virgin Light Olive Oil 750ml,345955,$15.00,$2.00 / 100ML,https://www.woolworths.com.au/shop/productdetails/345955/cobram-estate-extra-virgin-light-olive-oil,https://cdn0.woolworths.media/content/wowproductimages/medium/345955.jpg,2020-09-21 17:27:05,,0,,True
d50fcaf5-3da3-4f27-b5dd-19da7d5f1001,Woolworths Supermarket,Pantry,Kellogg's Special K Original Breakfast Cereal Value Pack 860g,086398,$9.00,$1.05 / 100G,https://www.woolworths.com.au/shop/productdetails/86398/kellogg-s-special-k-original-breakfast-cereal-value-pack,https://cdn0.woolworths.media/content/wowproductimages/medium/086398.jpg,2020-09-21 17:27:05,,0,,True
39d32a09-b12b-4d89-8c50-5f1bfd6685b5,Woolworths Supermarket,Pantry,Freedom Foods Arnold's Farm Honey Nut Crunch Muesli 800g,086409,$5.00,$0.63 / 100G,https://www.woolworths.com.au/shop/productdetails/86409/freedom-foods-arnold-s-farm-honey-nut-crunch-muesli,https://cdn0.woolworths.media/content/wowproductimages/medium/086409.jpg,2020-09-21 17:27:05,,0,,True
682e338b-a10b-42d9-aed5-8420555cb874,Woolworths Supermarket,Pantry,Freedom Foods Arnold's Farm Mixed Berry Crumble Clusters 850g,086425,$5.00,$0.59 / 100G,https://www.woolworths.com.au/shop/productdetails/86425/freedom-foods-arnold-s-farm-mixed-berry-crumble-clusters,https://cdn0.woolworths.media/content/wowproductimages/medium/086425.jpg,2020-09-21 17:27:05,,0,,True
d802ef6c-b8ef-4085-b9b8-13a2368cd70a,Woolworths Supermarket,Pantry,Kellogg's Sultana Bran With Cholesterol Lowering Plant Sterols 390g,086441,$7.00,$1.79 / 100G,https://www.woolworths.com.au/shop/productdetails/86441/kellogg-s-sultana-bran-with-cholesterol-lowering-plant-sterols,https://cdn0.woolworths.media/content/wowproductimages/medium/086441.jpg,2020-09-21 17:27:05,,0,,True
29d1cb9e-7e16-46cb-b706-e4ba307dac5e,Woolworths Supermarket,Pantry,Kellogg's Coco Pops White Choc Flavour Breakfast Cereal 350g,086451,$5.40,$1.54 / 100G,https://www.woolworths.com.au/shop/productdetails/86451/kellogg-s-coco-pops-white-choc-flavour-breakfast-cereal,https://cdn0.woolworths.media/content/wowproductimages/medium/086451.jpg,2020-09-21 17:27:05,,0,,True
e9fe662e-5028-4d42-b2d1-ee90337d4fa7,Woolworths Supermarket,Pantry,Kellogg's Sultana Bran High Fibre Breakfast Cereal Value Pack 1.25kg,086462,$9.00,$0.72 / 100G,https://www.woolworths.com.au/shop/productdetails/86462/kellogg-s-sultana-bran-high-fibre-breakfast-cereal-value-pack,https://cdn0.woolworths.media/content/wowproductimages/medium/086462.jpg,2020-09-21 17:27:05,,0,,True
02832dad-e674-443d-afe4-b53adf2d3fc6,Woolworths Supermarket,Pantry,Val Verde Basil & Oregano Pizza Sauce 280g,086489,$3.30,$1.18 / 100G,https://www.woolworths.com.au/shop/productdetails/86489/val-verde-basil-oregano-pizza-sauce,https://cdn0.woolworths.media/content/wowproductimages/medium/086489.jpg,2020-09-21 17:27:05,,0,,True
a8169cbd-2af6-4228-bb1a-6fba774fa349,Woolworths Supermarket,Pantry,Kellogg's Just Right Apricot & Sultana Cereal Value Pack 1.2kg,086494,$10.00,$0.83 / 100G,https://www.woolworths.com.au/shop/productdetails/86494/kellogg-s-just-right-apricot-sultana-cereal-value-pack,https://cdn0.woolworths.media/content/wowproductimages/medium/086494.jpg,2020-09-21 17:27:05,,0,,True
7107cb09-a04e-4c23-aac2-9f8bed1bec62,Woolworths Supermarket,Pantry,Wrigley's 5 Gum Blueberry Rush Sugar Free 3 pack,086515,$4.00,$4.17 / 100G,https://www.woolworths.com.au/shop/productdetails/86515/wrigley-s-5-gum-blueberry-rush-sugar-free,https://cdn0.woolworths.media/content/wowproductimages/medium/086515.jpg,2020-09-21 17:27:05,,0,Was $4.50 25/05/2020,True
188d99c9-c1c2-4597-b424-b97356cebac7,Woolworths Supermarket,Pantry,Leggos Tomato Puree 410g,086610,$1.80,$0.44 / 100G,https://www.woolworths.com.au/shop/productdetails/86610/leggos-tomato-puree,https://cdn0.woolworths.media/content/wowproductimages/medium/086610.jpg,2020-09-21 17:27:05,,0,,True
0de04f78-ecd9-4a47-9f7b-0c1f9c65ae83,Woolworths Supermarket,Pantry,Hart & Soul All Natural Classic Tarka Yellow Lentil Dahl Curry 300g,086659,$4.00,$1.33 / 100G,https://www.woolworths.com.au/shop/productdetails/86659/hart-soul-all-natural-classic-tarka-yellow-lentil-dahl-curry,https://cdn0.woolworths.media/content/wowproductimages/medium/086659.jpg,2020-09-21 17:27:05,,0,,True
078d7bb8-f914-43b6-85fe-0828c2310909,Woolworths Supermarket,Pantry,Hart & Soul All Natural Creamy Makhani Black Lentil Dahl Curry 300g,086660,$4.00,$1.33 / 100G,https://www.woolworths.com.au/shop/productdetails/86660/hart-soul-all-natural-creamy-makhani-black-lentil-dahl-curry,https://cdn0.woolworths.media/content/wowproductimages/medium/086660.jpg,2020-09-21 17:27:05,,0,,True
f212bcec-7680-476f-8ad5-2985ebed4994,Woolworths Supermarket,Pantry,Hart & Soul All Natural Coconut Bengali Split Chickpea Dahl Curry 300g,086661,$4.00,$1.33 / 100G,https://www.woolworths.com.au/shop/productdetails/86661/hart-soul-all-natural-coconut-bengali-split-chickpea-dahl-curry,https://cdn0.woolworths.media/content/wowproductimages/medium/086661.jpg,2020-09-21 17:27:05,,0,,True
8a297cdf-3cfb-4482-8241-5354e216411b,Woolworths Supermarket,Pantry,Uncle Tobys Oats Breakfast Bakes Roasted Cashew & Vanilla Flavour 4 pack,086682,$6.00,$2.31 / 100G,https://www.woolworths.com.au/shop/productdetails/86682/uncle-tobys-oats-breakfast-bakes-roasted-cashew-vanilla-flavour,https://cdn0.woolworths.media/content/wowproductimages/medium/086682.jpg,2020-09-21 17:27:05,,0,,True
e3003e8c-a342-4863-b872-f3dd1446772f,Woolworths Supermarket,Pantry,Hart & Soul All Natural Supergrain Satay Chicken 250g,086692,$5.00,$2.00 / 100G,https://www.woolworths.com.au/shop/productdetails/86692/hart-soul-all-natural-supergrain-satay-chicken,https://cdn0.woolworths.media/content/wowproductimages/medium/086692.jpg,2020-09-21 17:27:05,,0,,True
0f134432-cb28-4b34-84dd-0dbe47c4a088,Woolworths Supermarket,Pantry,Hart & Soul All Natural Supergrain Teriyaki Chicken 250g,086852,$5.00,$2.00 / 100G,https://www.woolworths.com.au/shop/productdetails/86852/hart-soul-all-natural-supergrain-teriyaki-chicken,https://cdn0.woolworths.media/content/wowproductimages/medium/086852.jpg,2020-09-21 17:27:05,,0,,True
699d4534-1afb-490f-8787-127e012af716,Woolworths Supermarket,Pantry,Maggi Pad Thai Stir Fry Infusion 150g,086873,$3.00,$2.00 / 100G,https://www.woolworths.com.au/shop/productdetails/86873/maggi-pad-thai-stir-fry-infusion,https://cdn0.woolworths.media/content/wowproductimages/medium/086873.jpg,2020-09-21 17:27:05,,0,,True
526b9adc-e75b-4e8e-8533-a09434024a06,Woolworths Supermarket,Pantry,Ayam Blackbean Sauce 210ml,086913,$3.50,$1.67 / 100ML,https://www.woolworths.com.au/shop/productdetails/86913/ayam-blackbean-sauce,https://cdn0.woolworths.media/content/wowproductimages/medium/086913.jpg,2020-09-21 17:27:05,,0,,True
a84f33f8-af0c-469b-8aa8-c98d1459224d,Woolworths Supermarket,Pantry,Lavazza Qualita Oro Ground Coffee 500g,086917,$16.00,$3.20 / 100G,https://www.woolworths.com.au/shop/productdetails/86917/lavazza-qualita-oro-ground-coffee,https://cdn0.woolworths.media/content/wowproductimages/medium/086917.jpg,2020-09-21 17:27:05,,0,,True
bf974af7-9cd0-42be-aeca-7f5c1bb3f1a8,Woolworths Supermarket,Pantry,Csr Demerara Sugar 375g,086973,$3.00,$0.80 / 100G,https://www.woolworths.com.au/shop/productdetails/86973/csr-demerara-sugar,https://cdn0.woolworths.media/content/wowproductimages/medium/086973.jpg,2020-09-21 17:27:05,,0,,True
b403f455-f487-421c-a927-7e1d75f6f078,Woolworths Supermarket,Pantry,Messy Monkeys Banana Blast Cereal 240g,086994,$4.00,$1.82 / 100G,https://www.woolworths.com.au/shop/productdetails/86994/messy-monkeys-banana-blast-cereal,https://cdn0.woolworths.media/content/wowproductimages/medium/086994.jpg,2020-09-21 17:27:05,,0,,True
014594d3-21ed-4ee0-9800-f1cd42978d24,Woolworths Supermarket,Pantry,Woolworths Tuna & Crackers Snack Pack Tomato & Spinach 112g,087014,$2.10,$18.75 / 1KG,https://www.woolworths.com.au/shop/productdetails/87014/woolworths-tuna-crackers-snack-pack-tomato-spinach,https://cdn0.woolworths.media/content/wowproductimages/medium/087014.jpg,2020-09-21 17:27:05,,0,,True
7ca1bb25-2630-4927-a290-8d3415b7acd2,Woolworths Supermarket,Pantry,Woolworths Tuna & Crackers Snack Pack Celery & Onion 112g,087015,$2.10,$18.75 / 1KG,https://www.woolworths.com.au/shop/productdetails/87015/woolworths-tuna-crackers-snack-pack-celery-onion,https://cdn0.woolworths.media/content/wowproductimages/medium/087015.jpg,2020-09-21 17:27:05,,0,,True
f6a6d4d4-46bd-422b-a03f-7b654147263d,Woolworths Supermarket,Pantry,Woolworths Tuna & Crackers Snack Pack Red Capsicum & Hummus 112g,087016,$2.10,$18.75 / 1KG,https://www.woolworths.com.au/shop/productdetails/87016/woolworths-tuna-crackers-snack-pack-red-capsicum-hummus,https://cdn0.woolworths.media/content/wowproductimages/medium/087016.jpg,2020-09-21 17:27:05,,0,,True
b0ff50c1-dfdb-4479-ba50-4472b44a0caf,Woolworths Supermarket,Pantry,Masterfoods Barbecue Sauce 500ml,099696,$2.50,$0.50 / 100ML,https://www.woolworths.com.au/shop/productdetails/99696/masterfoods-barbecue-sauce,https://cdn0.woolworths.media/content/wowproductimages/medium/099696.jpg,2020-09-21 17:27:05,,0,,True
7b44fcdb-c249-4f8d-97df-7b21e9a005c3,Woolworths Supermarket,Pantry,Doritos Share Pack Cheese Supreme 170g,826731,$2.75,$1.62 / 100G,https://www.woolworths.com.au/shop/productdetails/826731/doritos-share-pack-cheese-supreme,https://cdn0.woolworths.media/content/wowproductimages/medium/826731.jpg,2020-09-21 17:27:05,,0,,True
0fb02d44-21f5-4548-8df9-7d90710e72f8,Woolworths Supermarket,Pantry,Arnott's Shortbread 250g,008838,$2.50,$1.00 / 100G,https://www.woolworths.com.au/shop/productdetails/8838/arnott-s-shortbread,https://cdn0.woolworths.media/content/wowproductimages/medium/008838.jpg,2020-09-21 17:27:05,,0,,True
699138c6-170b-407c-8a40-bcbf44293856,Woolworths Supermarket,Pantry,Twisties Cheese Chips 90g,081659,$2.00,$2.22 / 100G,https://www.woolworths.com.au/shop/productdetails/81659/twisties-cheese-chips,https://cdn0.woolworths.media/content/wowproductimages/medium/081659.jpg,2020-09-21 17:27:05,,0,,True
cc76b077-7b06-4703-947d-1ba020977f21,Woolworths Supermarket,Pantry,Bertolli Extra Virgin Olive Oil Originale 750ml,502951,$6.50,$0.87 / 100ML,https://www.woolworths.com.au/shop/productdetails/502951/bertolli-extra-virgin-olive-oil-originale,https://cdn0.woolworths.media/content/wowproductimages/medium/502951.jpg,2020-09-21 17:27:05,,0,,True
e5aab926-8a9b-4c25-83e0-4f6b6af9ce0a,Woolworths Supermarket,Pantry,Valcom Canned Bamboo Shoots Sliced 225g,097730,$1.10,$4.89 / 1KG,https://www.woolworths.com.au/shop/productdetails/97730/valcom-canned-bamboo-shoots-sliced,https://cdn0.woolworths.media/content/wowproductimages/medium/097730.jpg,2020-09-21 17:27:05,,0,,True
4c026a22-42c1-4370-9c0b-eddfc872973b,Woolworths Supermarket,Pantry,Kellogg's Nutri-grain Protein Breakfast Cereal 290g,701706,$4.95,$1.71 / 100G,https://www.woolworths.com.au/shop/productdetails/701706/kellogg-s-nutri-grain-protein-breakfast-cereal,https://cdn0.woolworths.media/content/wowproductimages/medium/701706.jpg,2020-09-21 17:27:05,,0,,True
73cb28be-7691-4db5-9831-e261c43fcdc9,Woolworths Supermarket,Pantry,Arnott's Malt O' Milk 250g,036036,$2.50,$1.00 / 100G,https://www.woolworths.com.au/shop/productdetails/36036/arnott-s-malt-o-milk,https://cdn0.woolworths.media/content/wowproductimages/medium/036036.jpg,2020-09-21 17:27:05,,0,,True
4096ae71-435c-4011-8509-8afeeecd26ab,Woolworths Supermarket,Pantry,Smith's Share Pack Crinkle Cut Salt & Vinegar 170g,826738,$2.75,$1.62 / 100G,https://www.woolworths.com.au/shop/productdetails/826738/smith-s-share-pack-crinkle-cut-salt-vinegar,https://cdn0.woolworths.media/content/wowproductimages/medium/826738.jpg,2020-09-21 17:27:05,,0,,True
bd3b8ca5-cdc5-4336-95f5-5a47ef19c950,Woolworths Supermarket,Pantry,Arnott's Snack Right Sultana 250g,182697,$3.00,$1.20 / 100G,https://www.woolworths.com.au/shop/productdetails/182697/arnott-s-snack-right-sultana,https://cdn0.woolworths.media/content/wowproductimages/medium/182697.jpg,2020-09-21 17:27:05,,0,Was $4.20 11/02/2019,True
e046557e-4f84-4b70-9bb3-4bfd01cc2568,Woolworths Supermarket,Pantry,Toblerone Milk Chocolate Bar 50g,047011,$1.00,$2.00 / 100G,https://www.woolworths.com.au/shop/productdetails/47011/toblerone-milk-chocolate-bar,https://cdn0.woolworths.media/content/wowproductimages/medium/047011.jpg,2020-09-21 17:27:05,,0,,True
9147bcba-8617-451d-9c66-c1dc0c686432,Woolworths Supermarket,Pantry,Kooka's Country Cookies Lemon 200g,347837,$2.00,$1.00 / 100G,https://www.woolworths.com.au/shop/productdetails/347837/kooka-s-country-cookies-lemon,https://cdn0.woolworths.media/content/wowproductimages/medium/347837.jpg,2020-09-21 17:27:05,,0,,True
1a74ddf2-1bda-45e4-80f8-fc7b33a7966d,Woolworths Supermarket,Pantry,Uncle Tobys Roll-ups Strawberry Fun Prints 6 pack,324231,$4.00,$4.26 / 100G,https://www.woolworths.com.au/shop/productdetails/324231/uncle-tobys-roll-ups-strawberry-fun-prints,https://cdn0.woolworths.media/content/wowproductimages/medium/324231.jpg,2020-09-21 17:27:05,,0,,True
67c549f3-5af2-4774-b585-095a5f3c239b,Woolworths Supermarket,Pantry,Woolworths Corn Sweet Kernels 420g,218926,$1.00,$2.38 / 1KG,https://www.woolworths.com.au/shop/productdetails/218926/woolworths-corn-sweet-kernels,https://cdn0.woolworths.media/content/wowproductimages/medium/218926.jpg,2020-09-21 17:27:05,Average product rating out of 5: 4.1. Product score is based on 215 ratings,215,,True
f9bbbd97-5d22-4c72-8ee3-d595d4034926,Woolworths Supermarket,Pantry,Moccona Freeze Dried Instant Coffee Classic Medium Roast 400g,208575,$24.00,$6.00 / 100G,https://www.woolworths.com.au/shop/productdetails/208575/moccona-freeze-dried-instant-coffee-classic-medium-roast,https://cdn0.woolworths.media/content/wowproductimages/medium/208575.jpg,2020-09-21 17:27:05,,0,,True
22bd52c9-9230-4dbc-b60d-a5f773db38a4,Woolworths Supermarket,Pantry,Macro Organic Quinoa Tri Colour 500g,717631,$7.00,$1.40 / 100G,https://www.woolworths.com.au/shop/productdetails/717631/macro-organic-quinoa-tri-colour,https://cdn0.woolworths.media/content/wowproductimages/medium/717631.jpg,2020-09-21 17:27:05,Average product rating out of 5: 4.6. Product score is based on 274 ratings,274,Was $9.99 09/01/2017,True
1a1e14a9-09e8-414a-a2ba-bfd3dd702bf6,Woolworths Supermarket,Pantry,Arnott's Shapes Cheddar 175g,384244,$2.50,$1.43 / 100G,https://www.woolworths.com.au/shop/productdetails/384244/arnott-s-shapes-cheddar,https://cdn0.woolworths.media/content/wowproductimages/medium/384244.jpg,2020-09-21 17:27:05,,0,,True
cc64ad92-0e50-44b8-b729-3c17e3cb663f,Woolworths Supermarket,Pantry,Uncle Ben's Microwave Mexican Style Brown Rice 250g,727257,$3.00,$1.20 / 100G,https://www.woolworths.com.au/shop/productdetails/727257/uncle-ben-s-microwave-mexican-style-brown-rice,https://cdn0.woolworths.media/content/wowproductimages/medium/727257.jpg,2020-09-21 17:27:05,,0,,True
9e39c7c2-1f56-4ce8-a7b8-3cce8fe58db6,Woolworths Supermarket,Pantry,Pringles Sour Cream And Onion Chips 134g,479502,$2.50,$1.87 / 100G,https://www.woolworths.com.au/shop/productdetails/479502/pringles-sour-cream-and-onion-chips,https://cdn0.woolworths.media/content/wowproductimages/medium/479502.jpg,2020-09-21 17:27:05,,0,,True
1877e5e8-b50f-42c9-a801-4dd3e9440c75,Woolworths Supermarket,Pantry,Woolworths Tuna & Crackers Snack Pack Thousand Island 112g,087017,$2.10,$18.75 / 1KG,https://www.woolworths.com.au/shop/productdetails/87017/woolworths-tuna-crackers-snack-pack-thousand-island,https://cdn0.woolworths.media/content/wowproductimages/medium/087017.jpg,2020-09-21 17:27:05,,0,,True
00dd15ad-cf50-4008-938a-3bf92d95a125,Woolworths Supermarket,Pantry,Lipton Black Tea Decaffeinated 50 pack,087040,$4.00,$0.08 / 1EA,https://www.woolworths.com.au/shop/productdetails/87040/lipton-black-tea-decaffeinated,https://cdn0.woolworths.media/content/wowproductimages/medium/087040.jpg,2020-09-21 17:27:05,,0,,True
5d0bc79b-7eb7-4307-a9c7-d62dbba86213,Woolworths Supermarket,Pantry,Cadbury Dairy Milk Freddo Share Pack 12 pack,087143,$2.50,$1.74 / 100G,https://www.woolworths.com.au/shop/productdetails/87143/cadbury-dairy-milk-freddo-share-pack,https://cdn0.woolworths.media/content/wowproductimages/medium/087143.jpg,2020-09-21 17:27:05,,0,,True
1b37126c-8629-423d-b5c5-514f2638edc6,Woolworths Supermarket,Pantry,Cadbury Dairy Milk Freddo Milky Top Share Pack 12 pack,087144,$2.50,$1.74 / 100G,https://www.woolworths.com.au/shop/productdetails/87144/cadbury-dairy-milk-freddo-milky-top-share-pack,https://cdn0.woolworths.media/content/wowproductimages/medium/087144.jpg,2020-09-21 17:27:05,,0,,True
97a1d9f2-84bd-41d0-9a32-0d22e4a3f67f,Woolworths Supermarket,Pantry,Cadbury Dairy Milk Share Pack 12 pack,087145,$2.50,$1.74 / 100G,https://www.woolworths.com.au/shop/productdetails/87145/cadbury-dairy-milk-share-pack,https://cdn0.woolworths.media/content/wowproductimages/medium/087145.jpg,2020-09-21 17:27:05,,0,,True
c5148b6d-58d2-42da-8aa1-9269ac89c74a,Woolworths Supermarket,Pantry,Cadbury Dairy Milk Freddo Variety Pack 18 pack,087146,$5.00,$2.14 / 100G,https://www.woolworths.com.au/shop/productdetails/87146/cadbury-dairy-milk-freddo-variety-pack,https://cdn0.woolworths.media/content/wowproductimages/medium/087146.jpg,2020-09-21 17:27:05,,0,Was $6.00 08/06/2020,True
500a1a66-3d93-4517-9465-7b4967456ebb,Woolworths Supermarket,Pantry,Cadbury Dairy Milk Freddo Sharepack 18 pack,087147,$5.00,$2.31 / 100G,https://www.woolworths.com.au/shop/productdetails/87147/cadbury-dairy-milk-freddo-sharepack,https://cdn0.woolworths.media/content/wowproductimages/medium/087147.jpg,2020-09-21 17:27:05,,0,Was $6.00 08/06/2020,True
81c5c396-e173-41f2-8f7c-4fe706e09775,Woolworths Supermarket,Pantry,Nestle Rolo 200g block,087173,$4.50,$2.25 / 100G,https://www.woolworths.com.au/shop/productdetails/87173/nestle-rolo,https://cdn0.woolworths.media/content/wowproductimages/medium/087173.jpg,2020-09-21 17:27:05,,0,,True
5cedaa8b-0b2d-44ab-abc8-d210ad46bb28,Woolworths Supermarket,Pantry,Ayam Oyster Sauce 210ml,087179,$3.50,$1.67 / 100ML,https://www.woolworths.com.au/shop/productdetails/87179/ayam-oyster-sauce,https://cdn0.woolworths.media/content/wowproductimages/medium/087179.jpg,2020-09-21 17:27:05,,0,,True
5b5c4445-0fb2-4a70-b034-9e7c1dd70f5d,Woolworths Supermarket,Pantry,Ayam Hoisin Sauce 210ml,087180,$3.50,$1.67 / 100ML,https://www.woolworths.com.au/shop/productdetails/87180/ayam-hoisin-sauce,https://cdn0.woolworths.media/content/wowproductimages/medium/087180.jpg,2020-09-21 17:27:05,,0,,True
3175155d-47c6-48e0-b7d1-f6fc504b8bbe,Woolworths Supermarket,Pantry,Twinings Camomile & Spearmint Tea Bags 10pk 15g,087275,$2.70,$0.27 / 1EA,https://www.woolworths.com.au/shop/productdetails/87275/twinings-camomile-spearmint-tea-bags,https://cdn0.woolworths.media/content/wowproductimages/medium/087275.jpg,2020-09-21 17:27:05,,0,,True
3f8acf87-4103-451e-ac15-2b53ea41cc56,Woolworths Supermarket,Pantry,Passage To India Veg Curry Bowl Cashew Korma With Rice 280g,087428,$5.50,$1.96 / 100G,https://www.woolworths.com.au/shop/productdetails/87428/passage-to-india-veg-curry-bowl-cashew-korma-with-rice,https://cdn0.woolworths.media/content/wowproductimages/medium/087428.jpg,2020-09-21 17:27:05,,0,,True
171780f7-5a85-4ba2-8426-eb3ab97701f2,Woolworths Supermarket,Pantry,Chicken Tonight Pub Favourites Chicken Kiev Cooking Sauce 500g,087436,$2.50,$0.50 / 100G,https://www.woolworths.com.au/shop/productdetails/87436/chicken-tonight-pub-favourites-chicken-kiev-cooking-sauce,https://cdn0.woolworths.media/content/wowproductimages/medium/087436.jpg,2020-09-21 17:27:05,,0,Was $3.20 22/05/2018,True
b9f1e780-5a24-42e9-a09e-dd697944a1d1,Woolworths Supermarket,Pantry,Chang's Rice Vermicelli 250g,087453,$2.00,$0.80 / 100G,https://www.woolworths.com.au/shop/productdetails/87453/chang-s-rice-vermicelli,https://cdn0.woolworths.media/content/wowproductimages/medium/087453.jpg,2020-09-21 17:27:05,,0,,True
118c4fbc-b91b-4871-862c-1418cf8afc6f,Woolworths Supermarket,Pantry,Snickers Crisper Chocolate Bar 40g,087796,$1.50,$3.75 / 100G,https://www.woolworths.com.au/shop/productdetails/87796/snickers-crisper-chocolate-bar,https://cdn0.woolworths.media/content/wowproductimages/medium/087796.jpg,2020-09-21 17:27:05,,0,,True
77449233-27e8-43de-b1ad-d905084870d8,Woolworths Supermarket,Pantry,Sacla Cherry Tomato & Roasted Garlic Pasta Sauce 420g,087820,$4.40,$1.05 / 100G,https://www.woolworths.com.au/shop/productdetails/87820/sacla-cherry-tomato-roasted-garlic-pasta-sauce,https://cdn0.woolworths.media/content/wowproductimages/medium/087820.jpg,2020-09-21 17:27:05,,0,Was $5.19 24/01/2016,True
a774a9e7-6a9c-463f-a637-ee1368936366,Woolworths Supermarket,Pantry,Kellogg's Pop Tarts Frosted Chocotastic 8 pack,087845,$5.00,$1.30 / 100G,https://www.woolworths.com.au/shop/productdetails/87845/kellogg-s-pop-tarts-frosted-chocotastic,https://cdn0.woolworths.media/content/wowproductimages/medium/087845.jpg,2020-09-21 17:27:05,,0,,True
0a4f72f9-06a1-45cb-af84-4f67fc943c5c,Woolworths Supermarket,Pantry,Leggos Pesto Chilli & Garlic 190g,087846,$4.60,$2.42 / 100G,https://www.woolworths.com.au/shop/productdetails/87846/leggos-pesto-chilli-garlic,https://cdn0.woolworths.media/content/wowproductimages/medium/087846.jpg,2020-09-21 17:27:05,,0,,True
194f177e-5a98-4671-b46c-ae4146f66fd4,Woolworths Supermarket,Pantry,Leggos Pasta Bake Creamy Pesto Basil & Parmesan 500g,087847,$3.00,$0.60 / 100G,https://www.woolworths.com.au/shop/productdetails/87847/leggos-pasta-bake-creamy-pesto-basil-parmesan,https://cdn0.woolworths.media/content/wowproductimages/medium/087847.jpg,2020-09-21 17:27:05,,0,Was $3.79 10/10/16,True
964358d6-8cc2-4518-aa74-19e3644d9031,Woolworths Supermarket,Pantry,Cadbury Time Out 40g bar,087855,$1.00,$2.50 / 100G,https://www.woolworths.com.au/shop/productdetails/87855/cadbury-time-out,https://cdn0.woolworths.media/content/wowproductimages/medium/087855.jpg,2020-09-21 17:27:05,,0,,True
5589e380-4919-4791-89c3-0d089004ff05,Woolworths Supermarket,Pantry,Old El Paso Bulk Enchilada Kit 1.04kg,087865,$9.00,$0.87 / 100G,https://www.woolworths.com.au/shop/productdetails/87865/old-el-paso-bulk-enchilada-kit,https://cdn0.woolworths.media/content/wowproductimages/medium/087865.jpg,2020-09-21 17:27:05,,0,,True
31a0c0f4-9610-46c0-a1b2-cfdd89c39d64,Woolworths Supermarket,Pantry,Sunrice Brown Rice Chips Sea Salt 150g,087868,$5.00,$3.33 / 100G,https://www.woolworths.com.au/shop/productdetails/87868/sunrice-brown-rice-chips-sea-salt,https://cdn0.woolworths.media/content/wowproductimages/medium/087868.jpg,2020-09-21 17:27:05,Average product rating out of 5: 2.3. Product score is based on 3 ratings,3,,True
0e02d679-b703-4ec0-ad5b-332a92a5a454,Woolworths Supermarket,Pantry,Chicken Tonight Pub Favourites Chicken Bbq Wings Cooking Sauce 500g,087902,$2.50,$0.50 / 100G,https://www.woolworths.com.au/shop/productdetails/87902/chicken-tonight-pub-favourites-chicken-bbq-wings-cooking-sauce,https://cdn0.woolworths.media/content/wowproductimages/medium/087902.jpg,2020-09-21 17:27:05,,0,Was $3.20 22/05/2018,True
cf18b33a-2204-4982-9054-4a445d2c5259,Woolworths Supermarket,Pantry,Chicken Tonight Pub Favourites Chicken Pot Pie Cooking Sauce 500g,087920,$2.50,$0.51 / 100G,https://www.woolworths.com.au/shop/productdetails/87920/chicken-tonight-pub-favourites-chicken-pot-pie-cooking-sauce,https://cdn0.woolworths.media/content/wowproductimages/medium/087920.jpg,2020-09-21 17:27:05,,0,Was $3.20 22/05/2018,True
7174e1d2-15ce-45a1-b6a1-9701d3702020,Woolworths Supermarket,Pantry,Masterfoods Barbecue Sauce 500ml,099696,$2.50,$0.50 / 100ML,https://www.woolworths.com.au/shop/productdetails/99696/masterfoods-barbecue-sauce,https://cdn0.woolworths.media/content/wowproductimages/medium/099696.jpg,2020-09-21 17:27:05,,0,,True
757794b6-9bbb-4bd3-8121-e561a576af1d,Woolworths Supermarket,Pantry,Doritos Share Pack Cheese Supreme 170g,826731,$2.75,$1.62 / 100G,https://www.woolworths.com.au/shop/productdetails/826731/doritos-share-pack-cheese-supreme,https://cdn0.woolworths.media/content/wowproductimages/medium/826731.jpg,2020-09-21 17:27:05,,0,,True
a27e046b-80ee-4021-a92d-a8ac7691fa14,Woolworths Supermarket,Pantry,Arnott's Shortbread 250g,008838,$2.50,$1.00 / 100G,https://www.woolworths.com.au/shop/productdetails/8838/arnott-s-shortbread,https://cdn0.woolworths.media/content/wowproductimages/medium/008838.jpg,2020-09-21 17:27:05,,0,,True
9c9b4a82-b577-4ed1-9e60-7f44b4acf117,Woolworths Supermarket,Pantry,Twisties Cheese Chips 90g,081659,$2.00,$2.22 / 100G,https://www.woolworths.com.au/shop/productdetails/81659/twisties-cheese-chips,https://cdn0.woolworths.media/content/wowproductimages/medium/081659.jpg,2020-09-21 17:27:05,,0,,True
12f235bb-9e78-4f6a-8733-aadef324a070,Woolworths Supermarket,Pantry,Bertolli Extra Virgin Olive Oil Originale 750ml,502951,$6.50,$0.87 / 100ML,https://www.woolworths.com.au/shop/productdetails/502951/bertolli-extra-virgin-olive-oil-originale,https://cdn0.woolworths.media/content/wowproductimages/medium/502951.jpg,2020-09-21 17:27:05,,0,,True
6725e043-984c-40eb-b7c4-efc1afe3cc9f,Woolworths Supermarket,Pantry,Valcom Canned Bamboo Shoots Sliced 225g,097730,$1.10,$4.89 / 1KG,https://www.woolworths.com.au/shop/productdetails/97730/valcom-canned-bamboo-shoots-sliced,https://cdn0.woolworths.media/content/wowproductimages/medium/097730.jpg,2020-09-21 17:27:05,,0,,True
29f8156d-06f2-4b2f-9074-9a207d929e2e,Woolworths Supermarket,Pantry,Kellogg's Nutri-grain Protein Breakfast Cereal 290g,701706,$4.95,$1.71 / 100G,https://www.woolworths.com.au/shop/productdetails/701706/kellogg-s-nutri-grain-protein-breakfast-cereal,https://cdn0.woolworths.media/content/wowproductimages/medium/701706.jpg,2020-09-21 17:27:05,,0,,True
72bea522-ccbd-4b5f-842b-a109610fc4cc,Woolworths Supermarket,Pantry,Arnott's Malt O' Milk 250g,036036,$2.50,$1.00 / 100G,https://www.woolworths.com.au/shop/productdetails/36036/arnott-s-malt-o-milk,https://cdn0.woolworths.media/content/wowproductimages/medium/036036.jpg,2020-09-21 17:27:05,,0,,True
586e02a5-5486-4bd2-be4d-5bb2249ff717,Woolworths Supermarket,Pantry,Smith's Share Pack Crinkle Cut Salt & Vinegar 170g,826738,$2.75,$1.62 / 100G,https://www.woolworths.com.au/shop/productdetails/826738/smith-s-share-pack-crinkle-cut-salt-vinegar,https://cdn0.woolworths.media/content/wowproductimages/medium/826738.jpg,2020-09-21 17:27:05,,0,,True
36da733d-558f-492d-b2ff-c32779f95053,Woolworths Supermarket,Pantry,Arnott's Snack Right Sultana 250g,182697,$3.00,$1.20 / 100G,https://www.woolworths.com.au/shop/productdetails/182697/arnott-s-snack-right-sultana,https://cdn0.woolworths.media/content/wowproductimages/medium/182697.jpg,2020-09-21 17:27:05,,0,Was $4.20 11/02/2019,True
c386d2e0-08e5-4ca9-9b99-22374cc9dd88,Woolworths Supermarket,Pantry,Toblerone Milk Chocolate Bar 50g,047011,$1.00,$2.00 / 100G,https://www.woolworths.com.au/shop/productdetails/47011/toblerone-milk-chocolate-bar,https://cdn0.woolworths.media/content/wowproductimages/medium/047011.jpg,2020-09-21 17:27:05,,0,,True
a2250a0b-353c-471f-80ed-0cbda58e1af9,Woolworths Supermarket,Pantry,Kooka's Country Cookies Lemon 200g,347837,$2.00,$1.00 / 100G,https://www.woolworths.com.au/shop/productdetails/347837/kooka-s-country-cookies-lemon,https://cdn0.woolworths.media/content/wowproductimages/medium/347837.jpg,2020-09-21 17:27:05,,0,,True
6b79a919-64af-4eaf-81d2-ffbaa725db03,Woolworths Supermarket,Pantry,Uncle Tobys Roll-ups Strawberry Fun Prints 6 pack,324231,$4.00,$4.26 / 100G,https://www.woolworths.com.au/shop/productdetails/324231/uncle-tobys-roll-ups-strawberry-fun-prints,https://cdn0.woolworths.media/content/wowproductimages/medium/324231.jpg,2020-09-21 17:27:05,,0,,True
b1cdbcb5-8d7d-479c-85a9-f1829ef562d3,Woolworths Supermarket,Pantry,Woolworths Corn Sweet Kernels 420g,218926,$1.00,$2.38 / 1KG,https://www.woolworths.com.au/shop/productdetails/218926/woolworths-corn-sweet-kernels,https://cdn0.woolworths.media/content/wowproductimages/medium/218926.jpg,2020-09-21 17:27:05,Average product rating out of 5: 4.1. Product score is based on 215 ratings,215,,True
c5406752-a7ff-421f-ac83-b046181ffae3,Woolworths Supermarket,Pantry,Moccona Freeze Dried Instant Coffee Classic Medium Roast 400g,208575,$24.00,$6.00 / 100G,https://www.woolworths.com.au/shop/productdetails/208575/moccona-freeze-dried-instant-coffee-classic-medium-roast,https://cdn0.woolworths.media/content/wowproductimages/medium/208575.jpg,2020-09-21 17:27:05,,0,,True
8be3b0b2-ea58-4d13-85c7-4f2bf8d3afdd,Woolworths Supermarket,Pantry,Macro Organic Quinoa Tri Colour 500g,717631,$7.00,$1.40 / 100G,https://www.woolworths.com.au/shop/productdetails/717631/macro-organic-quinoa-tri-colour,https://cdn0.woolworths.media/content/wowproductimages/medium/717631.jpg,2020-09-21 17:27:05,Average product rating out of 5: 4.6. Product score is based on 274 ratings,274,Was $9.99 09/01/2017,True
7457aaf2-8fc2-4c60-90ac-55b920109f42,Woolworths Supermarket,Pantry,Arnott's Shapes Cheddar 175g,384244,$2.50,$1.43 / 100G,https://www.woolworths.com.au/shop/productdetails/384244/arnott-s-shapes-cheddar,https://cdn0.woolworths.media/content/wowproductimages/medium/384244.jpg,2020-09-21 17:27:05,,0,,True
49c20adf-4e5f-472f-b4ff-9d3343c5f728,Woolworths Supermarket,Pantry,Uncle Ben's Microwave Mexican Style Brown Rice 250g,727257,$3.00,$1.20 / 100G,https://www.woolworths.com.au/shop/productdetails/727257/uncle-ben-s-microwave-mexican-style-brown-rice,https://cdn0.woolworths.media/content/wowproductimages/medium/727257.jpg,2020-09-21 17:27:05,,0,,True
6c10d3fe-7e27-4b65-8e2b-62736c6374ef,Woolworths Supermarket,Pantry,Pringles Sour Cream And Onion Chips 134g,479502,$2.50,$1.87 / 100G,https://www.woolworths.com.au/shop/productdetails/479502/pringles-sour-cream-and-onion-chips,https://cdn0.woolworths.media/content/wowproductimages/medium/479502.jpg,2020-09-21 17:27:05,,0,,True
6d1bf0e2-94b5-4153-a3aa-cd3c7fe2ce40,Woolworths Supermarket,Pantry,Continental Recipe Base Creamy Chicken Curry 30g,087997,$1.60,$5.33 / 100G,https://www.woolworths.com.au/shop/productdetails/87997/continental-recipe-base-creamy-chicken-curry,https://cdn0.woolworths.media/content/wowproductimages/medium/087997.jpg,2020-09-21 17:27:05,,0,2 for $3.00,True
93d36816-1f6a-43d9-a3c2-02a101de4b28,Woolworths Supermarket,Pantry,Barilla Spaghetti Spaghettini Pasta No 3 500g,088057,$1.70,$0.34 / 100G,https://www.woolworths.com.au/shop/productdetails/88057/barilla-spaghetti-spaghettini-pasta-no-3,https://cdn0.woolworths.media/content/wowproductimages/medium/088057.jpg,2020-09-21 17:27:05,,0,,True
40fcbfc5-a597-4119-95e9-56692085424d,Woolworths Supermarket,Pantry,Sacla Basil Pesto 190g,088125,$3.80,$2.00 / 100G,https://www.woolworths.com.au/shop/productdetails/88125/sacla-basil-pesto,https://cdn0.woolworths.media/content/wowproductimages/medium/088125.jpg,2020-09-21 17:27:05,,0,,True
823df377-dec0-4ad9-9ca5-3d54e4cb0971,Woolworths Supermarket,Pantry,Sunrice Brown Rice Chips Wild Rice 150g,088167,$5.00,$3.33 / 100G,https://www.woolworths.com.au/shop/productdetails/88167/sunrice-brown-rice-chips-wild-rice,https://cdn0.woolworths.media/content/wowproductimages/medium/088167.jpg,2020-09-21 17:27:05,Average product rating out of 5: 4.7. Product score is based on 3 ratings,3,,True
40ffba5c-2e4e-4d91-b342-a18d0f0064ec,Woolworths Supermarket,Pantry,Old El Paso Nachos Spice Mix Mild 35g,088192,$2.00,$5.71 / 100G,https://www.woolworths.com.au/shop/productdetails/88192/old-el-paso-nachos-spice-mix-mild,https://cdn0.woolworths.media/content/wowproductimages/medium/088192.jpg,2020-09-21 17:27:05,,0,,True
75c5c762-34fb-46b4-80d3-5297573f55a3,Woolworths Supermarket,Pantry,Passage To India Veg Curry Bowl Tadka Lentil Dal With Rice 280g,088198,$5.50,$1.96 / 100G,https://www.woolworths.com.au/shop/productdetails/88198/passage-to-india-veg-curry-bowl-tadka-lentil-dal-with-rice,https://cdn0.woolworths.media/content/wowproductimages/medium/088198.jpg,2020-09-21 17:27:05,,0,,True
23cdbf95-acb0-492e-87db-c535076f5837,Woolworths Supermarket,Pantry,Leggos Tomato Paste Organic Concentrate 2 pack,088203,$3.30,$1.18 / 100G,https://www.woolworths.com.au/shop/productdetails/88203/leggos-tomato-paste-organic-concentrate,https://cdn0.woolworths.media/content/wowproductimages/medium/088203.jpg,2020-09-21 17:27:05,,0,,True
84303459-ebab-493d-925b-283d78d954a1,Woolworths Supermarket,Pantry,Continental Recipe Base Curried Sausages 35g,088307,$1.60,$4.57 / 100G,https://www.woolworths.com.au/shop/productdetails/88307/continental-recipe-base-curried-sausages,https://cdn0.woolworths.media/content/wowproductimages/medium/088307.jpg,2020-09-21 17:27:05,,0,2 for $3.00,True
e97eb6b5-987f-4c47-a5b7-25611a118328,Woolworths Supermarket,Pantry,Sacla Whole Cherry Tomato Parmesan Pasta Sauce 420g,088313,$4.40,$1.05 / 100G,https://www.woolworths.com.au/shop/productdetails/88313/sacla-whole-cherry-tomato-parmesan-pasta-sauce,https://cdn0.woolworths.media/content/wowproductimages/medium/088313.jpg,2020-09-21 17:27:05,,0,Was $5.19 24/01/2016,True
ced26e64-819f-4c2c-a01c-d7adac475d71,Woolworths Supermarket,Pantry,Leggos Organic Tomato Paste Concentrate 500g,088323,$5.00,$1.00 / 100G,https://www.woolworths.com.au/shop/productdetails/88323/leggos-organic-tomato-paste-concentrate,https://cdn0.woolworths.media/content/wowproductimages/medium/088323.jpg,2020-09-21 17:27:05,,0,,True
22e8514a-4b12-4c55-90c7-12a8ed4dda79,Woolworths Supermarket,Pantry,Old El Paso Fiery Soft Taco Kit Hot 405g,088332,$6.50,$1.60 / 100G,https://www.woolworths.com.au/shop/productdetails/88332/old-el-paso-fiery-soft-taco-kit-hot,https://cdn0.woolworths.media/content/wowproductimages/medium/088332.jpg,2020-09-21 17:27:05,,0,,True
aa76e058-7460-43a2-8270-069fc322ac28,Woolworths Supermarket,Pantry,The Sauce By Manu Red Wine 150g,088355,$5.00,$3.33 / 100G,https://www.woolworths.com.au/shop/productdetails/88355/the-sauce-by-manu-red-wine,https://cdn0.woolworths.media/content/wowproductimages/medium/088355.jpg,2020-09-21 17:27:05,,0,,True
a17add13-d138-4a43-b9da-d92058f89bcd,Woolworths Supermarket,Pantry,Sacla Tomato Pesto 190g,088376,$3.80,$2.00 / 100G,https://www.woolworths.com.au/shop/productdetails/88376/sacla-tomato-pesto,https://cdn0.woolworths.media/content/wowproductimages/medium/088376.jpg,2020-09-21 17:27:05,,0,,True
6040e4de-2df0-4b61-8f7f-10c5c86f7beb,Woolworths Supermarket,Pantry,Barilla Rigatoni Pasta No 89 500g,088382,$1.70,$0.34 / 100G,https://www.woolworths.com.au/shop/productdetails/88382/barilla-rigatoni-pasta-no-89,https://cdn0.woolworths.media/content/wowproductimages/medium/088382.jpg,2020-09-21 17:27:05,,0,,True
8db84094-b91c-493b-9695-82c43e0206f3,Woolworths Supermarket,Pantry,Passage To India Veg Curry Bowl Butter Masala With Rice 280g,088583,$5.50,$1.96 / 100G,https://www.woolworths.com.au/shop/productdetails/88583/passage-to-india-veg-curry-bowl-butter-masala-with-rice,https://cdn0.woolworths.media/content/wowproductimages/medium/088583.jpg,2020-09-21 17:27:05,,0,,True
ae705437-cfb0-4d2c-b301-60b17acbb0a5,Woolworths Supermarket,Pantry,Sunrice Brown Rice Chips Smokehouse Bbq & Paprika 150g,088663,$5.00,$3.33 / 100G,https://www.woolworths.com.au/shop/productdetails/88663/sunrice-brown-rice-chips-smokehouse-bbq-paprika,https://cdn0.woolworths.media/content/wowproductimages/medium/088663.jpg,2020-09-21 17:27:05,Average product rating out of 5: 5.0. Product score is based on 1 ratings,1,,True
3db81e18-6bc0-42bc-8f87-85cb7c4de4b0,Woolworths Supermarket,Pantry,Simson's Pantry Authentic Naan Dippers 5 pack,088757,$3.70,$1.64 / 100G,https://www.woolworths.com.au/shop/productdetails/88757/simson-s-pantry-authentic-naan-dippers,https://cdn0.woolworths.media/content/wowproductimages/medium/088757.jpg,2020-09-21 17:27:05,,0,,True
097ade39-4af3-40d6-b040-225b701a68b8,Woolworths Supermarket,Pantry,Woolworths Chocolate Cream Biscuit 140g,088990,$0.70,$0.50 / 100G,https://www.woolworths.com.au/shop/productdetails/88990/woolworths-chocolate-cream-biscuit,https://cdn0.woolworths.media/content/wowproductimages/medium/088990.jpg,2020-09-21 17:27:05,,0,,True
1f3f9bf0-a310-4b38-8b86-6c1285906328,Woolworths Supermarket,Pantry,Woolworths Custard Cream Biscuit 140g,088991,$0.70,$0.50 / 100G,https://www.woolworths.com.au/shop/productdetails/88991/woolworths-custard-cream-biscuit,https://cdn0.woolworths.media/content/wowproductimages/medium/088991.jpg,2020-09-21 17:27:05,,0,,True
06add001-55f5-443e-8340-8cf490d8a5b9,Woolworths Supermarket,Pantry,Woolworths Coconut Cream Biscuit 140g,089012,$0.70,$0.50 / 100G,https://www.woolworths.com.au/shop/productdetails/89012/woolworths-coconut-cream-biscuit,https://cdn0.woolworths.media/content/wowproductimages/medium/089012.jpg,2020-09-21 17:27:05,,0,,True
77d4f7b2-60b5-42e9-8f4f-48b0dd312380,Woolworths Supermarket,Pantry,Masterfoods San Choy Bow Recipe Base 175g,089101,$2.20,$1.26 / 100G,https://www.woolworths.com.au/shop/productdetails/89101/masterfoods-san-choy-bow-recipe-base,https://cdn0.woolworths.media/content/wowproductimages/medium/089101.jpg,2020-09-21 17:27:05,,0,3 for $6.00,True
1b7acd9d-80dd-4f80-a4cc-b220e4e8693a,Woolworths Supermarket,Pantry,Cloverdale Tasty & Sweet Pure Honey 375g,089159,$4.50,$1.20 / 100G,https://www.woolworths.com.au/shop/productdetails/89159/cloverdale-tasty-sweet-pure-honey,https://cdn0.woolworths.media/content/wowproductimages/medium/089159.jpg,2020-09-21 17:27:05,,0,,True
354fa32c-35d9-427c-82f1-feecaba3e589,Woolworths Supermarket,Pantry,Cloverdale Tasty & Sweet Pure Honey 400g,089160,$4.80,$1.20 / 100G,https://www.woolworths.com.au/shop/productdetails/89160/cloverdale-tasty-sweet-pure-honey,https://cdn0.woolworths.media/content/wowproductimages/medium/089160.jpg,2020-09-21 17:27:05,,0,,True
27e7cd8d-ec91-4631-b380-52e78885e950,Woolworths Supermarket,Pantry,Cloverdale Tasty & Sweet Pure Honey 1kg,089161,$10.00,$1.00 / 100G,https://www.woolworths.com.au/shop/productdetails/89161/cloverdale-tasty-sweet-pure-honey,https://cdn0.woolworths.media/content/wowproductimages/medium/089161.jpg,2020-09-21 17:27:05,,0,,True
320babd6-76ab-4b97-b4ee-8059c888583a,Woolworths Supermarket,Pantry,Arnott's Shapes Chicken Crimpy 175g,384245,$2.50,$1.43 / 100G,https://www.woolworths.com.au/shop/productdetails/384245/arnott-s-shapes-chicken-crimpy,https://cdn0.woolworths.media/content/wowproductimages/medium/384245.jpg,2020-09-21 17:27:05,,0,,True
6a66bc33-a249-4046-b4a4-24898b9deb04,Woolworths Supermarket,Pantry,Sunbites Grain Waves Sour Cream & Chives 170g,082361,$3.50,$2.06 / 100G,https://www.woolworths.com.au/shop/productdetails/82361/sunbites-grain-waves-sour-cream-chives,https://cdn0.woolworths.media/content/wowproductimages/medium/082361.jpg,2020-09-21 17:27:05,,0,,True
21fade40-2eb4-4206-9523-55d0e0fba07a,Woolworths Supermarket,Pantry,Indomie Mi Goreng Instant Noodles 5pk 425g,177972,$2.75,$0.65 / 100G,https://www.woolworths.com.au/shop/productdetails/177972/indomie-mi-goreng-instant-noodles,https://cdn0.woolworths.media/content/wowproductimages/medium/177972.jpg,2020-09-21 17:27:05,,0,,True
a6d8a49c-c507-41be-b3ca-dbd51dfc357e,Woolworths Supermarket,Pantry,Heinz Canned Soup Big Red Tomato 420g,034331,$2.20,$0.52 / 100G,https://www.woolworths.com.au/shop/productdetails/34331/heinz-canned-soup-big-red-tomato,https://cdn0.woolworths.media/content/wowproductimages/medium/034331.jpg,2020-09-21 17:27:05,,0,,True
9fa4196f-7833-4fc0-8d78-44c9ff5556e1,Woolworths Supermarket,Pantry,Fantastic Rice Crackers Original 100g,035231,$1.50,$1.50 / 100G,https://www.woolworths.com.au/shop/productdetails/35231/fantastic-rice-crackers-original,https://cdn0.woolworths.media/content/wowproductimages/medium/035231.jpg,2020-09-21 17:27:05,,0,,True
9c18f678-9682-4ace-93c8-b6e99b68f357,Woolworths Supermarket,Pantry,Mckenzie's Himalayan Salt Rock Pink 400g,749926,$5.95,$0.15 / 10G,https://www.woolworths.com.au/shop/productdetails/749926/mckenzie-s-himalayan-salt-rock-pink,https://cdn0.woolworths.media/content/wowproductimages/medium/749926.jpg,2020-09-21 17:27:05,,0,,True
c786b1e0-62fd-4982-b1fe-e4d3b7c7e1fb,Woolworths Supermarket,Pantry,Masterfoods Barbecue Sauce 500ml,099696,$2.50,$0.50 / 100ML,https://www.woolworths.com.au/shop/productdetails/99696/masterfoods-barbecue-sauce,https://cdn0.woolworths.media/content/wowproductimages/medium/099696.jpg,2020-09-21 17:27:05,,0,,True
66450a1c-cb73-45b5-9a61-6ce5240c32b6,Woolworths Supermarket,Pantry,Ritz Crackers Original 300g,660562,$2.50,$0.83 / 100G,https://www.woolworths.com.au/shop/productdetails/660562/ritz-crackers-original,https://cdn0.woolworths.media/content/wowproductimages/medium/660562.jpg,2020-09-21 17:27:05,,0,,True
8bff1f64-e22c-4a6a-9d00-12e8d19308e5,Woolworths Supermarket,Pantry,Cadbury Fry's Turkish Delight 55g bar,098390,$1.00,$1.82 / 100G,https://www.woolworths.com.au/shop/productdetails/98390/cadbury-fry-s-turkish-delight,https://cdn0.woolworths.media/content/wowproductimages/medium/098390.jpg,2020-09-21 17:27:05,,0,,True
6d984b2f-fa82-4e92-92aa-00e9f4643cc4,Woolworths Supermarket,Pantry,Mckenzie's Rice Flour 375g,094275,$1.50,$4.00 / 1KG,https://www.woolworths.com.au/shop/productdetails/94275/mckenzie-s-rice-flour,https://cdn0.woolworths.media/content/wowproductimages/medium/094275.jpg,2020-09-21 17:27:05,,0,,True
2c1a2920-b37d-457f-b7ac-56dcb16d477c,Woolworths Supermarket,Pantry,Woolworths Diced Italian Tomatoes No Added Salt 400g,770320,$0.80,$2.00 / 1KG,https://www.woolworths.com.au/shop/productdetails/770320/woolworths-diced-italian-tomatoes-no-added-salt,https://cdn0.woolworths.media/content/wowproductimages/medium/770320.jpg,2020-09-21 17:27:05,Average product rating out of 5: 4.7. Product score is based on 311 ratings,311,,True
ec484666-fa3e-45c4-a3be-4244b2b6a1d2,Woolworths Supermarket,Pantry,Woolworths Rolled Traditional Oats 750g,321220,$1.40,$0.19 / 100G,https://www.woolworths.com.au/shop/productdetails/321220/woolworths-rolled-traditional-oats,https://cdn0.woolworths.media/content/wowproductimages/medium/321220.jpg,2020-09-21 17:27:05,Average product rating out of 5: 4.6. Product score is based on 748 ratings,748,,True
a3cf407d-fd77-41f7-8460-802bc74d4887,Woolworths Supermarket,Pantry,Macro Organic Quinoa Tri Colour 500g,717631,$7.00,$1.40 / 100G,https://www.woolworths.com.au/shop/productdetails/717631/macro-organic-quinoa-tri-colour,https://cdn0.woolworths.media/content/wowproductimages/medium/717631.jpg,2020-09-21 17:27:05,Average product rating out of 5: 4.6. Product score is based on 274 ratings,274,Was $9.99 09/01/2017,True
2632fd01-4458-4622-bfc8-31d3af3e98fb,Woolworths Supermarket,Pantry,Essentials Pasta Penne 500g,188800,$0.80,$0.16 / 100G,https://www.woolworths.com.au/shop/productdetails/188800/essentials-pasta-penne,https://cdn0.woolworths.media/content/wowproductimages/medium/188800.jpg,2020-09-21 17:27:05,,0,,True
e9be09bb-7576-4271-a613-bf13e730e853,Woolworths Supermarket,Pantry,Ardmona Tomatoes Diced No Added Salt 400g,226849,$1.40,$3.50 / 1KG,https://www.woolworths.com.au/shop/productdetails/226849/ardmona-tomatoes-diced-no-added-salt,https://cdn0.woolworths.media/content/wowproductimages/medium/226849.jpg,2020-09-21 17:27:05,,0,,True
35f78fce-4a17-43d7-bbc8-b846210a09fb,Woolworths Supermarket,Pantry,Continental Cup A Soup Creamy Chicken With Lots Of Noodles 2 pack,026649,$2.00,$3.33 / 100G,https://www.woolworths.com.au/shop/productdetails/26649/continental-cup-a-soup-creamy-chicken-with-lots-of-noodles,https://cdn0.woolworths.media/content/wowproductimages/medium/026649.jpg,2020-09-21 17:27:05,,0,,True
ee916dec-f64b-42ad-b9e0-660953f356df,Woolworths Supermarket,Pantry,Essentials Raw Sugar 2kg,018174,$2.10,$0.11 / 100G,https://www.woolworths.com.au/shop/productdetails/18174/essentials-raw-sugar,https://cdn0.woolworths.media/content/wowproductimages/medium/018174.jpg,2020-09-21 17:27:05,,0,,True
b4a11098-ad09-4d57-aa24-1cbf903b6e04,Woolworths Supermarket,Pantry,Cadbury Dairy Milk Chocolate Fair Trade 350g,757883,$5.00,$1.43 / 100G,https://www.woolworths.com.au/shop/productdetails/757883/cadbury-dairy-milk-chocolate-fair-trade,https://cdn0.woolworths.media/content/wowproductimages/medium/757883.jpg,2020-09-21 17:27:05,,0,Was $6.30 16/01/2017,True
56313ed7-519d-43be-bf22-133c0f4d60d6,Woolworths Supermarket,Pantry,Arnott's Monte Carlo 250g,036031,$3.00,$1.20 / 100G,https://www.woolworths.com.au/shop/productdetails/36031/arnott-s-monte-carlo,https://cdn0.woolworths.media/content/wowproductimages/medium/036031.jpg,2020-09-21 17:27:05,,0,,True
9f2932f9-9769-475e-9b2d-e5683066843d,Woolworths Supermarket,Pantry,Sunbites Grain Waves Sour Cream & Chives 5 pack,720220,$3.10,$2.82 / 100G,https://www.woolworths.com.au/shop/productdetails/720220/sunbites-grain-waves-sour-cream-chives,https://cdn0.woolworths.media/content/wowproductimages/medium/720220.jpg,2020-09-21 17:27:05,,0,2 for $5.00,True
208dca12-5c12-49e3-b6b5-abe81e0654a2,Woolworths Supermarket,Pantry,Dolmio Hidden Veg Tomato Pasta Sauce 500g,089173,$2.90,$0.58 / 100G,https://www.woolworths.com.au/shop/productdetails/89173/dolmio-hidden-veg-tomato-pasta-sauce,https://cdn0.woolworths.media/content/wowproductimages/medium/089173.jpg,2020-09-21 17:27:05,,0,,True
f8ec9df5-ef8d-4af6-8f13-b54a766f8006,Woolworths Supermarket,Pantry,Masterfoods Saffron 0.5g,089482,$7.10,$142.00 / 10G,https://www.woolworths.com.au/shop/productdetails/89482/masterfoods-saffron,https://cdn0.woolworths.media/content/wowproductimages/medium/089482.jpg,2020-09-21 17:27:05,,0,,True
12d545a1-2643-4a04-9dc5-958e9a1fb639,Woolworths Supermarket,Pantry,Three Threes Olives Stuffed 500g,089565,$3.90,$7.80 / 1KG,https://www.woolworths.com.au/shop/productdetails/89565/three-threes-olives-stuffed,https://cdn0.woolworths.media/content/wowproductimages/medium/089565.jpg,2020-09-21 17:27:05,,0,,True
fa5bb07a-db80-4326-91b4-240bccff00ca,Woolworths Supermarket,Pantry,Darrell Lea Bear Hug Milk Chocolate Block 160g,089610,$3.00,$1.88 / 100G,https://www.woolworths.com.au/shop/productdetails/89610/darrell-lea-bear-hug-milk-chocolate-block,https://cdn0.woolworths.media/content/wowproductimages/medium/089610.jpg,2020-09-21 17:27:05,,0,,True
7849ab6b-3d3f-4130-97e8-6f631910844a,Woolworths Supermarket,Pantry,Macro Raisins 400g,089730,$5.00,$12.50 / 1KG,https://www.woolworths.com.au/shop/productdetails/89730/macro-raisins,https://cdn0.woolworths.media/content/wowproductimages/medium/089730.jpg,2020-09-21 17:27:05,,0,,True
ee6ce041-599b-4a52-9dc6-dd67da81d990,Woolworths Supermarket,Pantry,Macro Raisins 1kg,089731,$11.00,$11.00 / 1KG,https://www.woolworths.com.au/shop/productdetails/89731/macro-raisins,https://cdn0.woolworths.media/content/wowproductimages/medium/089731.jpg,2020-09-21 17:27:05,,0,,True
102bc2bd-0ec6-41ec-8a08-d7b981991e7d,Woolworths Supermarket,Pantry,Macro Seed Mix With Pepitas & Sunflower Seeds 250g,089756,$4.50,$18.00 / 1KG,https://www.woolworths.com.au/shop/productdetails/89756/macro-seed-mix-with-pepitas-sunflower-seeds,https://cdn0.woolworths.media/content/wowproductimages/medium/089756.jpg,2020-09-21 17:27:05,,0,,True
1656f9ed-7e7a-4c4f-ae77-850e2adbc3c1,Woolworths Supermarket,Pantry,Macro Natural Seed Mix With Pine Nuts 250g,089757,$5.50,$22.00 / 1KG,https://www.woolworths.com.au/shop/productdetails/89757/macro-natural-seed-mix-with-pine-nuts,https://cdn0.woolworths.media/content/wowproductimages/medium/089757.jpg,2020-09-21 17:27:05,,0,,True
a09f765f-e17a-435a-952d-3c5bf25f1d69,Woolworths Supermarket,Pantry,Woolworths Walnuts Pieces 250g,089758,$6.30,$25.20 / 1KG,https://www.woolworths.com.au/shop/productdetails/89758/woolworths-walnuts-pieces,https://cdn0.woolworths.media/content/wowproductimages/medium/089758.jpg,2020-09-21 17:27:05,,0,,True
dd9da0e6-f1da-4d4e-85a7-bce1819502c4,Woolworths Supermarket,Pantry,Macro Currants 400g,089759,$6.00,$15.00 / 1KG,https://www.woolworths.com.au/shop/productdetails/89759/macro-currants,https://cdn0.woolworths.media/content/wowproductimages/medium/089759.jpg,2020-09-21 17:27:05,,0,,True
388f0a5a-5eef-4cc0-ab76-a60bf73ce842,Woolworths Supermarket,Pantry,Woolworths Blanched Peanuts 375g,089762,$3.50,$9.33 / 1KG,https://www.woolworths.com.au/shop/productdetails/89762/woolworths-blanched-peanuts,https://cdn0.woolworths.media/content/wowproductimages/medium/089762.jpg,2020-09-21 17:27:05,,0,,True
fb5f5f58-4135-4cc4-95f8-9000c0ccea5a,Woolworths Supermarket,Pantry,Arnott's Tiny Teddy Biscuits Honey Chocolate Coated 200g,089971,$3.00,$1.50 / 100G,https://www.woolworths.com.au/shop/productdetails/89971/arnott-s-tiny-teddy-biscuits-honey-chocolate-coated,https://cdn0.woolworths.media/content/wowproductimages/medium/089971.jpg,2020-09-21 17:27:05,,0,,True
0110f913-9a8f-4a1c-bc41-13baec530f7e,Woolworths Supermarket,Pantry,Arnott's Tim Tam Classic Dark 200g,089972,$3.65,$1.83 / 100G,https://www.woolworths.com.au/shop/productdetails/89972/arnott-s-tim-tam-classic-dark,https://cdn0.woolworths.media/content/wowproductimages/medium/089972.jpg,2020-09-21 17:27:05,,0,,True
8290007c-11fb-4e24-891e-be5708c14811,Woolworths Supermarket,Pantry,Kikkoman Sushi & Sashimi Sauce Soy Sauce For Sashimi Sushi 250ml,089975,$4.20,$2.80 / 100ML,https://www.woolworths.com.au/shop/productdetails/89975/kikkoman-sushi-sashimi-sauce-soy-sauce-for-sashimi-sushi,https://cdn0.woolworths.media/content/wowproductimages/medium/089975.jpg,2020-09-21 17:27:05,,0,,True
b6cd75c0-1246-4ddb-8fed-1fd82565e575,Woolworths Supermarket,Pantry,Darrell Lea Traditional Milk Chocolate Block 170g,090066,$3.00,$1.76 / 100G,https://www.woolworths.com.au/shop/productdetails/90066/darrell-lea-traditional-milk-chocolate-block,https://cdn0.woolworths.media/content/wowproductimages/medium/090066.jpg,2020-09-21 17:27:05,,0,,True
01f0f2fd-754f-45c3-99a8-1b791e11acf8,Woolworths Supermarket,Pantry,Edgell Corn Kernels No Added Salt 420g,090132,$1.50,$3.57 / 1KG,https://www.woolworths.com.au/shop/productdetails/90132/edgell-corn-kernels-no-added-salt,https://cdn0.woolworths.media/content/wowproductimages/medium/090132.jpg,2020-09-21 17:27:05,,0,Was $1.80 14/05/2018,True
62d112fc-0689-4f3b-962a-bdb819f09a25,Woolworths Supermarket,Pantry,Masterfoods Recipe Base Garlic Kebab 175g,090133,$2.20,$1.26 / 100G,https://www.woolworths.com.au/shop/productdetails/90133/masterfoods-recipe-base-garlic-kebab,https://cdn0.woolworths.media/content/wowproductimages/medium/090133.jpg,2020-09-21 17:27:05,,0,3 for $6.00,True
90e30bb1-f51f-4437-90eb-da2ab0891594,Woolworths Supermarket,Pantry,Darrell Lea Malted Milk Bar Milk Chocolate 160g,090167,$3.00,$1.88 / 100G,https://www.woolworths.com.au/shop/productdetails/90167/darrell-lea-malted-milk-bar-milk-chocolate,https://cdn0.woolworths.media/content/wowproductimages/medium/090167.jpg,2020-09-21 17:27:05,,0,,True
dcdd71b3-5b3f-4dd8-bf80-cf39ac59804d,Woolworths Supermarket,Pantry,Essentials Tomato Paste 170g,090260,$0.80,$0.47 / 100G,https://www.woolworths.com.au/shop/productdetails/90260/essentials-tomato-paste,https://cdn0.woolworths.media/content/wowproductimages/medium/090260.jpg,2020-09-21 17:27:05,,0,,True
a1375eaa-668b-4d4b-a3f9-cf03cf29f671,Woolworths Supermarket,Pantry,Ayam Satay Sauce 250ml,090316,$3.50,$1.40 / 100ML,https://www.woolworths.com.au/shop/productdetails/90316/ayam-satay-sauce,https://cdn0.woolworths.media/content/wowproductimages/medium/090316.jpg,2020-09-21 17:27:05,,0,,True
89fe5110-445a-4976-bec1-003a1476526d,Woolworths Supermarket,Pantry,Darrell Lea Dark Chocolate Block 170g,090346,$3.00,$1.76 / 100G,https://www.woolworths.com.au/shop/productdetails/90346/darrell-lea-dark-chocolate-block,https://cdn0.woolworths.media/content/wowproductimages/medium/090346.jpg,2020-09-21 17:27:05,,0,,True
a27fb3d7-df0e-4622-b0df-89acf2732d23,Woolworths Supermarket,Pantry,Ayam Oyster Sauce 420ml,090436,$4.50,$1.07 / 100ML,https://www.woolworths.com.au/shop/productdetails/90436/ayam-oyster-sauce,https://cdn0.woolworths.media/content/wowproductimages/medium/090436.jpg,2020-09-21 17:27:05,,0,,True
e805048a-f2b7-4a95-82a3-a697c494c3cf,Woolworths Supermarket,Pantry,Fletchers Gherkins Sweet Spiced 280g,090458,$2.20,$7.86 / 1KG,https://www.woolworths.com.au/shop/productdetails/90458/fletchers-gherkins-sweet-spiced,https://cdn0.woolworths.media/content/wowproductimages/medium/090458.jpg,2020-09-21 17:27:05,,0,,True
05452ec8-fb16-4da3-abb6-65987d8b9653,Woolworths Supermarket,Pantry,Patak's Ready To Eat Large Plain Pappadums 58g,090486,$4.00,$6.90 / 100G,https://www.woolworths.com.au/shop/productdetails/90486/patak-s-ready-to-eat-large-plain-pappadums,https://cdn0.woolworths.media/content/wowproductimages/medium/090486.jpg,2020-09-21 17:27:05,,0,,True
ace9b015-7b85-414c-b424-c6f4d188d9f8,Woolworths Supermarket,Pantry,Masterfoods Barbecue Sauce 500ml,099696,$2.50,$0.50 / 100ML,https://www.woolworths.com.au/shop/productdetails/99696/masterfoods-barbecue-sauce,https://cdn0.woolworths.media/content/wowproductimages/medium/099696.jpg,2020-09-21 17:27:05,,0,,True
5def4e34-136d-4927-bda1-7099f7f04125,Woolworths Supermarket,Pantry,Doritos Share Pack Cheese Supreme 170g,826731,$2.75,$1.62 / 100G,https://www.woolworths.com.au/shop/productdetails/826731/doritos-share-pack-cheese-supreme,https://cdn0.woolworths.media/content/wowproductimages/medium/826731.jpg,2020-09-21 17:27:05,,0,,True
8108d583-6a10-429c-96c4-b13895cc6390,Woolworths Supermarket,Pantry,Arnott's Shortbread 250g,008838,$2.50,$1.00 / 100G,https://www.woolworths.com.au/shop/productdetails/8838/arnott-s-shortbread,https://cdn0.woolworths.media/content/wowproductimages/medium/008838.jpg,2020-09-21 17:27:05,,0,,True
06506fa5-edb7-4dd4-9652-51203d55e519,Woolworths Supermarket,Pantry,Twisties Cheese Chips 90g,081659,$2.00,$2.22 / 100G,https://www.woolworths.com.au/shop/productdetails/81659/twisties-cheese-chips,https://cdn0.woolworths.media/content/wowproductimages/medium/081659.jpg,2020-09-21 17:27:05,,0,,True
84b0c6c1-538f-4277-a819-807d8b9c1467,Woolworths Supermarket,Pantry,Bertolli Extra Virgin Olive Oil Originale 750ml,502951,$6.50,$0.87 / 100ML,https://www.woolworths.com.au/shop/productdetails/502951/bertolli-extra-virgin-olive-oil-originale,https://cdn0.woolworths.media/content/wowproductimages/medium/502951.jpg,2020-09-21 17:27:05,,0,,True
9653b198-f8f9-446b-9fe2-024df0f25ead,Woolworths Supermarket,Pantry,Valcom Canned Bamboo Shoots Sliced 225g,097730,$1.10,$4.89 / 1KG,https://www.woolworths.com.au/shop/productdetails/97730/valcom-canned-bamboo-shoots-sliced,https://cdn0.woolworths.media/content/wowproductimages/medium/097730.jpg,2020-09-21 17:27:05,,0,,True
78aedbd8-3c34-4244-aac3-6eb487798624,Woolworths Supermarket,Pantry,Kellogg's Nutri-grain Protein Breakfast Cereal 290g,701706,$4.95,$1.71 / 100G,https://www.woolworths.com.au/shop/productdetails/701706/kellogg-s-nutri-grain-protein-breakfast-cereal,https://cdn0.woolworths.media/content/wowproductimages/medium/701706.jpg,2020-09-21 17:27:05,,0,,True
ecd2ef0f-d87f-4048-b7c0-a49e727ddd4d,Woolworths Supermarket,Pantry,Arnott's Malt O' Milk 250g,036036,$2.50,$1.00 / 100G,https://www.woolworths.com.au/shop/productdetails/36036/arnott-s-malt-o-milk,https://cdn0.woolworths.media/content/wowproductimages/medium/036036.jpg,2020-09-21 17:27:05,,0,,True
228fff81-783d-4da7-acfd-c95cf52f392f,Woolworths Supermarket,Pantry,Smith's Share Pack Crinkle Cut Salt & Vinegar 170g,826738,$2.75,$1.62 / 100G,https://www.woolworths.com.au/shop/productdetails/826738/smith-s-share-pack-crinkle-cut-salt-vinegar,https://cdn0.woolworths.media/content/wowproductimages/medium/826738.jpg,2020-09-21 17:27:05,,0,,True
fc719d0f-f8b8-4c72-bb88-3ede70a70522,Woolworths Supermarket,Pantry,Arnott's Snack Right Sultana 250g,182697,$3.00,$1.20 / 100G,https://www.woolworths.com.au/shop/productdetails/182697/arnott-s-snack-right-sultana,https://cdn0.woolworths.media/content/wowproductimages/medium/182697.jpg,2020-09-21 17:27:05,,0,Was $4.20 11/02/2019,True
1f458025-575d-4683-a783-d45920fc8b67,Woolworths Supermarket,Pantry,Toblerone Milk Chocolate Bar 50g,047011,$1.00,$2.00 / 100G,https://www.woolworths.com.au/shop/productdetails/47011/toblerone-milk-chocolate-bar,https://cdn0.woolworths.media/content/wowproductimages/medium/047011.jpg,2020-09-21 17:27:05,,0,,True
12b5f9c2-ca69-4616-bbc4-4cc67c67bc9c,Woolworths Supermarket,Pantry,Kooka's Country Cookies Lemon 200g,347837,$2.00,$1.00 / 100G,https://www.woolworths.com.au/shop/productdetails/347837/kooka-s-country-cookies-lemon,https://cdn0.woolworths.media/content/wowproductimages/medium/347837.jpg,2020-09-21 17:27:05,,0,,True
1f0cd891-316e-4778-9dd9-e0ea756a308e,Woolworths Supermarket,Pantry,Uncle Tobys Roll-ups Strawberry Fun Prints 6 pack,324231,$4.00,$4.26 / 100G,https://www.woolworths.com.au/shop/productdetails/324231/uncle-tobys-roll-ups-strawberry-fun-prints,https://cdn0.woolworths.media/content/wowproductimages/medium/324231.jpg,2020-09-21 17:27:05,,0,,True
4147b2b3-ebf3-4f05-866b-9d8092e44904,Woolworths Supermarket,Pantry,Woolworths Corn Sweet Kernels 420g,218926,$1.00,$2.38 / 1KG,https://www.woolworths.com.au/shop/productdetails/218926/woolworths-corn-sweet-kernels,https://cdn0.woolworths.media/content/wowproductimages/medium/218926.jpg,2020-09-21 17:27:05,Average product rating out of 5: 4.1. Product score is based on 215 ratings,215,,True
3bffb7b2-3532-4cde-ae06-d7517c402989,Woolworths Supermarket,Pantry,Moccona Freeze Dried Instant Coffee Classic Medium Roast 400g,208575,$24.00,$6.00 / 100G,https://www.woolworths.com.au/shop/productdetails/208575/moccona-freeze-dried-instant-coffee-classic-medium-roast,https://cdn0.woolworths.media/content/wowproductimages/medium/208575.jpg,2020-09-21 17:27:05,,0,,True
027639af-0da7-4040-aa73-0731fd087d93,Woolworths Supermarket,Pantry,Macro Organic Quinoa Tri Colour 500g,717631,$7.00,$1.40 / 100G,https://www.woolworths.com.au/shop/productdetails/717631/macro-organic-quinoa-tri-colour,https://cdn0.woolworths.media/content/wowproductimages/medium/717631.jpg,2020-09-21 17:27:05,Average product rating out of 5: 4.6. Product score is based on 274 ratings,274,Was $9.99 09/01/2017,True
7e9a1c4c-5d1e-4483-af36-331c2b5285e7,Woolworths Supermarket,Pantry,Arnott's Shapes Cheddar 175g,384244,$2.50,$1.43 / 100G,https://www.woolworths.com.au/shop/productdetails/384244/arnott-s-shapes-cheddar,https://cdn0.woolworths.media/content/wowproductimages/medium/384244.jpg,2020-09-21 17:27:05,,0,,True
1033890f-d045-4eeb-8145-ae7f4e7ecc17,Woolworths Supermarket,Pantry,Uncle Ben's Microwave Mexican Style Brown Rice 250g,727257,$3.00,$1.20 / 100G,https://www.woolworths.com.au/shop/productdetails/727257/uncle-ben-s-microwave-mexican-style-brown-rice,https://cdn0.woolworths.media/content/wowproductimages/medium/727257.jpg,2020-09-21 17:27:05,,0,,True
5a786944-a64f-42cf-a1bf-a32a5e041175,Woolworths Supermarket,Pantry,Pringles Sour Cream And Onion Chips 134g,479502,$2.50,$1.87 / 100G,https://www.woolworths.com.au/shop/productdetails/479502/pringles-sour-cream-and-onion-chips,https://cdn0.woolworths.media/content/wowproductimages/medium/479502.jpg,2020-09-21 17:27:05,,0,,True
f4286f8a-bb70-4df4-bfa3-97020b1d6232,Woolworths Supermarket,Pantry,Fletchers Gherkins Sweet Spiced 560g,090490,$4.00,$7.14 / 1KG,https://www.woolworths.com.au/shop/productdetails/90490/fletchers-gherkins-sweet-spiced,https://cdn0.woolworths.media/content/wowproductimages/medium/090490.jpg,2020-09-21 17:27:05,,0,,True
107d583c-9d98-42b4-9dc7-8160dd4d5593,Woolworths Supermarket,Pantry,Nong Shim Onion Rings Onion Rig 50g,090629,$2.00,$4.00 / 100G,https://www.woolworths.com.au/shop/productdetails/90629/nong-shim-onion-rings-onion-rig,https://cdn0.woolworths.media/content/wowproductimages/medium/090629.jpg,2020-09-21 17:27:05,,0,,True
2329724f-2c3b-463a-830c-85a0cf51cd65,Woolworths Supermarket,Pantry,Riviana Arborio Rice 1kg,090660,$3.80,$0.38 / 100G,https://www.woolworths.com.au/shop/productdetails/90660/riviana-arborio-rice,https://cdn0.woolworths.media/content/wowproductimages/medium/090660.jpg,2020-09-21 17:27:05,,0,,True
fb0b8f0e-f54b-495e-90bd-4e3d0fb13342,Woolworths Supermarket,Pantry,Mars Caramel Sundae Chocolate Bar 45.5g,090681,$1.50,$3.30 / 100G,https://www.woolworths.com.au/shop/productdetails/90681/mars-caramel-sundae-chocolate-bar,https://cdn0.woolworths.media/content/wowproductimages/medium/090681.jpg,2020-09-21 17:27:05,,0,,True
10760511-6ae8-47df-a594-8e7b250e05cf,Woolworths Supermarket,Pantry,Bushells Extra Strong Leaf Tea 250g,090832,$3.60,$1.44 / 100G,https://www.woolworths.com.au/shop/productdetails/90832/bushells-extra-strong-leaf-tea,https://cdn0.woolworths.media/content/wowproductimages/medium/090832.jpg,2020-09-21 17:27:05,,0,Was $4.49 13/08/2018,True
8edfda59-a6b7-4875-98b9-033c467c4552,Woolworths Supermarket,Pantry,L'or Espresso Colombia Andes Coffee Capsules 20 pack,090847,$11.00,$0.55 / 1EA,https://www.woolworths.com.au/shop/productdetails/90847/l-or-espresso-colombia-andes-coffee-capsules,https://cdn0.woolworths.media/content/wowproductimages/medium/090847.jpg,2020-09-21 17:27:05,,0,,True
ed951def-59d8-42fb-a77d-2d78baf2f891,Woolworths Supermarket,Pantry,Continental Naturally Tasty Chicken Chow Mein Recipe Base 47g,090860,$2.40,$5.11 / 100G,https://www.woolworths.com.au/shop/productdetails/90860/continental-naturally-tasty-chicken-chow-mein-recipe-base,https://cdn0.woolworths.media/content/wowproductimages/medium/090860.jpg,2020-09-21 17:27:05,,0,2 for $4.00,True
3d118cd7-9f9c-45e7-9e84-1d1b03b98b7c,Woolworths Supermarket,Pantry,L'or Espresso Onyx Coffee Capsules 40 pack,090979,$18.00,$0.45 / 1EA,https://www.woolworths.com.au/shop/productdetails/90979/l-or-espresso-onyx-coffee-capsules,https://cdn0.woolworths.media/content/wowproductimages/medium/090979.jpg,2020-09-21 17:27:05,,0,,True
3f75bbbf-26df-4085-b06b-5fdb2b7d34f6,Woolworths Supermarket,Pantry,Vetta Smart Fibre Spaghetti 500g,091105,$2.00,$0.40 / 100G,https://www.woolworths.com.au/shop/productdetails/91105/vetta-smart-fibre-spaghetti,https://cdn0.woolworths.media/content/wowproductimages/medium/091105.jpg,2020-09-21 17:27:05,,0,,True
bef1f0a8-74fa-4a7a-a2ee-bfe71a293afe,Woolworths Supermarket,Pantry,Chang's Crunchy Noodles Noodles 100g,091119,$1.40,$1.40 / 100G,https://www.woolworths.com.au/shop/productdetails/91119/chang-s-crunchy-noodles-noodles,https://cdn0.woolworths.media/content/wowproductimages/medium/091119.jpg,2020-09-21 17:27:05,,0,,True
481b9f72-f305-4675-858d-2b7c2f2251cf,Woolworths Supermarket,Pantry,Macro Natural Pine Nuts 150g,091124,$10.50,$70.00 / 1KG,https://www.woolworths.com.au/shop/productdetails/91124/macro-natural-pine-nuts,https://cdn0.woolworths.media/content/wowproductimages/medium/091124.jpg,2020-09-21 17:27:05,,0,,True
06c64397-7c28-49e0-9e93-573054556b60,Woolworths Supermarket,Pantry,Harris Coffee Ground Strong 1kg,091149,$15.00,$1.50 / 100G,https://www.woolworths.com.au/shop/productdetails/91149/harris-coffee-ground-strong,https://cdn0.woolworths.media/content/wowproductimages/medium/091149.jpg,2020-09-21 17:27:05,,0,,True
b7743009-8fb4-484e-b536-0732b56d7f4f,Woolworths Supermarket,Pantry,Cadbury Dairy Milk Freddo Strawberry Sharepack 12 pack,091151,$2.50,$1.39 / 100G,https://www.woolworths.com.au/shop/productdetails/91151/cadbury-dairy-milk-freddo-strawberry-sharepack,https://cdn0.woolworths.media/content/wowproductimages/medium/091151.jpg,2020-09-21 17:27:05,,0,,True
bae474c3-caac-4ee6-a51d-2f5355332b25,Woolworths Supermarket,Pantry,Harris Coffee Ground Organic 200g,091215,$8.50,$4.25 / 100G,https://www.woolworths.com.au/shop/productdetails/91215/harris-coffee-ground-organic,https://cdn0.woolworths.media/content/wowproductimages/medium/091215.jpg,2020-09-21 17:27:05,,0,,True
650cdcea-bd10-4927-a43e-bfe57d1fae11,Woolworths Supermarket,Pantry,Defiance White Baker's Flour 5kg,091304,$10.00,$2.00 / 1KG,https://www.woolworths.com.au/shop/productdetails/91304/defiance-white-baker-s-flour,https://cdn0.woolworths.media/content/wowproductimages/medium/091304.jpg,2020-09-21 17:27:05,,0,,True
4088462b-5408-4e7b-a81d-fdc53e49b60e,Woolworths Supermarket,Pantry,Cornwell's White Vinegar White 375ml,091367,$2.15,$0.57 / 100ML,https://www.woolworths.com.au/shop/productdetails/91367/cornwell-s-white-vinegar-white,https://cdn0.woolworths.media/content/wowproductimages/medium/091367.jpg,2020-09-21 17:27:05,,0,,True
479f319d-e3b6-409a-9bb1-1667ce20f456,Woolworths Supermarket,Pantry,Vittoria Family Cup Nespresso Compatible Coffee Capsules pack 10,091420,$6.00,$0.60 / 1EA,https://www.woolworths.com.au/shop/productdetails/91420/vittoria-family-cup-nespresso-compatible-coffee-capsules,https://cdn0.woolworths.media/content/wowproductimages/medium/091420.jpg,2020-09-21 17:27:05,,0,,True
498a0bca-24b0-477e-8879-31581f75833a,Woolworths Supermarket,Pantry,Vittoria Oro Nespresso Compatible Coffee Capsules pack 10,091421,$7.00,$0.70 / 1EA,https://www.woolworths.com.au/shop/productdetails/91421/vittoria-oro-nespresso-compatible-coffee-capsules,https://cdn0.woolworths.media/content/wowproductimages/medium/091421.jpg,2020-09-21 17:27:05,,0,,True
cb8cbab6-c5f7-4783-83b4-86231ce0f2dc,Woolworths Supermarket,Pantry,San Remo Shells Large Pasta No 29 500g,091446,$2.60,$0.52 / 100G,https://www.woolworths.com.au/shop/productdetails/91446/san-remo-shells-large-pasta-no-29,https://cdn0.woolworths.media/content/wowproductimages/medium/091446.jpg,2020-09-21 17:27:05,,0,,True
e96c1479-b9d8-4914-b137-7fcf99e4d526,Woolworths Supermarket,Pantry,Aroma Juice 99.9% Aloe Vera 1l,091560,$10.00,$10.00 / 1L,https://www.woolworths.com.au/shop/productdetails/91560/aroma-juice-99-9-aloe-vera,https://cdn0.woolworths.media/content/wowproductimages/medium/091560.jpg,2020-09-21 17:27:05,Average product rating out of 5: 4.6. Product score is based on 15 ratings,15,,True
9f78c4d7-5a58-49c9-80dc-12d3261b2ab6,Woolworths Supermarket,Pantry,Sunbeam Mixed Fruit 375g,091579,$4.70,$12.53 / 1KG,https://www.woolworths.com.au/shop/productdetails/91579/sunbeam-mixed-fruit,https://cdn0.woolworths.media/content/wowproductimages/medium/091579.jpg,2020-09-21 17:27:05,,0,,True
254ff78d-fecc-4ac2-a049-1b9a3e1011c9,Woolworths Supermarket,Pantry,Cadbury Caramel Chomp Sharepack 10 pack,091588,$2.50,$1.67 / 100G,https://www.woolworths.com.au/shop/productdetails/91588/cadbury-caramel-chomp-sharepack,https://cdn0.woolworths.media/content/wowproductimages/medium/091588.jpg,2020-09-21 17:27:05,,0,,True
200c2e3d-1c2c-4c58-b12f-9dddb78d03bd,Woolworths Supermarket,Pantry,Continental Naturally Tasty Cottage Pie Recipe Base 43g,091810,$2.40,$5.58 / 100G,https://www.woolworths.com.au/shop/productdetails/91810/continental-naturally-tasty-cottage-pie-recipe-base,https://cdn0.woolworths.media/content/wowproductimages/medium/091810.jpg,2020-09-21 17:27:05,,0,2 for $4.00,True
a07607df-55a8-4ce0-accc-bb185c9154cb,Woolworths Supermarket,Pantry,Verity Prunes Large 750g,091837,$6.00,$8.00 / 1KG,https://www.woolworths.com.au/shop/productdetails/91837/verity-prunes-large,https://cdn0.woolworths.media/content/wowproductimages/medium/091837.jpg,2020-09-21 17:27:05,,0,,True
8486209d-30d0-4f09-8c6b-4bd41eef04e2,Woolworths Supermarket,Pantry,Masterfoods Barbecue Sauce 500ml,099696,$2.50,$0.50 / 100ML,https://www.woolworths.com.au/shop/productdetails/99696/masterfoods-barbecue-sauce,https://cdn0.woolworths.media/content/wowproductimages/medium/099696.jpg,2020-09-21 17:27:05,,0,,True
4cd0bd23-bed8-43e3-9bca-f8ac124c897a,Woolworths Supermarket,Pantry,Doritos Share Pack Cheese Supreme 170g,826731,$2.75,$1.62 / 100G,https://www.woolworths.com.au/shop/productdetails/826731/doritos-share-pack-cheese-supreme,https://cdn0.woolworths.media/content/wowproductimages/medium/826731.jpg,2020-09-21 17:27:05,,0,,True
554cd56f-9c56-41c1-ab4a-8d7e7d3e9bad,Woolworths Supermarket,Pantry,Arnott's Shortbread 250g,008838,$2.50,$1.00 / 100G,https://www.woolworths.com.au/shop/productdetails/8838/arnott-s-shortbread,https://cdn0.woolworths.media/content/wowproductimages/medium/008838.jpg,2020-09-21 17:27:05,,0,,True
b21ebf12-074b-4d79-af98-09f9a8869907,Woolworths Supermarket,Pantry,Twisties Cheese Chips 90g,081659,$2.00,$2.22 / 100G,https://www.woolworths.com.au/shop/productdetails/81659/twisties-cheese-chips,https://cdn0.woolworths.media/content/wowproductimages/medium/081659.jpg,2020-09-21 17:27:05,,0,,True
fb172f15-9f4a-4fca-97ab-73bca298472a,Woolworths Supermarket,Pantry,Bertolli Extra Virgin Olive Oil Originale 750ml,502951,$6.50,$0.87 / 100ML,https://www.woolworths.com.au/shop/productdetails/502951/bertolli-extra-virgin-olive-oil-originale,https://cdn0.woolworths.media/content/wowproductimages/medium/502951.jpg,2020-09-21 17:27:05,,0,,True
0a3ac4fb-77fb-4da6-896f-b946ca0e289d,Woolworths Supermarket,Pantry,Valcom Canned Bamboo Shoots Sliced 225g,097730,$1.10,$4.89 / 1KG,https://www.woolworths.com.au/shop/productdetails/97730/valcom-canned-bamboo-shoots-sliced,https://cdn0.woolworths.media/content/wowproductimages/medium/097730.jpg,2020-09-21 17:27:05,,0,,True
57709cf8-8713-4288-a4d0-d04dfea8d252,Woolworths Supermarket,Pantry,Kellogg's Nutri-grain Protein Breakfast Cereal 290g,701706,$4.95,$1.71 / 100G,https://www.woolworths.com.au/shop/productdetails/701706/kellogg-s-nutri-grain-protein-breakfast-cereal,https://cdn0.woolworths.media/content/wowproductimages/medium/701706.jpg,2020-09-21 17:27:05,,0,,True
d59903dc-95cf-4ab0-a05b-017bc9e1ad93,Woolworths Supermarket,Pantry,Arnott's Malt O' Milk 250g,036036,$2.50,$1.00 / 100G,https://www.woolworths.com.au/shop/productdetails/36036/arnott-s-malt-o-milk,https://cdn0.woolworths.media/content/wowproductimages/medium/036036.jpg,2020-09-21 17:27:05,,0,,True
4f9c27b0-c933-40fb-9b48-334f4066145a,Woolworths Supermarket,Pantry,Smith's Share Pack Crinkle Cut Salt & Vinegar 170g,826738,$2.75,$1.62 / 100G,https://www.woolworths.com.au/shop/productdetails/826738/smith-s-share-pack-crinkle-cut-salt-vinegar,https://cdn0.woolworths.media/content/wowproductimages/medium/826738.jpg,2020-09-21 17:27:05,,0,,True
5a1c1fa7-a602-41eb-b6f6-bc63c3725433,Woolworths Supermarket,Pantry,Arnott's Snack Right Sultana 250g,182697,$3.00,$1.20 / 100G,https://www.woolworths.com.au/shop/productdetails/182697/arnott-s-snack-right-sultana,https://cdn0.woolworths.media/content/wowproductimages/medium/182697.jpg,2020-09-21 17:27:05,,0,Was $4.20 11/02/2019,True
121cf7e5-8922-4ca5-8434-4a4f986bfd32,Woolworths Supermarket,Pantry,Toblerone Milk Chocolate Bar 50g,047011,$1.00,$2.00 / 100G,https://www.woolworths.com.au/shop/productdetails/47011/toblerone-milk-chocolate-bar,https://cdn0.woolworths.media/content/wowproductimages/medium/047011.jpg,2020-09-21 17:27:05,,0,,True
09543745-28c0-4eee-b0fa-281d731cbc32,Woolworths Supermarket,Pantry,Kooka's Country Cookies Lemon 200g,347837,$2.00,$1.00 / 100G,https://www.woolworths.com.au/shop/productdetails/347837/kooka-s-country-cookies-lemon,https://cdn0.woolworths.media/content/wowproductimages/medium/347837.jpg,2020-09-21 17:27:05,,0,,True
72702b6d-1c88-47a0-b142-6d73d76f8dbe,Woolworths Supermarket,Pantry,Uncle Tobys Roll-ups Strawberry Fun Prints 6 pack,324231,$4.00,$4.26 / 100G,https://www.woolworths.com.au/shop/productdetails/324231/uncle-tobys-roll-ups-strawberry-fun-prints,https://cdn0.woolworths.media/content/wowproductimages/medium/324231.jpg,2020-09-21 17:27:05,,0,,True
c78b18de-3321-453b-918a-dea1220e9e2f,Woolworths Supermarket,Pantry,Woolworths Corn Sweet Kernels 420g,218926,$1.00,$2.38 / 1KG,https://www.woolworths.com.au/shop/productdetails/218926/woolworths-corn-sweet-kernels,https://cdn0.woolworths.media/content/wowproductimages/medium/218926.jpg,2020-09-21 17:27:05,Average product rating out of 5: 4.1. Product score is based on 215 ratings,215,,True
72bae524-93d6-455a-8955-09efde7c5c3b,Woolworths Supermarket,Pantry,Moccona Freeze Dried Instant Coffee Classic Medium Roast 400g,208575,$24.00,$6.00 / 100G,https://www.woolworths.com.au/shop/productdetails/208575/moccona-freeze-dried-instant-coffee-classic-medium-roast,https://cdn0.woolworths.media/content/wowproductimages/medium/208575.jpg,2020-09-21 17:27:05,,0,,True
8f337998-0dda-41d8-98ee-c3f879716bb3,Woolworths Supermarket,Pantry,Macro Organic Quinoa Tri Colour 500g,717631,$7.00,$1.40 / 100G,https://www.woolworths.com.au/shop/productdetails/717631/macro-organic-quinoa-tri-colour,https://cdn0.woolworths.media/content/wowproductimages/medium/717631.jpg,2020-09-21 17:27:05,Average product rating out of 5: 4.6. Product score is based on 274 ratings,274,Was $9.99 09/01/2017,True
b065217e-852f-43a2-b3b3-5a67d8f3ef1f,Woolworths Supermarket,Pantry,Arnott's Shapes Cheddar 175g,384244,$2.50,$1.43 / 100G,https://www.woolworths.com.au/shop/productdetails/384244/arnott-s-shapes-cheddar,https://cdn0.woolworths.media/content/wowproductimages/medium/384244.jpg,2020-09-21 17:27:05,,0,,True
6bc3d7d8-eb8c-47bf-8cec-180e5b656b93,Woolworths Supermarket,Pantry,Uncle Ben's Microwave Mexican Style Brown Rice 250g,727257,$3.00,$1.20 / 100G,https://www.woolworths.com.au/shop/productdetails/727257/uncle-ben-s-microwave-mexican-style-brown-rice,https://cdn0.woolworths.media/content/wowproductimages/medium/727257.jpg,2020-09-21 17:27:05,,0,,True
7714f851-95e6-40c6-b855-1aef664820b8,Woolworths Supermarket,Pantry,Pringles Sour Cream And Onion Chips 134g,479502,$2.50,$1.87 / 100G,https://www.woolworths.com.au/shop/productdetails/479502/pringles-sour-cream-and-onion-chips,https://cdn0.woolworths.media/content/wowproductimages/medium/479502.jpg,2020-09-21 17:27:05,,0,,True
f2b45d92-1a6f-4e0f-bd05-2e08f8878773,Woolworths Supermarket,Pantry,Essentials White Sugar 3kg,091869,$2.70,$0.09 / 100G,https://www.woolworths.com.au/shop/productdetails/91869/essentials-white-sugar,https://cdn0.woolworths.media/content/wowproductimages/medium/091869.jpg,2020-09-21 17:27:05,,0,,True
38cef315-5e71-48c1-82f3-6d97e040d77c,Woolworths Supermarket,Pantry,Celestial Sleepy Time Herbal Tea Bags 40 pack,091905,$8.00,$0.20 / 1EA,https://www.woolworths.com.au/shop/productdetails/91905/celestial-sleepy-time-herbal-tea-bags,https://cdn0.woolworths.media/content/wowproductimages/medium/091905.jpg,2020-09-21 17:27:05,,0,,True
08b6b139-f866-4b2b-b9c7-f266be57665a,Woolworths Supermarket,Pantry,Trident Instant Soup Thai Chicken With Noodles 50g,091920,$1.10,$2.20 / 100G,https://www.woolworths.com.au/shop/productdetails/91920/trident-instant-soup-thai-chicken-with-noodles,https://cdn0.woolworths.media/content/wowproductimages/medium/091920.jpg,2020-09-21 17:27:05,,0,,True
cf01b8bb-6fb9-4f76-860a-09d96cf469ff,Woolworths Supermarket,Pantry,Trident Instant Soup Thai Tom Yum Goong With Noodle 50g,091922,$1.10,$2.20 / 100G,https://www.woolworths.com.au/shop/productdetails/91922/trident-instant-soup-thai-tom-yum-goong-with-noodle,https://cdn0.woolworths.media/content/wowproductimages/medium/091922.jpg,2020-09-21 17:27:05,,0,,True
be6fee5a-9e35-494d-9bcf-f54518a10bde,Woolworths Supermarket,Pantry,Masterfoods Smokey Taco Recipe Base 175g,091951,$2.20,$1.26 / 100G,https://www.woolworths.com.au/shop/productdetails/91951/masterfoods-smokey-taco-recipe-base,https://cdn0.woolworths.media/content/wowproductimages/medium/091951.jpg,2020-09-21 17:27:05,,0,3 for $6.00,True
8411d0aa-0cbe-4ce9-ac63-f9a4d55d737e,Woolworths Supermarket,Pantry,Nerada Tea Bags 50pk 100g,091963,$2.00,$0.04 / 1EA,https://www.woolworths.com.au/shop/productdetails/91963/nerada-tea-bags,https://cdn0.woolworths.media/content/wowproductimages/medium/091963.jpg,2020-09-21 17:27:05,,0,,True
42e9ec0a-cf95-4127-8dd3-d38840c75ad2,Woolworths Supermarket,Pantry,Sirena Tuna In Oil Italian Style 425g,091981,$7.00,$16.47 / 1KG,https://www.woolworths.com.au/shop/productdetails/91981/sirena-tuna-in-oil-italian-style,https://cdn0.woolworths.media/content/wowproductimages/medium/091981.jpg,2020-09-21 17:27:05,,0,,True
16b281ff-2ee6-4a87-8642-ffcdab01d374,Woolworths Supermarket,Pantry,Leggos Tomato Paste Regular 280g,091990,$3.00,$1.07 / 100G,https://www.woolworths.com.au/shop/productdetails/91990/leggos-tomato-paste-regular,https://cdn0.woolworths.media/content/wowproductimages/medium/091990.jpg,2020-09-21 17:27:05,,0,,True
1a1ee70a-3e04-4eec-a8cf-d718a08cc086,Woolworths Supermarket,Pantry,Moccona Oat Cappuccino 8 pack,092074,$4.50,$0.56 / 1EA,https://www.woolworths.com.au/shop/productdetails/92074/moccona-oat-cappuccino,https://cdn0.woolworths.media/content/wowproductimages/medium/092074.jpg,2020-09-21 17:27:05,,0,Was $5.59 14/11/16,True
2658822d-a507-4f1e-a3a2-053f28120357,Woolworths Supermarket,Pantry,Ufc Canned Bean Sprouts 410g,092130,$2.30,$5.61 / 1KG,https://www.woolworths.com.au/shop/productdetails/92130/ufc-canned-bean-sprouts,https://cdn0.woolworths.media/content/wowproductimages/medium/092130.jpg,2020-09-21 17:27:05,,0,,True
5555d08a-f71b-43be-8010-50b37ba84b5c,Woolworths Supermarket,Pantry,Vittoria Mountain Grown Nespresso Compatible Coffee Capsules pack 10,092148,$7.00,$0.70 / 1EA,https://www.woolworths.com.au/shop/productdetails/92148/vittoria-mountain-grown-nespresso-compatible-coffee-capsules,https://cdn0.woolworths.media/content/wowproductimages/medium/092148.jpg,2020-09-21 17:27:05,,0,,True
6b8f15aa-aa59-468b-acd0-3376cebbdaf5,Woolworths Supermarket,Pantry,Vittoria Italian Nespresso Compatible Coffee Capsules pack 10,092150,$6.00,$0.60 / 1EA,https://www.woolworths.com.au/shop/productdetails/92150/vittoria-italian-nespresso-compatible-coffee-capsules,https://cdn0.woolworths.media/content/wowproductimages/medium/092150.jpg,2020-09-21 17:27:05,,0,,True
979f8fdc-6e7e-45e8-ae0e-9f2fe0b0ac25,Woolworths Supermarket,Pantry,Vittoria Lungo Nespresso Compatible Coffee Capsules pack 10,092151,$6.00,$0.60 / 1EA,https://www.woolworths.com.au/shop/productdetails/92151/vittoria-lungo-nespresso-compatible-coffee-capsules,https://cdn0.woolworths.media/content/wowproductimages/medium/092151.jpg,2020-09-21 17:27:05,,0,,True
febc0835-60c8-4698-ba52-e52494df7630,Woolworths Supermarket,Pantry,Masterfoods Steak Seasoning 45g,092153,$3.00,$0.67 / 10G,https://www.woolworths.com.au/shop/productdetails/92153/masterfoods-steak-seasoning,https://cdn0.woolworths.media/content/wowproductimages/medium/092153.jpg,2020-09-21 17:27:05,,0,,True
1b6ddc2c-849d-4b50-91e4-0d3834d903a7,Woolworths Supermarket,Pantry,Masterfoods Garlic Pepper 45g,092154,$3.40,$0.68 / 10G,https://www.woolworths.com.au/shop/productdetails/92154/masterfoods-garlic-pepper,https://cdn0.woolworths.media/content/wowproductimages/medium/092154.jpg,2020-09-21 17:27:05,,0,,True
200d26d4-d740-4514-80fd-4f2400d7c197,Woolworths Supermarket,Pantry,Masterfoods Dried Italian Herbs 10g,092156,$2.35,$2.35 / 10G,https://www.woolworths.com.au/shop/productdetails/92156/masterfoods-dried-italian-herbs,https://cdn0.woolworths.media/content/wowproductimages/medium/092156.jpg,2020-09-21 17:27:05,,0,,True
0965efd6-1110-4902-956f-3e10260097c1,Woolworths Supermarket,Pantry,Masterfoods Lemon Pepper Seasoning 170ml,092157,$4.90,$0.29 / 10G,https://www.woolworths.com.au/shop/productdetails/92157/masterfoods-lemon-pepper-seasoning,https://cdn0.woolworths.media/content/wowproductimages/medium/092157.jpg,2020-09-21 17:27:05,,0,,True
f7249321-fb0d-486e-9749-da2fe0efb913,Woolworths Supermarket,Pantry,Masterfoods Lamb Herbs 15g,092158,$2.90,$1.93 / 10G,https://www.woolworths.com.au/shop/productdetails/92158/masterfoods-lamb-herbs,https://cdn0.woolworths.media/content/wowproductimages/medium/092158.jpg,2020-09-21 17:27:05,,0,,True
cdb8df34-717a-4639-b736-4a5835a28859,Woolworths Supermarket,Pantry,Masterfoods Dried Italian Herbs 30g,092159,$5.75,$1.92 / 10G,https://www.woolworths.com.au/shop/productdetails/92159/masterfoods-dried-italian-herbs,https://cdn0.woolworths.media/content/wowproductimages/medium/092159.jpg,2020-09-21 17:27:05,,0,,True
511d73bd-5846-472c-a39e-0b0c7734634d,Woolworths Supermarket,Pantry,Harris Coffee Ground Smooth 200g,092218,$7.00,$3.50 / 100G,https://www.woolworths.com.au/shop/productdetails/92218/harris-coffee-ground-smooth,https://cdn0.woolworths.media/content/wowproductimages/medium/092218.jpg,2020-09-21 17:27:05,,0,,True
149cb546-2a0f-4aee-903c-1a1a2a47ce47,Woolworths Supermarket,Pantry,Moccona Soy Cappuccino 8 pack,092219,$4.50,$0.56 / 1EA,https://www.woolworths.com.au/shop/productdetails/92219/moccona-soy-cappuccino,https://cdn0.woolworths.media/content/wowproductimages/medium/092219.jpg,2020-09-21 17:27:05,,0,Was $5.59 14/11/16,True
3a54f83b-89bd-49d4-99a8-6a563519d834,Woolworths Supermarket,Pantry,Moccona Latte 30 pack,092227,$10.50,$0.35 / 1EA,https://www.woolworths.com.au/shop/productdetails/92227/moccona-latte,https://cdn0.woolworths.media/content/wowproductimages/medium/092227.jpg,2020-09-21 17:27:05,,0,,True
96161f7e-e177-4a86-b292-038426c2d81f,Woolworths Supermarket,Pantry,Guzzi's Tricolore Tagliatelle 375g,092228,$4.70,$1.25 / 100G,https://www.woolworths.com.au/shop/productdetails/92228/guzzi-s-tricolore-tagliatelle,https://cdn0.woolworths.media/content/wowproductimages/medium/092228.jpg,2020-09-21 17:27:05,,0,,True
cd2870f2-b89b-4aa5-a3f4-11ad060bc4e1,Woolworths Supermarket,Pantry,L'or Espresso Indonesia Sumatra Coffee Capsules 10 pack,092229,$4.50,$0.45 / 1EA,https://www.woolworths.com.au/shop/productdetails/92229/l-or-espresso-indonesia-sumatra-coffee-capsules,https://cdn0.woolworths.media/content/wowproductimages/medium/092229.jpg,2020-09-21 17:27:05,,0,,True
b62149f8-be90-4b67-909a-333171c01cb9,Woolworths Supermarket,Pantry,Sunbites Grain Waves Sour Cream & Chives 5 pack,720220,$3.10,$2.82 / 100G,https://www.woolworths.com.au/shop/productdetails/720220/sunbites-grain-waves-sour-cream-chives,https://cdn0.woolworths.media/content/wowproductimages/medium/720220.jpg,2020-09-21 17:27:05,,0,2 for $5.00,True
4c282097-b172-4dd9-996e-e7406191b23f,Woolworths Supermarket,Pantry,Woolworths Rolled Traditional Oats 750g,321220,$1.40,$0.19 / 100G,https://www.woolworths.com.au/shop/productdetails/321220/woolworths-rolled-traditional-oats,https://cdn0.woolworths.media/content/wowproductimages/medium/321220.jpg,2020-09-21 17:27:05,Average product rating out of 5: 4.6. Product score is based on 748 ratings,748,,True
61142c52-1cd7-4790-a6e4-86b1eb1f899b,Woolworths Supermarket,Pantry,Sanitarium Weet-bix Breakfast Cereal 1.2kg,200695,$5.00,$0.42 / 100G,https://www.woolworths.com.au/shop/productdetails/200695/sanitarium-weet-bix-breakfast-cereal,https://cdn0.woolworths.media/content/wowproductimages/medium/200695.jpg,2020-09-21 17:27:05,,0,,True
6613434b-5461-48ae-930e-9ea84a0e812e,Woolworths Supermarket,Pantry,Moccona Freeze Dried Instant Coffee Classic Medium Roast 400g,208575,$24.00,$6.00 / 100G,https://www.woolworths.com.au/shop/productdetails/208575/moccona-freeze-dried-instant-coffee-classic-medium-roast,https://cdn0.woolworths.media/content/wowproductimages/medium/208575.jpg,2020-09-21 17:27:05,,0,,True
c115abca-6948-4bc7-a6ce-729ff284d25c,Woolworths Supermarket,Pantry,Arnott's Monte Carlo 250g,036031,$3.00,$1.20 / 100G,https://www.woolworths.com.au/shop/productdetails/36031/arnott-s-monte-carlo,https://cdn0.woolworths.media/content/wowproductimages/medium/036031.jpg,2020-09-21 17:27:05,,0,,True
0a24afaf-1ddd-4ae5-b729-f140ecb9c70b,Woolworths Supermarket,Pantry,Beechworth Pure Honey 1.5kg,250371,$22.00,$1.47 / 100G,https://www.woolworths.com.au/shop/productdetails/250371/beechworth-pure-honey,https://cdn0.woolworths.media/content/wowproductimages/medium/250371.jpg,2020-09-21 17:27:05,,0,,True
e8829f7e-a4c5-4bef-8c07-4831931333d9,Woolworths Supermarket,Pantry,Woolworths Almond Meal 400g,610610,$7.50,$18.75 / 1KG,https://www.woolworths.com.au/shop/productdetails/610610/woolworths-almond-meal,https://cdn0.woolworths.media/content/wowproductimages/medium/610610.jpg,2020-09-21 17:27:05,Average product rating out of 5: 4.6. Product score is based on 326 ratings,326,Was $9.00 22/07/2020,True
7c819985-1a16-4d4e-b977-104cfcba0e28,Woolworths Supermarket,Pantry,Mckenzie's Himalayan Salt Rock Pink 400g,749926,$5.95,$0.15 / 10G,https://www.woolworths.com.au/shop/productdetails/749926/mckenzie-s-himalayan-salt-rock-pink,https://cdn0.woolworths.media/content/wowproductimages/medium/749926.jpg,2020-09-21 17:27:05,,0,,True
9121bd29-696e-4e7d-905b-1f44773ca2ed,Woolworths Supermarket,Pantry,Continental Cup A Soup Creamy Chicken With Lots Of Noodles 2 pack,026649,$2.00,$3.33 / 100G,https://www.woolworths.com.au/shop/productdetails/26649/continental-cup-a-soup-creamy-chicken-with-lots-of-noodles,https://cdn0.woolworths.media/content/wowproductimages/medium/026649.jpg,2020-09-21 17:27:05,,0,,True
ed0af217-e2c5-4721-ba49-8ee47b8a57f4,Woolworths Supermarket,Pantry,Nescafe Blend 43 Soluble Instant Coffee 500g,035694,$20.00,$4.00 / 100G,https://www.woolworths.com.au/shop/productdetails/35694/nescafe-blend-43-soluble-instant-coffee,https://cdn0.woolworths.media/content/wowproductimages/medium/035694.jpg,2020-09-21 17:27:05,,0,,True
24dae43a-4b99-4660-9e46-9d568c9a437d,Woolworths Supermarket,Pantry,Bertolli Extra Virgin Olive Oil Originale 750ml,502951,$6.50,$0.87 / 100ML,https://www.woolworths.com.au/shop/productdetails/502951/bertolli-extra-virgin-olive-oil-originale,https://cdn0.woolworths.media/content/wowproductimages/medium/502951.jpg,2020-09-21 17:27:05,,0,,True
726532b3-4757-4ed9-b4e2-a5c3744cacaa,Woolworths Supermarket,Pantry,Woolworths Walnuts Kernel 500g,749540,$11.00,$22.00 / 1KG,https://www.woolworths.com.au/shop/productdetails/749540/woolworths-walnuts-kernel,https://cdn0.woolworths.media/content/wowproductimages/medium/749540.jpg,2020-09-21 17:27:05,Average product rating out of 5: 4.8. Product score is based on 360 ratings,360,,True
9419ebcf-d73f-47e3-8978-d6249cb69859,Woolworths Supermarket,Pantry,Woolworths Diced Italian Tomatoes No Added Salt 400g,770320,$0.80,$2.00 / 1KG,https://www.woolworths.com.au/shop/productdetails/770320/woolworths-diced-italian-tomatoes-no-added-salt,https://cdn0.woolworths.media/content/wowproductimages/medium/770320.jpg,2020-09-21 17:27:05,Average product rating out of 5: 4.7. Product score is based on 311 ratings,311,,True
2587f7c3-fd2b-475b-a411-04676e874250,Woolworths Supermarket,Pantry,Cadbury Dairy Milk Chocolate Fair Trade 350g,757883,$5.00,$1.43 / 100G,https://www.woolworths.com.au/shop/productdetails/757883/cadbury-dairy-milk-chocolate-fair-trade,https://cdn0.woolworths.media/content/wowproductimages/medium/757883.jpg,2020-09-21 17:27:05,,0,Was $6.30 16/01/2017,True
8aa7a793-1d3e-4440-929e-fbcbaa02b89c,Woolworths Supermarket,Pantry,Woolworths White Rice Long Grain 5kg,072779,$6.70,$0.13 / 100G,https://www.woolworths.com.au/shop/productdetails/72779/woolworths-white-rice-long-grain,https://cdn0.woolworths.media/content/wowproductimages/medium/072779.jpg,2020-09-21 17:27:05,Average product rating out of 5: 4.8. Product score is based on 14 ratings,14,,True
ff50aeaa-26e8-4dee-8d98-46400e295ad8,Woolworths Supermarket,Pantry,Vege Chips Chicken Style 100g,793382,$3.80,$3.80 / 100G,https://www.woolworths.com.au/shop/productdetails/793382/vege-chips-chicken-style,https://cdn0.woolworths.media/content/wowproductimages/medium/793382.jpg,2020-09-21 17:27:05,Average product rating out of 5: 4.7. Product score is based on 20 ratings,20,,True
5886f5d1-0de4-4e8d-a577-007535d2deb6,Woolworths Supermarket,Pantry,Queen Organic Vanilla Bean Paste 65g,225399,$11.80,$18.15 / 100G,https://www.woolworths.com.au/shop/productdetails/225399/queen-organic-vanilla-bean-paste,https://cdn0.woolworths.media/content/wowproductimages/medium/225399.jpg,2020-09-21 17:27:05,,0,,True
b555620a-3cb7-4ba0-b97c-7d4f568d4811,Woolworths Supermarket,Pantry,Ritz Crackers Original 300g,660562,$2.50,$0.83 / 100G,https://www.woolworths.com.au/shop/productdetails/660562/ritz-crackers-original,https://cdn0.woolworths.media/content/wowproductimages/medium/660562.jpg,2020-09-21 17:27:05,,0,,True
2b58b743-1ed0-4312-bf23-21c942e7d03f,Woolworths Supermarket,Pantry,Cobram Estate Extra Virgin Light Olive Oil 750ml,345955,$15.00,$2.00 / 100ML,https://www.woolworths.com.au/shop/productdetails/345955/cobram-estate-extra-virgin-light-olive-oil,https://cdn0.woolworths.media/content/wowproductimages/medium/345955.jpg,2020-09-21 17:27:05,,0,,True
742a76e9-99ad-4cb7-9518-08161ee11531,Woolworths Supermarket,Pantry,Macro Organic Quinoa Tri Colour 500g,717631,$7.00,$1.40 / 100G,https://www.woolworths.com.au/shop/productdetails/717631/macro-organic-quinoa-tri-colour,https://cdn0.woolworths.media/content/wowproductimages/medium/717631.jpg,2020-09-21 17:27:05,Average product rating out of 5: 4.6. Product score is based on 274 ratings,274,Was $9.99 09/01/2017,True
85aff191-126c-4fea-8da9-12bae6fa28b7,Woolworths Supermarket,Pantry,Ardmona Pizza Sauce 140g,092230,$2.00,$1.43 / 100G,https://www.woolworths.com.au/shop/productdetails/92230/ardmona-pizza-sauce,https://cdn0.woolworths.media/content/wowproductimages/medium/092230.jpg,2020-09-21 17:27:05,,0,,True
a8033980-d82d-4a33-b6ed-2ca806e823e4,Woolworths Supermarket,Pantry,Moccona Coconut Cappuccino 8 pack,092305,$4.50,$0.56 / 1EA,https://www.woolworths.com.au/shop/productdetails/92305/moccona-coconut-cappuccino,https://cdn0.woolworths.media/content/wowproductimages/medium/092305.jpg,2020-09-21 17:27:05,,0,Was $5.59 14/11/16,True
6a79427a-b8f9-4cd4-99c1-eacaf5e7b977,Woolworths Supermarket,Pantry,L'or Espresso Supremo Coffee Capsules 20 pack,092327,$11.00,$0.55 / 1EA,https://www.woolworths.com.au/shop/productdetails/92327/l-or-espresso-supremo-coffee-capsules,https://cdn0.woolworths.media/content/wowproductimages/medium/092327.jpg,2020-09-21 17:27:05,,0,,True
e8321aab-cee3-4e5e-a268-a145c6d33580,Woolworths Supermarket,Pantry,Moccona Ristretto Strong Coffee Capsules 20 pack,092328,$9.00,$0.45 / 1EA,https://www.woolworths.com.au/shop/productdetails/92328/moccona-ristretto-strong-coffee-capsules,https://cdn0.woolworths.media/content/wowproductimages/medium/092328.jpg,2020-09-21 17:27:05,,0,,True
c78f9fc8-1286-4471-9643-20f249bf4f10,Woolworths Supermarket,Pantry,L'or Espresso Ultimo Coffee Capsules 10 pack,092329,$4.50,,https://www.woolworths.com.au/shop/productdetails/92329/l-or-espresso-ultimo-coffee-capsules,https://cdn0.woolworths.media/content/wowproductimages/medium/092329.jpg,2020-09-21 17:27:05,,0,,True
d8c26b07-5274-4f58-bf15-9471839be5d8,Woolworths Supermarket,Pantry,Moccona Dark & Intense Dried Coffee 200g,092393,$13.00,$6.50 / 100G,https://www.woolworths.com.au/shop/productdetails/92393/moccona-dark-intense-dried-coffee,https://cdn0.woolworths.media/content/wowproductimages/medium/092393.jpg,2020-09-21 17:27:05,,0,,True
289a411e-10eb-4a0f-b332-8128043ba180,Woolworths Supermarket,Pantry,Vittoria Valentina Nespresso Compatible Coffee Capsules pack 10,092399,$6.00,$0.60 / 1EA,https://www.woolworths.com.au/shop/productdetails/92399/vittoria-valentina-nespresso-compatible-coffee-capsules,https://cdn0.woolworths.media/content/wowproductimages/medium/092399.jpg,2020-09-21 17:27:05,,0,,True
9a905166-4d8d-420e-bad9-59cbae5ba75e,Woolworths Supermarket,Pantry,Laucke Crusty White Bread Mix 5kg,092404,$15.25,$3.05 / 1KG,https://www.woolworths.com.au/shop/productdetails/92404/laucke-crusty-white-bread-mix,https://cdn0.woolworths.media/content/wowproductimages/medium/092404.jpg,2020-09-21 17:27:05,,0,,True
af598886-497b-4a1f-919d-1187f4dc596b,Woolworths Supermarket,Pantry,Laucke Multigrain Bread Mix 5kg,092413,$14.40,$2.88 / 1KG,https://www.woolworths.com.au/shop/productdetails/92413/laucke-multigrain-bread-mix,https://cdn0.woolworths.media/content/wowproductimages/medium/092413.jpg,2020-09-21 17:27:05,,0,,True
5df05fc2-b110-4a29-81c7-d364b14db05e,Woolworths Supermarket,Pantry,Csr Golden Syrup Squeeze 500g,092491,$4.50,$0.90 / 100G,https://www.woolworths.com.au/shop/productdetails/92491/csr-golden-syrup-squeeze,https://cdn0.woolworths.media/content/wowproductimages/medium/092491.jpg,2020-09-21 17:27:05,,0,,True
9521ee02-3450-431c-9b3b-dce51b79c231,Woolworths Supermarket,Pantry,Moccona Strong Cappuccino Sachets 30 pack,092523,$10.50,$0.35 / 1EA,https://www.woolworths.com.au/shop/productdetails/92523/moccona-strong-cappuccino-sachets,https://cdn0.woolworths.media/content/wowproductimages/medium/092523.jpg,2020-09-21 17:27:05,,0,,True
ea4f53b4-9565-47d0-885d-3a700e0a3cea,Woolworths Supermarket,Pantry,L'or Espresso Guatemala Huehuetenango Coffee Capsules 10 pack,092524,$4.50,$0.45 / 1EA,https://www.woolworths.com.au/shop/productdetails/92524/l-or-espresso-guatemala-huehuetenango-coffee-capsules,https://cdn0.woolworths.media/content/wowproductimages/medium/092524.jpg,2020-09-21 17:27:05,,0,,True
19d67ea0-4302-4725-9c24-57ef5233fca2,Woolworths Supermarket,Pantry,John West Tuna Tempters Zesty Vinaigrette 95g,092589,$1.15,$12.11 / 1KG,https://www.woolworths.com.au/shop/productdetails/92589/john-west-tuna-tempters-zesty-vinaigrette,https://cdn0.woolworths.media/content/wowproductimages/medium/092589.jpg,2020-09-21 17:27:05,,0,,True
92b25caf-be5c-462d-ab40-ce7810f11bae,Woolworths Supermarket,Pantry,Essentials Tuna In Brine 425g,092591,$3.00,$7.06 / 1KG,https://www.woolworths.com.au/shop/productdetails/92591/essentials-tuna-in-brine,https://cdn0.woolworths.media/content/wowproductimages/medium/092591.jpg,2020-09-21 17:27:05,Average product rating out of 5: 3.8. Product score is based on 478 ratings,478,,True
f1bfd9fb-b15b-4f2a-86b1-30c4666f3ea8,Woolworths Supermarket,Pantry,Hoyt's Vanilla Sugar 25g,092804,$1.15,$0.46 / 10G,https://www.woolworths.com.au/shop/productdetails/92804/hoyt-s-vanilla-sugar,https://cdn0.woolworths.media/content/wowproductimages/medium/092804.jpg,2020-09-21 17:27:05,,0,,True
52f406f2-6ce9-48ce-8d97-43fe5e8e6c01,Woolworths Supermarket,Pantry,Caffe Aurora Prima Qualita Nespresso Compatible Coffee Capsules pack 10,092807,$4.00,$0.40 / 1EA,https://www.woolworths.com.au/shop/productdetails/92807/caffe-aurora-prima-qualita-nespresso-compatible-coffee-capsules,https://cdn0.woolworths.media/content/wowproductimages/medium/092807.jpg,2020-09-21 17:27:05,,0,,True
b6efc268-5a0e-40b4-a223-f67c8768e0b2,Woolworths Supermarket,Pantry,Vittoria Decaffeinated Nespresso Compatible Coffee Capsules pack 10,092808,$6.00,$0.60 / 1EA,https://www.woolworths.com.au/shop/productdetails/92808/vittoria-decaffeinated-nespresso-compatible-coffee-capsules,https://cdn0.woolworths.media/content/wowproductimages/medium/092808.jpg,2020-09-21 17:27:05,,0,,True
879b6117-516e-493f-9a13-d3aa4acb3b40,Woolworths Supermarket,Pantry,Eloments Organic Vitamin Tea Bourbon Vanilla Tea Bags 14 pack,092853,$5.90,$0.42 / 1EA,https://www.woolworths.com.au/shop/productdetails/92853/eloments-organic-vitamin-tea-bourbon-vanilla-tea-bags,https://cdn0.woolworths.media/content/wowproductimages/medium/092853.jpg,2020-09-21 17:27:05,,0,,True
3bf9f3d4-619c-47c4-887c-cc1eb3edb1d7,Woolworths Supermarket,Pantry,Caffe Aurora Espresso Nespresso Compatible Coffee Capsules pack 10,092857,$4.00,$0.40 / 1EA,https://www.woolworths.com.au/shop/productdetails/92857/caffe-aurora-espresso-nespresso-compatible-coffee-capsules,https://cdn0.woolworths.media/content/wowproductimages/medium/092857.jpg,2020-09-21 17:27:05,,0,,True
094f0c16-fc6d-430a-8ee1-4931e7287061,Woolworths Supermarket,Pantry,Vittoria Italian Nespresso Compatible Coffee Capsules pack 20,092859,$8.80,$0.44 / 1EA,https://www.woolworths.com.au/shop/productdetails/92859/vittoria-italian-nespresso-compatible-coffee-capsules,https://cdn0.woolworths.media/content/wowproductimages/medium/092859.jpg,2020-09-21 17:27:05,,0,,True
fa76e9c0-116e-44b6-85a6-8c4af0cf9be5,Woolworths Supermarket,Pantry,John West Herrings In Tomato Sauce 200g,092895,$3.25,$16.25 / 1KG,https://www.woolworths.com.au/shop/productdetails/92895/john-west-herrings-in-tomato-sauce,https://cdn0.woolworths.media/content/wowproductimages/medium/092895.jpg,2020-09-21 17:27:05,,0,,True
009c4704-5534-41d0-8a76-3d5b3d47f92b,Woolworths Supermarket,Pantry,Vegeta Vegetable Gourmet Stock Powder 1kg,092921,$9.00,$0.09 / 10G,https://www.woolworths.com.au/shop/productdetails/92921/vegeta-vegetable-gourmet-stock-powder,https://cdn0.woolworths.media/content/wowproductimages/medium/092921.jpg,2020-09-21 17:27:05,,0,,True
d6b49cfd-6dfc-4e0a-a065-865ea54bc0f7,Woolworths Supermarket,Pantry,Podravka Vegeta Vegetable Gourmet Stock Powder 500g,092922,$5.80,$0.12 / 10G,https://www.woolworths.com.au/shop/productdetails/92922/podravka-vegeta-vegetable-gourmet-stock-powder,https://cdn0.woolworths.media/content/wowproductimages/medium/092922.jpg,2020-09-21 17:27:05,,0,,True
081fc849-c3c1-48a0-9bcb-4256b576526c,Woolworths Supermarket,Pantry,Queen Natural Vanilla Extract 200ml,092960,$11.50,$0.58 / 10ML,https://www.woolworths.com.au/shop/productdetails/92960/queen-natural-vanilla-extract,https://cdn0.woolworths.media/content/wowproductimages/medium/092960.jpg,2020-09-21 17:27:05,,0,,True
29328448-5aa3-42d0-88dd-11f9362846a8,Woolworths Supermarket,Pantry,Sunbites Grain Waves Sour Cream & Chives 5 pack,720220,$3.10,$2.82 / 100G,https://www.woolworths.com.au/shop/productdetails/720220/sunbites-grain-waves-sour-cream-chives,https://cdn0.woolworths.media/content/wowproductimages/medium/720220.jpg,2020-09-21 17:27:05,,0,2 for $5.00,True
299fd265-cf33-490c-9be6-4db0a4ff0cc3,Woolworths Supermarket,Pantry,Woolworths Rolled Traditional Oats 750g,321220,$1.40,$0.19 / 100G,https://www.woolworths.com.au/shop/productdetails/321220/woolworths-rolled-traditional-oats,https://cdn0.woolworths.media/content/wowproductimages/medium/321220.jpg,2020-09-21 17:27:05,Average product rating out of 5: 4.6. Product score is based on 748 ratings,748,,True
baa0dd64-b67e-4e9c-82b8-e3b1ead42e9f,Woolworths Supermarket,Pantry,Cobram Estate Extra Virgin Light Olive Oil 750ml,345955,$15.00,$2.00 / 100ML,https://www.woolworths.com.au/shop/productdetails/345955/cobram-estate-extra-virgin-light-olive-oil,https://cdn0.woolworths.media/content/wowproductimages/medium/345955.jpg,2020-09-21 17:27:05,,0,,True
b47dbf40-833c-45fa-8cb7-d587413b0072,Woolworths Supermarket,Pantry,Sanitarium Weet-bix Breakfast Cereal 1.2kg,200695,$5.00,$0.42 / 100G,https://www.woolworths.com.au/shop/productdetails/200695/sanitarium-weet-bix-breakfast-cereal,https://cdn0.woolworths.media/content/wowproductimages/medium/200695.jpg,2020-09-21 17:27:05,,0,,True
280f1fb3-80b9-4dd4-8acc-a9190d235998,Woolworths Supermarket,Pantry,Beechworth Pure Honey 1.5kg,250371,$22.00,$1.47 / 100G,https://www.woolworths.com.au/shop/productdetails/250371/beechworth-pure-honey,https://cdn0.woolworths.media/content/wowproductimages/medium/250371.jpg,2020-09-21 17:27:05,,0,,True
3b1dd8a4-42d9-430f-b1a2-f2ef35de2211,Woolworths Supermarket,Pantry,Macro Organic Quinoa Tri Colour 500g,717631,$7.00,$1.40 / 100G,https://www.woolworths.com.au/shop/productdetails/717631/macro-organic-quinoa-tri-colour,https://cdn0.woolworths.media/content/wowproductimages/medium/717631.jpg,2020-09-21 17:27:05,Average product rating out of 5: 4.6. Product score is based on 274 ratings,274,Was $9.99 09/01/2017,True
4a32b0ed-d06f-46b0-af29-9209606f39cd,Woolworths Supermarket,Pantry,Queen Organic Vanilla Bean Paste 65g,225399,$11.80,$18.15 / 100G,https://www.woolworths.com.au/shop/productdetails/225399/queen-organic-vanilla-bean-paste,https://cdn0.woolworths.media/content/wowproductimages/medium/225399.jpg,2020-09-21 17:27:05,,0,,True
252a5862-b1df-47c3-be34-aaf7383065ab,Woolworths Supermarket,Pantry,Continental Cup A Soup Creamy Chicken With Lots Of Noodles 2 pack,026649,$2.00,$3.33 / 100G,https://www.woolworths.com.au/shop/productdetails/26649/continental-cup-a-soup-creamy-chicken-with-lots-of-noodles,https://cdn0.woolworths.media/content/wowproductimages/medium/026649.jpg,2020-09-21 17:27:05,,0,,True
776ebf6e-1b3c-44cc-b72b-66f3c6c78db5,Woolworths Supermarket,Pantry,Bertolli Extra Virgin Olive Oil Originale 750ml,502951,$6.50,$0.87 / 100ML,https://www.woolworths.com.au/shop/productdetails/502951/bertolli-extra-virgin-olive-oil-originale,https://cdn0.woolworths.media/content/wowproductimages/medium/502951.jpg,2020-09-21 17:27:05,,0,,True
f558b2bd-7f75-4e34-af1e-975f77f4efef,Woolworths Supermarket,Pantry,Moccona Freeze Dried Instant Coffee Classic Medium Roast 400g,208575,$24.00,$6.00 / 100G,https://www.woolworths.com.au/shop/productdetails/208575/moccona-freeze-dried-instant-coffee-classic-medium-roast,https://cdn0.woolworths.media/content/wowproductimages/medium/208575.jpg,2020-09-21 17:27:05,,0,,True
f68b75bf-0882-41d2-814e-9e8e061d71be,Woolworths Supermarket,Pantry,Cadbury Dairy Milk Chocolate Fair Trade 350g,757883,$5.00,$1.43 / 100G,https://www.woolworths.com.au/shop/productdetails/757883/cadbury-dairy-milk-chocolate-fair-trade,https://cdn0.woolworths.media/content/wowproductimages/medium/757883.jpg,2020-09-21 17:27:05,,0,Was $6.30 16/01/2017,True
93e57197-223d-463f-9b8a-2a7669adbeda,Woolworths Supermarket,Pantry,Ritz Crackers Original 300g,660562,$2.50,$0.83 / 100G,https://www.woolworths.com.au/shop/productdetails/660562/ritz-crackers-original,https://cdn0.woolworths.media/content/wowproductimages/medium/660562.jpg,2020-09-21 17:27:05,,0,,True
e2f8d58f-d22f-4f97-ac1e-eb0998589b46,Woolworths Supermarket,Pantry,Arnott's Monte Carlo 250g,036031,$3.00,$1.20 / 100G,https://www.woolworths.com.au/shop/productdetails/36031/arnott-s-monte-carlo,https://cdn0.woolworths.media/content/wowproductimages/medium/036031.jpg,2020-09-21 17:27:05,,0,,True
3a54875c-b0fa-445e-8175-28aef3b167ec,Woolworths Supermarket,Pantry,Woolworths Almond Meal 400g,610610,$7.50,$18.75 / 1KG,https://www.woolworths.com.au/shop/productdetails/610610/woolworths-almond-meal,https://cdn0.woolworths.media/content/wowproductimages/medium/610610.jpg,2020-09-21 17:27:05,Average product rating out of 5: 4.6. Product score is based on 326 ratings,326,Was $9.00 22/07/2020,True
705931bd-b041-472c-9713-35397a67d7dd,Woolworths Supermarket,Pantry,Nescafe Blend 43 Soluble Instant Coffee 500g,035694,$20.00,$4.00 / 100G,https://www.woolworths.com.au/shop/productdetails/35694/nescafe-blend-43-soluble-instant-coffee,https://cdn0.woolworths.media/content/wowproductimages/medium/035694.jpg,2020-09-21 17:27:05,,0,,True
0eddc3df-e89c-4a55-9a85-edd906bfe098,Woolworths Supermarket,Pantry,Woolworths White Rice Long Grain 5kg,072779,$6.70,$0.13 / 100G,https://www.woolworths.com.au/shop/productdetails/72779/woolworths-white-rice-long-grain,https://cdn0.woolworths.media/content/wowproductimages/medium/072779.jpg,2020-09-21 17:27:05,Average product rating out of 5: 4.8. Product score is based on 14 ratings,14,,True
5c1c5a0a-97ab-44e6-8def-261e0d9ebeb5,Woolworths Supermarket,Pantry,Woolworths Walnuts Kernel 500g,749540,$11.00,$22.00 / 1KG,https://www.woolworths.com.au/shop/productdetails/749540/woolworths-walnuts-kernel,https://cdn0.woolworths.media/content/wowproductimages/medium/749540.jpg,2020-09-21 17:27:05,Average product rating out of 5: 4.8. Product score is based on 360 ratings,360,,True
9e92649a-70a4-439c-9dc0-8b32bd667c00,Woolworths Supermarket,Pantry,Woolworths Diced Italian Tomatoes No Added Salt 400g,770320,$0.80,$2.00 / 1KG,https://www.woolworths.com.au/shop/productdetails/770320/woolworths-diced-italian-tomatoes-no-added-salt,https://cdn0.woolworths.media/content/wowproductimages/medium/770320.jpg,2020-09-21 17:27:05,Average product rating out of 5: 4.7. Product score is based on 311 ratings,311,,True
dcd85433-5d7e-48bd-a6c2-aed8d8362f99,Woolworths Supermarket,Pantry,Mckenzie's Himalayan Salt Rock Pink 400g,749926,$5.95,$0.15 / 10G,https://www.woolworths.com.au/shop/productdetails/749926/mckenzie-s-himalayan-salt-rock-pink,https://cdn0.woolworths.media/content/wowproductimages/medium/749926.jpg,2020-09-21 17:27:05,,0,,True
b885e160-a6ed-416b-a441-2332de832763,Woolworths Supermarket,Pantry,Vege Chips Chicken Style 100g,793382,$3.80,$3.80 / 100G,https://www.woolworths.com.au/shop/productdetails/793382/vege-chips-chicken-style,https://cdn0.woolworths.media/content/wowproductimages/medium/793382.jpg,2020-09-21 17:27:05,Average product rating out of 5: 4.7. Product score is based on 20 ratings,20,,True
fc705a68-0546-45ea-a5dc-aec20858eb67,Woolworths Supermarket,Pantry,Masterfoods Seasoning Garlic Steak 50g,092971,$3.40,$0.68 / 10G,https://www.woolworths.com.au/shop/productdetails/92971/masterfoods-seasoning-garlic-steak,https://cdn0.woolworths.media/content/wowproductimages/medium/092971.jpg,2020-09-21 17:27:05,,0,,True
99ef8e79-96b6-4627-9123-25c24d19248d,Woolworths Supermarket,Pantry,Harris Coffee Ground Smooth 1kg,093039,,,https://www.woolworths.com.au/shop/productdetails/93039/harris-coffee-ground-smooth,https://cdn0.woolworths.media/content/wowproductimages/medium/093039.jpg,2020-09-21 17:27:05,,0,,False
5e932fd2-5a05-4e2b-a07c-90ce28cde8cc,Woolworths Supermarket,Pantry,Vittoria Inca Peru Nespresso Compatible Coffee Capsules pack 10,093040,$7.00,$0.70 / 1EA,https://www.woolworths.com.au/shop/productdetails/93040/vittoria-inca-peru-nespresso-compatible-coffee-capsules,https://cdn0.woolworths.media/content/wowproductimages/medium/093040.jpg,2020-09-21 17:27:05,,0,,True
1d913527-81c3-4825-9299-457e29f4fa22,Woolworths Supermarket,Pantry,Vittoria Ristretto Nespresso Compatible Coffee Capsules pack 10,093045,$6.00,$0.60 / 1EA,https://www.woolworths.com.au/shop/productdetails/93045/vittoria-ristretto-nespresso-compatible-coffee-capsules,https://cdn0.woolworths.media/content/wowproductimages/medium/093045.jpg,2020-09-21 17:27:05,,0,,True
02ef27a9-2e97-4d14-9213-05833530fed2,Woolworths Supermarket,Pantry,Vittoria Organic Nespresso Compatible Coffee Capsules pack 10,093046,$7.00,$0.70 / 1EA,https://www.woolworths.com.au/shop/productdetails/93046/vittoria-organic-nespresso-compatible-coffee-capsules,https://cdn0.woolworths.media/content/wowproductimages/medium/093046.jpg,2020-09-21 17:27:05,,0,,True
34d083b1-259a-4051-8d4b-dc30bdebc1af,Woolworths Supermarket,Pantry,San Remo Rigatoni Pasta No 22 500g,093054,$2.60,$0.52 / 100G,https://www.woolworths.com.au/shop/productdetails/93054/san-remo-rigatoni-pasta-no-22,https://cdn0.woolworths.media/content/wowproductimages/medium/093054.jpg,2020-09-21 17:27:05,,0,,True
710c0a48-51f3-454e-8b0c-76f6c1c4f58e,Woolworths Supermarket,Pantry,Masterfoods Pepper Steak Seasoning 30g,093055,$3.35,$0.96 / 10G,https://www.woolworths.com.au/shop/productdetails/93055/masterfoods-pepper-steak-seasoning,https://cdn0.woolworths.media/content/wowproductimages/medium/093055.jpg,2020-09-21 17:27:05,,0,,True
857e6640-4ef9-4976-a49c-80a86b9936c1,Woolworths Supermarket,Pantry,Vittoria Maragogype Nespresso Compatible Coffee Capsules pack 10,093084,$7.00,$0.70 / 1EA,https://www.woolworths.com.au/shop/productdetails/93084/vittoria-maragogype-nespresso-compatible-coffee-capsules,https://cdn0.woolworths.media/content/wowproductimages/medium/093084.jpg,2020-09-21 17:27:05,,0,,True
f567a7da-e8a6-4a29-a481-2b31cd78a078,Woolworths Supermarket,Pantry,Barkers Passionfruit Curd 400g,093090,$5.00,$1.25 / 100G,https://www.woolworths.com.au/shop/productdetails/93090/barkers-passionfruit-curd,https://cdn0.woolworths.media/content/wowproductimages/medium/093090.jpg,2020-09-21 17:27:05,,0,,True
1ef0dfab-ef6b-4009-8649-d26654c0899f,Woolworths Supermarket,Pantry,Vittoria Black Valley Nespresso Compatible Coffee Capsules pack 10,093095,$7.00,$0.70 / 1EA,https://www.woolworths.com.au/shop/productdetails/93095/vittoria-black-valley-nespresso-compatible-coffee-capsules,https://cdn0.woolworths.media/content/wowproductimages/medium/093095.jpg,2020-09-21 17:27:05,,0,,True
8456303e-0f52-429d-a427-b469fac6660f,Woolworths Supermarket,Pantry,Masterfoods Moroccan Seasoning 45g,093114,$3.70,$0.79 / 10G,https://www.woolworths.com.au/shop/productdetails/93114/masterfoods-moroccan-seasoning,https://cdn0.woolworths.media/content/wowproductimages/medium/093114.jpg,2020-09-21 17:27:05,,0,,True
0cac981f-4cc3-4875-8ac9-b9b6b911c507,Woolworths Supermarket,Pantry,Vittoria Espresso Nespresso Compatible Coffee Capsules pack 10,093221,$6.00,$0.60 / 1EA,https://www.woolworths.com.au/shop/productdetails/93221/vittoria-espresso-nespresso-compatible-coffee-capsules,https://cdn0.woolworths.media/content/wowproductimages/medium/093221.jpg,2020-09-21 17:27:05,,0,,True
d5632262-107d-414c-b1b2-2aa6c4e812eb,Woolworths Supermarket,Pantry,Campbell's Real Beef Liquid Stock 500ml,093351,$2.29,$0.46 / 100ML,https://www.woolworths.com.au/shop/productdetails/93351/campbell-s-real-beef-liquid-stock,https://cdn0.woolworths.media/content/wowproductimages/medium/093351.jpg,2020-09-21 17:27:05,,0,,True
6dc321d2-551e-4da0-86ba-6bfb4d28368f,Woolworths Supermarket,Pantry,Guylian Chocolate Sea Shells 250g gift box,093373,$8.00,$3.20 / 100G,https://www.woolworths.com.au/shop/productdetails/93373/guylian-chocolate-sea-shells,https://cdn0.woolworths.media/content/wowproductimages/medium/093373.jpg,2020-09-21 17:27:05,,0,,True
850ff5de-a74e-46d2-a345-6158588f82db,Woolworths Supermarket,Pantry,Vittoria Piccolo Nespresso Compatible Coffee Capsules pack 10,093381,$6.00,$0.60 / 1EA,https://www.woolworths.com.au/shop/productdetails/93381/vittoria-piccolo-nespresso-compatible-coffee-capsules,https://cdn0.woolworths.media/content/wowproductimages/medium/093381.jpg,2020-09-21 17:27:05,,0,,True
9895e76a-1546-4330-a81e-f527e5a50577,Woolworths Supermarket,Pantry,Barilla Fusilli Pasta No 98 500g,093383,$1.70,$0.34 / 100G,https://www.woolworths.com.au/shop/productdetails/93383/barilla-fusilli-pasta-no-98,https://cdn0.woolworths.media/content/wowproductimages/medium/093383.jpg,2020-09-21 17:27:05,,0,,True
20445ce7-af3e-4907-9d89-560bfd3a63a4,Woolworths Supermarket,Pantry,Vittoria Colombia Nespresso Compatible Coffee Capsules pack 10,093385,$7.00,$0.70 / 1EA,https://www.woolworths.com.au/shop/productdetails/93385/vittoria-colombia-nespresso-compatible-coffee-capsules,https://cdn0.woolworths.media/content/wowproductimages/medium/093385.jpg,2020-09-21 17:27:05,,0,,True
980d6d3b-026c-4d58-b2ee-65b6121203c4,Woolworths Supermarket,Pantry,Connect Foods Kombucha Infusion Black Tea Bags Pomegranate & Hibiscus 15 pack,093404,$7.00,$0.47 / 1EA,https://www.woolworths.com.au/shop/productdetails/93404/connect-foods-kombucha-infusion-black-tea-bags-pomegranate-hibiscus,https://cdn0.woolworths.media/content/wowproductimages/medium/093404.jpg,2020-09-21 17:27:05,,0,,True
b9b17189-20f3-43fa-9c97-a16c7529c0c8,Woolworths Supermarket,Pantry,Connect Foods Kombucha Infusion Black Tea Bags 15 pack,093405,$7.00,$0.47 / 1EA,https://www.woolworths.com.au/shop/productdetails/93405/connect-foods-kombucha-infusion-black-tea-bags,https://cdn0.woolworths.media/content/wowproductimages/medium/093405.jpg,2020-09-21 17:27:05,,0,,True
347a7167-cce3-480b-91ff-7cc7d77fa7ba,Woolworths Supermarket,Pantry,Caffe Aurora Italian Nespresso Compatible Coffee Capsules pack 10,093417,$4.00,$0.40 / 1EA,https://www.woolworths.com.au/shop/productdetails/93417/caffe-aurora-italian-nespresso-compatible-coffee-capsules,https://cdn0.woolworths.media/content/wowproductimages/medium/093417.jpg,2020-09-21 17:27:05,,0,,True
3b332673-1a09-403f-a828-03ce6733b4bf,Woolworths Supermarket,Pantry,Heinz Baked Beans No Added Sugar 300g x3 pack,093420,$3.00,$0.33 / 100G,https://www.woolworths.com.au/shop/productdetails/93420/heinz-baked-beans-no-added-sugar,https://cdn0.woolworths.media/content/wowproductimages/medium/093420.jpg,2020-09-21 17:27:05,,0,,True
82df345f-1cc8-42de-93dd-55b16d57801d,Woolworths Supermarket,Pantry,Old El Paso Hot Taco Sauce 200g,093441,$3.20,$1.60 / 100G,https://www.woolworths.com.au/shop/productdetails/93441/old-el-paso-hot-taco-sauce,https://cdn0.woolworths.media/content/wowproductimages/medium/093441.jpg,2020-09-21 17:27:05,,0,,True
c81899ac-05c2-40c2-80ba-dc8ab4dc29fc,Woolworths Supermarket,Pantry,Old El Paso Mild Taco Sauce 200g,093442,$3.20,$1.60 / 100G,https://www.woolworths.com.au/shop/productdetails/93442/old-el-paso-mild-taco-sauce,https://cdn0.woolworths.media/content/wowproductimages/medium/093442.jpg,2020-09-21 17:27:05,,0,,True
b8ba4818-91fa-4e42-9f29-7fe7e5e03bc9,Woolworths Supermarket,Pantry,Old El Paso Medium Taco Sauce 200g,093443,$3.20,$1.60 / 100G,https://www.woolworths.com.au/shop/productdetails/93443/old-el-paso-medium-taco-sauce,https://cdn0.woolworths.media/content/wowproductimages/medium/093443.jpg,2020-09-21 17:27:05,,0,,True
6e9ca3d1-383e-4743-bacb-21caab80f85a,Woolworths Supermarket,Pantry,Sunbites Grain Waves Sour Cream & Chives 5 pack,720220,$3.10,$2.82 / 100G,https://www.woolworths.com.au/shop/productdetails/720220/sunbites-grain-waves-sour-cream-chives,https://cdn0.woolworths.media/content/wowproductimages/medium/720220.jpg,2020-09-21 17:27:05,,0,2 for $5.00,True
5b9e90be-5e06-45f9-a2cb-f06a46ad9009,Woolworths Supermarket,Pantry,Woolworths Rolled Traditional Oats 750g,321220,$1.40,$0.19 / 100G,https://www.woolworths.com.au/shop/productdetails/321220/woolworths-rolled-traditional-oats,https://cdn0.woolworths.media/content/wowproductimages/medium/321220.jpg,2020-09-21 17:27:05,Average product rating out of 5: 4.6. Product score is based on 748 ratings,748,,True
5bd92312-18ab-4612-8a80-a7e915591bcd,Woolworths Supermarket,Pantry,Cobram Estate Extra Virgin Light Olive Oil 750ml,345955,$15.00,$2.00 / 100ML,https://www.woolworths.com.au/shop/productdetails/345955/cobram-estate-extra-virgin-light-olive-oil,https://cdn0.woolworths.media/content/wowproductimages/medium/345955.jpg,2020-09-21 17:27:05,,0,,True
595b8ce2-5b25-4e24-9276-2cae5bee79f1,Woolworths Supermarket,Pantry,Nescafe Blend 43 Soluble Instant Coffee 500g,035694,$20.00,$4.00 / 100G,https://www.woolworths.com.au/shop/productdetails/35694/nescafe-blend-43-soluble-instant-coffee,https://cdn0.woolworths.media/content/wowproductimages/medium/035694.jpg,2020-09-21 17:27:05,,0,,True
bd01c0fb-965a-4bbe-a8f3-e9952c41430f,Woolworths Supermarket,Pantry,Woolworths Almond Meal 400g,610610,$7.50,$18.75 / 1KG,https://www.woolworths.com.au/shop/productdetails/610610/woolworths-almond-meal,https://cdn0.woolworths.media/content/wowproductimages/medium/610610.jpg,2020-09-21 17:27:05,Average product rating out of 5: 4.6. Product score is based on 326 ratings,326,Was $9.00 22/07/2020,True
2da462e0-a2aa-4645-af33-89b18927e6a5,Woolworths Supermarket,Pantry,Woolworths White Rice Long Grain 5kg,072779,$6.70,$0.13 / 100G,https://www.woolworths.com.au/shop/productdetails/72779/woolworths-white-rice-long-grain,https://cdn0.woolworths.media/content/wowproductimages/medium/072779.jpg,2020-09-21 17:27:05,Average product rating out of 5: 4.8. Product score is based on 14 ratings,14,,True
1d84445c-2c7e-4a2a-90fc-baacf19afeaf,Woolworths Supermarket,Pantry,Cadbury Dairy Milk Chocolate Fair Trade 350g,757883,$5.00,$1.43 / 100G,https://www.woolworths.com.au/shop/productdetails/757883/cadbury-dairy-milk-chocolate-fair-trade,https://cdn0.woolworths.media/content/wowproductimages/medium/757883.jpg,2020-09-21 17:27:05,,0,Was $6.30 16/01/2017,True
67776c53-6b7f-45da-8f45-cbb92b37b459,Woolworths Supermarket,Pantry,Arnott's Monte Carlo 250g,036031,$3.00,$1.20 / 100G,https://www.woolworths.com.au/shop/productdetails/36031/arnott-s-monte-carlo,https://cdn0.woolworths.media/content/wowproductimages/medium/036031.jpg,2020-09-21 17:27:05,,0,,True
8205c345-ae93-4bb1-a5a3-75db5f79cddf,Woolworths Supermarket,Pantry,Queen Organic Vanilla Bean Paste 65g,225399,$11.80,$18.15 / 100G,https://www.woolworths.com.au/shop/productdetails/225399/queen-organic-vanilla-bean-paste,https://cdn0.woolworths.media/content/wowproductimages/medium/225399.jpg,2020-09-21 17:27:05,,0,,True
2b3cbaa6-f0e5-42c4-8378-5a61ab3545fe,Woolworths Supermarket,Pantry,Sanitarium Weet-bix Breakfast Cereal 1.2kg,200695,$5.00,$0.42 / 100G,https://www.woolworths.com.au/shop/productdetails/200695/sanitarium-weet-bix-breakfast-cereal,https://cdn0.woolworths.media/content/wowproductimages/medium/200695.jpg,2020-09-21 17:27:05,,0,,True
0621ac2c-ea41-47f7-ac56-eaf952e8fe6f,Woolworths Supermarket,Pantry,Beechworth Pure Honey 1.5kg,250371,$22.00,$1.47 / 100G,https://www.woolworths.com.au/shop/productdetails/250371/beechworth-pure-honey,https://cdn0.woolworths.media/content/wowproductimages/medium/250371.jpg,2020-09-21 17:27:05,,0,,True
453e6c62-4663-4d6d-9593-270957103b2e,Woolworths Supermarket,Pantry,Moccona Freeze Dried Instant Coffee Classic Medium Roast 400g,208575,$24.00,$6.00 / 100G,https://www.woolworths.com.au/shop/productdetails/208575/moccona-freeze-dried-instant-coffee-classic-medium-roast,https://cdn0.woolworths.media/content/wowproductimages/medium/208575.jpg,2020-09-21 17:27:05,,0,,True
ce411cce-2eca-44f7-9992-f35d31d83502,Woolworths Supermarket,Pantry,Continental Cup A Soup Creamy Chicken With Lots Of Noodles 2 pack,026649,$2.00,$3.33 / 100G,https://www.woolworths.com.au/shop/productdetails/26649/continental-cup-a-soup-creamy-chicken-with-lots-of-noodles,https://cdn0.woolworths.media/content/wowproductimages/medium/026649.jpg,2020-09-21 17:27:05,,0,,True
3a733cab-13e4-4211-a9ef-050890e97143,Woolworths Supermarket,Pantry,Bertolli Extra Virgin Olive Oil Originale 750ml,502951,$6.50,$0.87 / 100ML,https://www.woolworths.com.au/shop/productdetails/502951/bertolli-extra-virgin-olive-oil-originale,https://cdn0.woolworths.media/content/wowproductimages/medium/502951.jpg,2020-09-21 17:27:05,,0,,True
8a0cd0e3-b2bf-4a10-936a-8837e5cf2b94,Woolworths Supermarket,Pantry,Woolworths Walnuts Kernel 500g,749540,$11.00,$22.00 / 1KG,https://www.woolworths.com.au/shop/productdetails/749540/woolworths-walnuts-kernel,https://cdn0.woolworths.media/content/wowproductimages/medium/749540.jpg,2020-09-21 17:27:05,Average product rating out of 5: 4.8. Product score is based on 360 ratings,360,,True
ee6cbf70-4bec-40dc-97ca-36964cfae5bb,Woolworths Supermarket,Pantry,Woolworths Diced Italian Tomatoes No Added Salt 400g,770320,$0.80,$2.00 / 1KG,https://www.woolworths.com.au/shop/productdetails/770320/woolworths-diced-italian-tomatoes-no-added-salt,https://cdn0.woolworths.media/content/wowproductimages/medium/770320.jpg,2020-09-21 17:27:05,Average product rating out of 5: 4.7. Product score is based on 311 ratings,311,,True
9f080334-a533-4713-9791-64c573adcf54,Woolworths Supermarket,Pantry,Mckenzie's Himalayan Salt Rock Pink 400g,749926,$5.95,$0.15 / 10G,https://www.woolworths.com.au/shop/productdetails/749926/mckenzie-s-himalayan-salt-rock-pink,https://cdn0.woolworths.media/content/wowproductimages/medium/749926.jpg,2020-09-21 17:27:05,,0,,True
4f763355-1ee9-4e29-959d-3263d61de556,Woolworths Supermarket,Pantry,Vege Chips Chicken Style 100g,793382,$3.80,$3.80 / 100G,https://www.woolworths.com.au/shop/productdetails/793382/vege-chips-chicken-style,https://cdn0.woolworths.media/content/wowproductimages/medium/793382.jpg,2020-09-21 17:27:05,Average product rating out of 5: 4.7. Product score is based on 20 ratings,20,,True
f1a26f25-08ba-4ec2-b6b1-ab3bfe8ad9c7,Woolworths Supermarket,Pantry,Ritz Crackers Original 300g,660562,$2.50,$0.83 / 100G,https://www.woolworths.com.au/shop/productdetails/660562/ritz-crackers-original,https://cdn0.woolworths.media/content/wowproductimages/medium/660562.jpg,2020-09-21 17:27:05,,0,,True
cfa069ff-11a7-4d0e-bd65-1b2c5797b3c1,Woolworths Supermarket,Pantry,Macro Organic Quinoa Tri Colour 500g,717631,$7.00,$1.40 / 100G,https://www.woolworths.com.au/shop/productdetails/717631/macro-organic-quinoa-tri-colour,https://cdn0.woolworths.media/content/wowproductimages/medium/717631.jpg,2020-09-21 17:27:05,Average product rating out of 5: 4.6. Product score is based on 274 ratings,274,Was $9.99 09/01/2017,True
7d601157-7525-4512-a9b2-caa93fcddde8,Woolworths Supermarket,Pantry,Old El Paso Mexican Chilli Spice Mix 35g,093445,$2.00,$5.71 / 100G,https://www.woolworths.com.au/shop/productdetails/93445/old-el-paso-mexican-chilli-spice-mix,https://cdn0.woolworths.media/content/wowproductimages/medium/093445.jpg,2020-09-21 17:27:05,,0,,True
fed85dcc-e722-4b78-9799-6675fdba33c6,Woolworths Supermarket,Pantry,Old El Paso Mexican Sweet Paprika Taco Kit 290g,093453,$6.50,$2.24 / 100G,https://www.woolworths.com.au/shop/productdetails/93453/old-el-paso-mexican-sweet-paprika-taco-kit,https://cdn0.woolworths.media/content/wowproductimages/medium/093453.jpg,2020-09-21 17:27:05,,0,,True
6dba4e83-c33c-457a-9d1a-f426a13b0811,Woolworths Supermarket,Pantry,Vittoria Latte Nespresso Compatible Coffee Capsules pack 10,093466,$6.00,$0.60 / 1EA,https://www.woolworths.com.au/shop/productdetails/93466/vittoria-latte-nespresso-compatible-coffee-capsules,https://cdn0.woolworths.media/content/wowproductimages/medium/093466.jpg,2020-09-21 17:27:05,,0,,True
5a32cc90-3313-4d13-ba1d-19e225933b11,Woolworths Supermarket,Pantry,Connect Foods Connect Foods Bags Raspberry & Blueberry 15 pack,093476,$7.00,$0.47 / 1EA,https://www.woolworths.com.au/shop/productdetails/93476/connect-foods-connect-foods-bags-raspberry-blueberry,https://cdn0.woolworths.media/content/wowproductimages/medium/093476.jpg,2020-09-21 17:27:05,,0,,True
8be03d4d-a759-4b5d-8f1e-773fe102890c,Woolworths Supermarket,Pantry,Nestle Milkybar 50g bar,093539,$2.00,$4.00 / 100G,https://www.woolworths.com.au/shop/productdetails/93539/nestle-milkybar,https://cdn0.woolworths.media/content/wowproductimages/medium/093539.jpg,2020-09-21 17:27:05,,0,,True
5d6b92b1-759f-4925-a13d-9b6dc8145089,Woolworths Supermarket,Pantry,Csr Original Treacle 850g,093700,$5.45,$0.64 / 100G,https://www.woolworths.com.au/shop/productdetails/93700/csr-original-treacle,https://cdn0.woolworths.media/content/wowproductimages/medium/093700.jpg,2020-09-21 17:27:05,,0,,True
5c11dfb5-1dac-4f7a-a8e0-c9ced2c5a60e,Woolworths Supermarket,Pantry,Vittoria Espresso Nespresso Compatible Coffee Capsules pack 20,093852,$8.80,$0.44 / 1EA,https://www.woolworths.com.au/shop/productdetails/93852/vittoria-espresso-nespresso-compatible-coffee-capsules,https://cdn0.woolworths.media/content/wowproductimages/medium/093852.jpg,2020-09-21 17:27:05,,0,,True
436d12e7-ffc3-4a8b-902f-17b99b9017c2,Woolworths Supermarket,Pantry,Connect Foods Kombucha Infusion Black Tea Bags Apple Cinnamon 15 pack,093863,$7.00,$0.47 / 1EA,https://www.woolworths.com.au/shop/productdetails/93863/connect-foods-kombucha-infusion-black-tea-bags-apple-cinnamon,https://cdn0.woolworths.media/content/wowproductimages/medium/093863.jpg,2020-09-21 17:27:05,,0,,True
e16a8eb1-5367-4fe3-9c34-a3a30b05f68d,Woolworths Supermarket,Pantry,Sunbeam Raisins 1kg,093880,$12.60,$12.60 / 1KG,https://www.woolworths.com.au/shop/productdetails/93880/sunbeam-raisins,https://cdn0.woolworths.media/content/wowproductimages/medium/093880.jpg,2020-09-21 17:27:05,,0,,True
2febc3df-86bf-4185-8a04-cf16ce79db14,Woolworths Supermarket,Pantry,Connect Foods Kombucha Infusion Black Tea Bags Lemon & Ginger 15 pack,093944,$7.00,$0.47 / 1EA,https://www.woolworths.com.au/shop/productdetails/93944/connect-foods-kombucha-infusion-black-tea-bags-lemon-ginger,https://cdn0.woolworths.media/content/wowproductimages/medium/093944.jpg,2020-09-21 17:27:05,,0,,True
cb997d15-3163-463d-bbad-c1ec75a3f45d,Woolworths Supermarket,Pantry,Masterfoods Smokey Texan Barbecue Style Marinade 160g,094120,$3.00,$1.88 / 100G,https://www.woolworths.com.au/shop/productdetails/94120/masterfoods-smokey-texan-barbecue-style-marinade,https://cdn0.woolworths.media/content/wowproductimages/medium/094120.jpg,2020-09-21 17:27:05,,0,,True
c90f3d22-9c46-4194-8889-c91790d6eb66,Woolworths Supermarket,Pantry,Vittoria Espresso Ground Coffee 1kg,094131,$19.00,$1.90 / 100G,https://www.woolworths.com.au/shop/productdetails/94131/vittoria-espresso-ground-coffee,https://cdn0.woolworths.media/content/wowproductimages/medium/094131.jpg,2020-09-21 17:27:05,,0,,True
ecd0257f-c6e9-4922-afda-94bc0e90c9fe,Woolworths Supermarket,Pantry,Vetta Smart Fibre Veg Twists Pasta 375g,094141,$2.00,$0.53 / 100G,https://www.woolworths.com.au/shop/productdetails/94141/vetta-smart-fibre-veg-twists-pasta,https://cdn0.woolworths.media/content/wowproductimages/medium/094141.jpg,2020-09-21 17:27:05,,0,,True
2c98c530-5fc8-4834-a949-8b992e8c712d,Woolworths Supermarket,Pantry,Nando's Perinaise Garlic Peri-peri Mayonnaise Medium 265g,094176,$2.95,$1.11 / 100G,https://www.woolworths.com.au/shop/productdetails/94176/nando-s-perinaise-garlic-peri-peri-mayonnaise-medium,https://cdn0.woolworths.media/content/wowproductimages/medium/094176.jpg,2020-09-21 17:27:05,,0,,True
e98fbf3c-8925-4870-8410-b9d644263afd,Woolworths Supermarket,Pantry,Twinings Chai Vanilla Flavoures Tea Bags 80 pack,094179,$11.00,$0.14 / 1EA,https://www.woolworths.com.au/shop/productdetails/94179/twinings-chai-vanilla-flavoures-tea-bags,https://cdn0.woolworths.media/content/wowproductimages/medium/094179.jpg,2020-09-21 17:27:05,,0,,True
a38d2c9e-886e-4374-90bd-bc70e68ee7a6,Woolworths Supermarket,Pantry,Masterfoods Smokey Jamaican Barbecue Style Marinade 160g,094189,$3.00,$1.88 / 100G,https://www.woolworths.com.au/shop/productdetails/94189/masterfoods-smokey-jamaican-barbecue-style-marinade,https://cdn0.woolworths.media/content/wowproductimages/medium/094189.jpg,2020-09-21 17:27:05,,0,,True
c8bb0040-2c44-495f-86d6-5dd8134e342b,Woolworths Supermarket,Pantry,Masterfoods Tomato Sauce Hidden Veg 500ml,094190,$2.00,$0.40 / 100ML,https://www.woolworths.com.au/shop/productdetails/94190/masterfoods-tomato-sauce-hidden-veg,https://cdn0.woolworths.media/content/wowproductimages/medium/094190.jpg,2020-09-21 17:27:05,,0,,True
517d5a6a-7591-43b8-994e-cf9fbe49e0bb,Woolworths Supermarket,Pantry,Spc Jackfruit Pieces In Water 410g,094217,$3.50,$0.85 / 100G,https://www.woolworths.com.au/shop/productdetails/94217/spc-jackfruit-pieces-in-water,https://cdn0.woolworths.media/content/wowproductimages/medium/094217.jpg,2020-09-21 17:27:05,,0,,True
596a83d4-c574-4eff-9dba-28ea739668da,Woolworths Supermarket,Pantry,Paul Newman's Dressings Classic Salad 250ml,094223,$4.00,$1.60 / 100ML,https://www.woolworths.com.au/shop/productdetails/94223/paul-newman-s-dressings-classic-salad,https://cdn0.woolworths.media/content/wowproductimages/medium/094223.jpg,2020-09-21 17:27:05,,0,Was $4.40 21/08/2017,True
70e85333-c69e-4162-b514-5b9d21cdd17c,Woolworths Supermarket,Pantry,Edgell Peas & Carrots Peas & Carrots 420g,094250,$2.00,$4.76 / 1KG,https://www.woolworths.com.au/shop/productdetails/94250/edgell-peas-carrots-peas-carrots,https://cdn0.woolworths.media/content/wowproductimages/medium/094250.jpg,2020-09-21 17:27:05,,0,,True
996ae458-e03e-4996-8b07-23ab2ea6c265,Woolworths Supermarket,Pantry,Vetta Smart Fibre Dinosaur Pasta 375g,094255,$2.00,$0.40 / 100G,https://www.woolworths.com.au/shop/productdetails/94255/vetta-smart-fibre-dinosaur-pasta,https://cdn0.woolworths.media/content/wowproductimages/medium/094255.jpg,2020-09-21 17:27:05,,0,,True
690ea439-5df4-4efd-b929-81c44a4c1690,Woolworths Supermarket,Pantry,Masterfoods Loaded Fries Topper Cheese & Bacon Flavoured 160g,094257,$3.00,$1.88 / 100G,https://www.woolworths.com.au/shop/productdetails/94257/masterfoods-loaded-fries-topper-cheese-bacon-flavoured,https://cdn0.woolworths.media/content/wowproductimages/medium/094257.jpg,2020-09-21 17:27:05,,0,,True
8fd6219d-ad51-4bac-b54e-34ca3346b205,Woolworths Supermarket,Pantry,Ardmona Tomato Paste 140g,094266,$2.00,$1.43 / 100G,https://www.woolworths.com.au/shop/productdetails/94266/ardmona-tomato-paste,https://cdn0.woolworths.media/content/wowproductimages/medium/094266.jpg,2020-09-21 17:27:05,,0,,True
94511016-9867-4d90-83e3-4595f70e604f,Woolworths Supermarket,Pantry,Twinings Cranberry & Pomegranate Fruit Infusions 40 pack,094268,$7.00,$0.18 / 1EA,https://www.woolworths.com.au/shop/productdetails/94268/twinings-cranberry-pomegranate-fruit-infusions,https://cdn0.woolworths.media/content/wowproductimages/medium/094268.jpg,2020-09-21 17:27:05,,0,,True
7eac1a59-4749-4bd0-a73d-2f9261e62ee1,Woolworths Supermarket,Pantry,Masterfoods Barbecue Sauce 500ml,099696,$2.50,$0.50 / 100ML,https://www.woolworths.com.au/shop/productdetails/99696/masterfoods-barbecue-sauce,https://cdn0.woolworths.media/content/wowproductimages/medium/099696.jpg,2020-09-21 17:27:05,,0,,True
31e8728c-2e22-446f-845a-b59bfde542ee,Woolworths Supermarket,Pantry,Doritos Share Pack Cheese Supreme 170g,826731,$2.75,$1.62 / 100G,https://www.woolworths.com.au/shop/productdetails/826731/doritos-share-pack-cheese-supreme,https://cdn0.woolworths.media/content/wowproductimages/medium/826731.jpg,2020-09-21 17:27:05,,0,,True
58627f9b-5183-4d8a-b74c-bcb550350b67,Woolworths Supermarket,Pantry,Arnott's Shortbread 250g,008838,$2.50,$1.00 / 100G,https://www.woolworths.com.au/shop/productdetails/8838/arnott-s-shortbread,https://cdn0.woolworths.media/content/wowproductimages/medium/008838.jpg,2020-09-21 17:27:05,,0,,True
f9758edd-fce2-41e5-8017-54c9c0719cf9,Woolworths Supermarket,Pantry,Twisties Cheese Chips 90g,081659,$2.00,$2.22 / 100G,https://www.woolworths.com.au/shop/productdetails/81659/twisties-cheese-chips,https://cdn0.woolworths.media/content/wowproductimages/medium/081659.jpg,2020-09-21 17:27:05,,0,,True
96c90816-fc86-4d15-baf8-a6e00fa19756,Woolworths Supermarket,Pantry,Bertolli Extra Virgin Olive Oil Originale 750ml,502951,$6.50,$0.87 / 100ML,https://www.woolworths.com.au/shop/productdetails/502951/bertolli-extra-virgin-olive-oil-originale,https://cdn0.woolworths.media/content/wowproductimages/medium/502951.jpg,2020-09-21 17:27:05,,0,,True
b8be4c16-6c1b-43de-858e-7e8611a7ae37,Woolworths Supermarket,Pantry,Valcom Canned Bamboo Shoots Sliced 225g,097730,$1.10,$4.89 / 1KG,https://www.woolworths.com.au/shop/productdetails/97730/valcom-canned-bamboo-shoots-sliced,https://cdn0.woolworths.media/content/wowproductimages/medium/097730.jpg,2020-09-21 17:27:05,,0,,True
a9c75884-7937-4035-bce2-aa47815772cc,Woolworths Supermarket,Pantry,Kellogg's Nutri-grain Protein Breakfast Cereal 290g,701706,$4.95,$1.71 / 100G,https://www.woolworths.com.au/shop/productdetails/701706/kellogg-s-nutri-grain-protein-breakfast-cereal,https://cdn0.woolworths.media/content/wowproductimages/medium/701706.jpg,2020-09-21 17:27:05,,0,,True
f9f953c2-817b-4a86-b0f1-1f30dccc9dfb,Woolworths Supermarket,Pantry,Arnott's Malt O' Milk 250g,036036,$2.50,$1.00 / 100G,https://www.woolworths.com.au/shop/productdetails/36036/arnott-s-malt-o-milk,https://cdn0.woolworths.media/content/wowproductimages/medium/036036.jpg,2020-09-21 17:27:05,,0,,True
81a54b86-cc20-4e37-b68c-0a8be923fd8a,Woolworths Supermarket,Pantry,Smith's Share Pack Crinkle Cut Salt & Vinegar 170g,826738,$2.75,$1.62 / 100G,https://www.woolworths.com.au/shop/productdetails/826738/smith-s-share-pack-crinkle-cut-salt-vinegar,https://cdn0.woolworths.media/content/wowproductimages/medium/826738.jpg,2020-09-21 17:27:05,,0,,True
e12e5a54-eda5-4e73-990e-0ce4d7e1de19,Woolworths Supermarket,Pantry,Arnott's Snack Right Sultana 250g,182697,$3.00,$1.20 / 100G,https://www.woolworths.com.au/shop/productdetails/182697/arnott-s-snack-right-sultana,https://cdn0.woolworths.media/content/wowproductimages/medium/182697.jpg,2020-09-21 17:27:05,,0,Was $4.20 11/02/2019,True
bb40d802-9c57-4e57-9d8d-185dd0a96957,Woolworths Supermarket,Pantry,Toblerone Milk Chocolate Bar 50g,047011,$1.00,$2.00 / 100G,https://www.woolworths.com.au/shop/productdetails/47011/toblerone-milk-chocolate-bar,https://cdn0.woolworths.media/content/wowproductimages/medium/047011.jpg,2020-09-21 17:27:05,,0,,True
95f82512-e97c-4b1e-81da-c58e1b36ee31,Woolworths Supermarket,Pantry,Kooka's Country Cookies Lemon 200g,347837,$2.00,$1.00 / 100G,https://www.woolworths.com.au/shop/productdetails/347837/kooka-s-country-cookies-lemon,https://cdn0.woolworths.media/content/wowproductimages/medium/347837.jpg,2020-09-21 17:27:05,,0,,True
45871263-fa15-48a2-b99a-27f6e8f7e290,Woolworths Supermarket,Pantry,Uncle Tobys Roll-ups Strawberry Fun Prints 6 pack,324231,$4.00,$4.26 / 100G,https://www.woolworths.com.au/shop/productdetails/324231/uncle-tobys-roll-ups-strawberry-fun-prints,https://cdn0.woolworths.media/content/wowproductimages/medium/324231.jpg,2020-09-21 17:27:05,,0,,True
e88947a1-382b-4535-a86d-d8515aea15b5,Woolworths Supermarket,Pantry,Woolworths Corn Sweet Kernels 420g,218926,$1.00,$2.38 / 1KG,https://www.woolworths.com.au/shop/productdetails/218926/woolworths-corn-sweet-kernels,https://cdn0.woolworths.media/content/wowproductimages/medium/218926.jpg,2020-09-21 17:27:05,Average product rating out of 5: 4.1. Product score is based on 215 ratings,215,,True
132c1f98-9ba5-48b5-8fd5-d6ecc4164dee,Woolworths Supermarket,Pantry,Moccona Freeze Dried Instant Coffee Classic Medium Roast 400g,208575,$24.00,$6.00 / 100G,https://www.woolworths.com.au/shop/productdetails/208575/moccona-freeze-dried-instant-coffee-classic-medium-roast,https://cdn0.woolworths.media/content/wowproductimages/medium/208575.jpg,2020-09-21 17:27:05,,0,,True
5130b51c-01f7-40a8-baec-9b01f9ab49a4,Woolworths Supermarket,Pantry,Macro Organic Quinoa Tri Colour 500g,717631,$7.00,$1.40 / 100G,https://www.woolworths.com.au/shop/productdetails/717631/macro-organic-quinoa-tri-colour,https://cdn0.woolworths.media/content/wowproductimages/medium/717631.jpg,2020-09-21 17:27:05,Average product rating out of 5: 4.6. Product score is based on 274 ratings,274,Was $9.99 09/01/2017,True
2557d6fe-91c4-4c05-924b-82a318ba4e94,Woolworths Supermarket,Pantry,Arnott's Shapes Cheddar 175g,384244,$2.50,$1.43 / 100G,https://www.woolworths.com.au/shop/productdetails/384244/arnott-s-shapes-cheddar,https://cdn0.woolworths.media/content/wowproductimages/medium/384244.jpg,2020-09-21 17:27:05,,0,,True
1b185afb-b16d-453f-8ba6-547f6ddd99c9,Woolworths Supermarket,Pantry,Uncle Ben's Microwave Mexican Style Brown Rice 250g,727257,$3.00,$1.20 / 100G,https://www.woolworths.com.au/shop/productdetails/727257/uncle-ben-s-microwave-mexican-style-brown-rice,https://cdn0.woolworths.media/content/wowproductimages/medium/727257.jpg,2020-09-21 17:27:05,,0,,True
6d9db745-9ed3-47e2-b911-1958efd4cf62,Woolworths Supermarket,Pantry,Pringles Sour Cream And Onion Chips 134g,479502,$2.50,$1.87 / 100G,https://www.woolworths.com.au/shop/productdetails/479502/pringles-sour-cream-and-onion-chips,https://cdn0.woolworths.media/content/wowproductimages/medium/479502.jpg,2020-09-21 17:27:05,,0,,True
922abe85-62c8-4ba3-920f-11886d42ff39,Woolworths Supermarket,Pantry,Mckenzie's Rice Flour 375g,094275,$1.50,$4.00 / 1KG,https://www.woolworths.com.au/shop/productdetails/94275/mckenzie-s-rice-flour,https://cdn0.woolworths.media/content/wowproductimages/medium/094275.jpg,2020-09-21 17:27:05,,0,,True
4d71b0b6-47c6-4ff1-aa3f-6c7bf3168d9d,Woolworths Supermarket,Pantry,Masterfoods Loaded Fries Topper Mexican Style Salsa 160g,094300,$3.00,$1.88 / 100G,https://www.woolworths.com.au/shop/productdetails/94300/masterfoods-loaded-fries-topper-mexican-style-salsa,https://cdn0.woolworths.media/content/wowproductimages/medium/094300.jpg,2020-09-21 17:27:05,,0,,True
f8cc9c7c-dc30-49e9-9256-51ed4ef2ff51,Woolworths Supermarket,Pantry,Beerenberg Sweet Mustard Pickle 265g,094330,$5.00,$1.89 / 100G,https://www.woolworths.com.au/shop/productdetails/94330/beerenberg-sweet-mustard-pickle,https://cdn0.woolworths.media/content/wowproductimages/medium/094330.jpg,2020-09-21 17:27:05,,0,,True
1ab7269a-99ad-442c-b8ee-e7cb7680c8d2,Woolworths Supermarket,Pantry,Masterfoods Loaded Fries Topper Nacho Cheese 160g,094338,$3.00,$1.88 / 100G,https://www.woolworths.com.au/shop/productdetails/94338/masterfoods-loaded-fries-topper-nacho-cheese,https://cdn0.woolworths.media/content/wowproductimages/medium/094338.jpg,2020-09-21 17:27:05,,0,,True
04073550-0aa1-4867-bb36-3cc29e4596ac,Woolworths Supermarket,Pantry,Twinings Strawberry Raspberry & Loganberry Fruit Infusions 40 pack,094339,$7.00,$0.18 / 1EA,https://www.woolworths.com.au/shop/productdetails/94339/twinings-strawberry-raspberry-loganberry-fruit-infusions,https://cdn0.woolworths.media/content/wowproductimages/medium/094339.jpg,2020-09-21 17:27:05,,0,,True
aa512f89-c890-4f24-ba55-0e7eee899024,Woolworths Supermarket,Pantry,Twinings Mango & Strawberry Fruit Infusions 10 pack,094341,$2.70,$0.27 / 1EA,https://www.woolworths.com.au/shop/productdetails/94341/twinings-mango-strawberry-fruit-infusions,https://cdn0.woolworths.media/content/wowproductimages/medium/094341.jpg,2020-09-21 17:27:05,,0,,True
d6efa36d-c660-4b39-af77-364c298ad324,Woolworths Supermarket,Pantry,Twinings Camomile Honey & Vanilla Hebal Infusions 40 pack,094370,$7.00,$0.18 / 1EA,https://www.woolworths.com.au/shop/productdetails/94370/twinings-camomile-honey-vanilla-hebal-infusions,https://cdn0.woolworths.media/content/wowproductimages/medium/094370.jpg,2020-09-21 17:27:05,,0,,True
ce26c82a-91b1-4e42-9238-65e5cad577dd,Woolworths Supermarket,Pantry,Leggos Pesto Traditional Basil 190g,094375,$4.60,$2.42 / 100G,https://www.woolworths.com.au/shop/productdetails/94375/leggos-pesto-traditional-basil,https://cdn0.woolworths.media/content/wowproductimages/medium/094375.jpg,2020-09-21 17:27:05,,0,,True
a133f8a7-93b3-4c85-9019-7f424f795306,Woolworths Supermarket,Pantry,Leggos Pesto Sundried Tomato 190g,094376,$4.60,$2.42 / 100G,https://www.woolworths.com.au/shop/productdetails/94376/leggos-pesto-sundried-tomato,https://cdn0.woolworths.media/content/wowproductimages/medium/094376.jpg,2020-09-21 17:27:05,,0,,True
eef767c0-e361-4116-8c5a-c4da5a1600a4,Woolworths Supermarket,Pantry,Don Antonio Pizza Sauce Sugo Di Pomodor Per Pizza 500g,094452,$6.50,$1.30 / 100G,https://www.woolworths.com.au/shop/productdetails/94452/don-antonio-pizza-sauce-sugo-di-pomodor-per-pizza,https://cdn0.woolworths.media/content/wowproductimages/medium/094452.jpg,2020-09-21 17:27:05,,0,,True
ca85dbed-85e5-489d-9f2e-9230521ce12b,Woolworths Supermarket,Pantry,Vetta Smart Fibre Penne Pasta 500g,094456,$2.00,$0.40 / 100G,https://www.woolworths.com.au/shop/productdetails/94456/vetta-smart-fibre-penne-pasta,https://cdn0.woolworths.media/content/wowproductimages/medium/094456.jpg,2020-09-21 17:27:05,,0,,True
a48b9a1f-7d4d-4f19-920e-5af4d5b64260,Woolworths Supermarket,Pantry,Masterfoods Oregano Leaves 18g,094484,$4.60,$2.56 / 10G,https://www.woolworths.com.au/shop/productdetails/94484/masterfoods-oregano-leaves,https://cdn0.woolworths.media/content/wowproductimages/medium/094484.jpg,2020-09-21 17:27:05,,0,,True
4603d482-8997-401e-84fe-35fd75c190b7,Woolworths Supermarket,Pantry,Masterfoods Paprika 115g,094485,$6.30,$0.55 / 10G,https://www.woolworths.com.au/shop/productdetails/94485/masterfoods-paprika,https://cdn0.woolworths.media/content/wowproductimages/medium/094485.jpg,2020-09-21 17:27:05,,0,,True
61d033b3-8af0-4a4b-b8d5-79e206b5fde1,Woolworths Supermarket,Pantry,Masterfoods Garlic Powder 155g,094489,$5.80,$0.37 / 10G,https://www.woolworths.com.au/shop/productdetails/94489/masterfoods-garlic-powder,https://cdn0.woolworths.media/content/wowproductimages/medium/094489.jpg,2020-09-21 17:27:05,,0,,True
019d4d50-0f88-428c-b173-64255277c573,Woolworths Supermarket,Pantry,Sunrice Brown Rice Calrose Medium Grain 1kg,094536,$3.50,$0.35 / 100G,https://www.woolworths.com.au/shop/productdetails/94536/sunrice-brown-rice-calrose-medium-grain,https://cdn0.woolworths.media/content/wowproductimages/medium/094536.jpg,2020-09-21 17:27:05,,0,,True
a607ac0b-2fd5-4750-ab44-aa9cfb65bec4,Woolworths Supermarket,Pantry,Equal Sweetener Sachets 50pk,094563,$2.95,$5.90 / 100EA,https://www.woolworths.com.au/shop/productdetails/94563/equal-sweetener-sachets,https://cdn0.woolworths.media/content/wowproductimages/medium/094563.jpg,2020-09-21 17:27:05,,0,,True
d559a194-de28-4a2d-8107-3eec85cc3cdd,Woolworths Supermarket,Pantry,Arkadia Chai Tea Low Sugar 240g,094606,$5.50,$2.29 / 100G,https://www.woolworths.com.au/shop/productdetails/94606/arkadia-chai-tea-low-sugar,https://cdn0.woolworths.media/content/wowproductimages/medium/094606.jpg,2020-09-21 17:27:05,,0,,True
24489baf-f1ba-4073-9216-2a29d58b48bd,Woolworths Supermarket,Pantry,Hoyt's Nutmeg Ground 25g,094608,$2.00,$0.80 / 10G,https://www.woolworths.com.au/shop/productdetails/94608/hoyt-s-nutmeg-ground,https://cdn0.woolworths.media/content/wowproductimages/medium/094608.jpg,2020-09-21 17:27:05,,0,,True
9c0bf9da-f5bc-4405-b34e-8ee2943c6391,Woolworths Supermarket,Pantry,Hoyt's Onion Dried 40g,094610,$1.65,$0.41 / 10G,https://www.woolworths.com.au/shop/productdetails/94610/hoyt-s-onion-dried,https://cdn0.woolworths.media/content/wowproductimages/medium/094610.jpg,2020-09-21 17:27:05,,0,,True
a7fc912c-71bf-4668-af1d-1d0b9b01c42e,Woolworths Supermarket,Pantry,Hoyt's Oregano 25g,094612,$1.65,$0.66 / 10G,https://www.woolworths.com.au/shop/productdetails/94612/hoyt-s-oregano,https://cdn0.woolworths.media/content/wowproductimages/medium/094612.jpg,2020-09-21 17:27:05,,0,,True
75312d3a-10e6-4780-bbd4-38fa4c004b1d,Woolworths Supermarket,Pantry,Hoyt's Paprika Sweet 100g,094613,$2.40,$0.24 / 10G,https://www.woolworths.com.au/shop/productdetails/94613/hoyt-s-paprika-sweet,https://cdn0.woolworths.media/content/wowproductimages/medium/094613.jpg,2020-09-21 17:27:05,,0,,True
3dece10f-1632-4da5-8169-d767936ab3f2,Woolworths Supermarket,Pantry,Hoyt's Paprika Hot 50g,094614,$1.47,$0.29 / 10G,https://www.woolworths.com.au/shop/productdetails/94614/hoyt-s-paprika-hot,https://cdn0.woolworths.media/content/wowproductimages/medium/094614.jpg,2020-09-21 17:27:05,,0,,True
feb7103a-4522-4a80-b942-bbc3217c94de,Woolworths Supermarket,Pantry,Hoyt's Parsley 15g,094616,$1.75,$1.17 / 10G,https://www.woolworths.com.au/shop/productdetails/94616/hoyt-s-parsley,https://cdn0.woolworths.media/content/wowproductimages/medium/094616.jpg,2020-09-21 17:27:05,,0,,True
f6e376dd-b61a-42ec-8ce6-db81f9f8d241,Woolworths Supermarket,Pantry,Hoyt's Pepper Black Whole 100g,094618,$4.30,$0.43 / 10G,https://www.woolworths.com.au/shop/productdetails/94618/hoyt-s-pepper-black-whole,https://cdn0.woolworths.media/content/wowproductimages/medium/094618.jpg,2020-09-21 17:27:05,,0,,True
b6dc4eef-db82-430d-9146-17ac00ac408b,Woolworths Supermarket,Pantry,Masterfoods Barbecue Sauce 500ml,099696,$2.50,$0.50 / 100ML,https://www.woolworths.com.au/shop/productdetails/99696/masterfoods-barbecue-sauce,https://cdn0.woolworths.media/content/wowproductimages/medium/099696.jpg,2020-09-21 17:27:05,,0,,True
e65c735d-c4ba-47f8-a61c-51ee207180b2,Woolworths Supermarket,Pantry,Doritos Share Pack Cheese Supreme 170g,826731,$2.75,$1.62 / 100G,https://www.woolworths.com.au/shop/productdetails/826731/doritos-share-pack-cheese-supreme,https://cdn0.woolworths.media/content/wowproductimages/medium/826731.jpg,2020-09-21 17:27:05,,0,,True
5457f768-5fc3-4c92-b970-c6f10b1550bf,Woolworths Supermarket,Pantry,Arnott's Shortbread 250g,008838,$2.50,$1.00 / 100G,https://www.woolworths.com.au/shop/productdetails/8838/arnott-s-shortbread,https://cdn0.woolworths.media/content/wowproductimages/medium/008838.jpg,2020-09-21 17:27:05,,0,,True
55fa4266-b57f-4dff-836a-ae1fbc2e7162,Woolworths Supermarket,Pantry,Twisties Cheese Chips 90g,081659,$2.00,$2.22 / 100G,https://www.woolworths.com.au/shop/productdetails/81659/twisties-cheese-chips,https://cdn0.woolworths.media/content/wowproductimages/medium/081659.jpg,2020-09-21 17:27:05,,0,,True
d2c45eb8-0e11-4327-af25-7b5d91f58962,Woolworths Supermarket,Pantry,Bertolli Extra Virgin Olive Oil Originale 750ml,502951,$6.50,$0.87 / 100ML,https://www.woolworths.com.au/shop/productdetails/502951/bertolli-extra-virgin-olive-oil-originale,https://cdn0.woolworths.media/content/wowproductimages/medium/502951.jpg,2020-09-21 17:27:05,,0,,True
788aa435-39a1-416f-b173-71ea2b99fd2e,Woolworths Supermarket,Pantry,Valcom Canned Bamboo Shoots Sliced 225g,097730,$1.10,$4.89 / 1KG,https://www.woolworths.com.au/shop/productdetails/97730/valcom-canned-bamboo-shoots-sliced,https://cdn0.woolworths.media/content/wowproductimages/medium/097730.jpg,2020-09-21 17:27:05,,0,,True
b1ff4daa-3cb5-425b-9274-42f6381ec275,Woolworths Supermarket,Pantry,Kellogg's Nutri-grain Protein Breakfast Cereal 290g,701706,$4.95,$1.71 / 100G,https://www.woolworths.com.au/shop/productdetails/701706/kellogg-s-nutri-grain-protein-breakfast-cereal,https://cdn0.woolworths.media/content/wowproductimages/medium/701706.jpg,2020-09-21 17:27:05,,0,,True
f319d85d-cc30-48c6-b574-45bbee131e10,Woolworths Supermarket,Pantry,Arnott's Malt O' Milk 250g,036036,$2.50,$1.00 / 100G,https://www.woolworths.com.au/shop/productdetails/36036/arnott-s-malt-o-milk,https://cdn0.woolworths.media/content/wowproductimages/medium/036036.jpg,2020-09-21 17:27:05,,0,,True
ce2be804-438a-4ffc-afb5-8568b7ed5cbf,Woolworths Supermarket,Pantry,Smith's Share Pack Crinkle Cut Salt & Vinegar 170g,826738,$2.75,$1.62 / 100G,https://www.woolworths.com.au/shop/productdetails/826738/smith-s-share-pack-crinkle-cut-salt-vinegar,https://cdn0.woolworths.media/content/wowproductimages/medium/826738.jpg,2020-09-21 17:27:05,,0,,True
2ed6c1ec-0adf-47ee-8975-83c7e17c9741,Woolworths Supermarket,Pantry,Arnott's Snack Right Sultana 250g,182697,$3.00,$1.20 / 100G,https://www.woolworths.com.au/shop/productdetails/182697/arnott-s-snack-right-sultana,https://cdn0.woolworths.media/content/wowproductimages/medium/182697.jpg,2020-09-21 17:27:05,,0,Was $4.20 11/02/2019,True
d1f04897-dec5-47ce-a88d-313d2848dbff,Woolworths Supermarket,Pantry,Toblerone Milk Chocolate Bar 50g,047011,$1.00,$2.00 / 100G,https://www.woolworths.com.au/shop/productdetails/47011/toblerone-milk-chocolate-bar,https://cdn0.woolworths.media/content/wowproductimages/medium/047011.jpg,2020-09-21 17:27:05,,0,,True
6a0ea41d-d441-4672-bf07-34bb5bfb2a9d,Woolworths Supermarket,Pantry,Kooka's Country Cookies Lemon 200g,347837,$2.00,$1.00 / 100G,https://www.woolworths.com.au/shop/productdetails/347837/kooka-s-country-cookies-lemon,https://cdn0.woolworths.media/content/wowproductimages/medium/347837.jpg,2020-09-21 17:27:05,,0,,True
2714f389-ef6e-477b-b06e-5e6cb191114e,Woolworths Supermarket,Pantry,Uncle Tobys Roll-ups Strawberry Fun Prints 6 pack,324231,$4.00,$4.26 / 100G,https://www.woolworths.com.au/shop/productdetails/324231/uncle-tobys-roll-ups-strawberry-fun-prints,https://cdn0.woolworths.media/content/wowproductimages/medium/324231.jpg,2020-09-21 17:27:05,,0,,True
d3329a38-ec14-4281-af00-8e778f34ee43,Woolworths Supermarket,Pantry,Woolworths Corn Sweet Kernels 420g,218926,$1.00,$2.38 / 1KG,https://www.woolworths.com.au/shop/productdetails/218926/woolworths-corn-sweet-kernels,https://cdn0.woolworths.media/content/wowproductimages/medium/218926.jpg,2020-09-21 17:27:05,Average product rating out of 5: 4.1. Product score is based on 215 ratings,215,,True
1ab6c800-67a9-42d7-9241-9f6274cc7428,Woolworths Supermarket,Pantry,Moccona Freeze Dried Instant Coffee Classic Medium Roast 400g,208575,$24.00,$6.00 / 100G,https://www.woolworths.com.au/shop/productdetails/208575/moccona-freeze-dried-instant-coffee-classic-medium-roast,https://cdn0.woolworths.media/content/wowproductimages/medium/208575.jpg,2020-09-21 17:27:05,,0,,True
fecfde45-46e6-49b9-aaef-317bb9925cec,Woolworths Supermarket,Pantry,Macro Organic Quinoa Tri Colour 500g,717631,$7.00,$1.40 / 100G,https://www.woolworths.com.au/shop/productdetails/717631/macro-organic-quinoa-tri-colour,https://cdn0.woolworths.media/content/wowproductimages/medium/717631.jpg,2020-09-21 17:27:05,Average product rating out of 5: 4.6. Product score is based on 274 ratings,274,Was $9.99 09/01/2017,True
08ede8cc-7f1d-48b4-b638-16a8b82ab345,Woolworths Supermarket,Pantry,Arnott's Shapes Cheddar 175g,384244,$2.50,$1.43 / 100G,https://www.woolworths.com.au/shop/productdetails/384244/arnott-s-shapes-cheddar,https://cdn0.woolworths.media/content/wowproductimages/medium/384244.jpg,2020-09-21 17:27:05,,0,,True
4aa3c620-2bfb-46f5-8111-997e13b2dccd,Woolworths Supermarket,Pantry,Uncle Ben's Microwave Mexican Style Brown Rice 250g,727257,$3.00,$1.20 / 100G,https://www.woolworths.com.au/shop/productdetails/727257/uncle-ben-s-microwave-mexican-style-brown-rice,https://cdn0.woolworths.media/content/wowproductimages/medium/727257.jpg,2020-09-21 17:27:05,,0,,True
db5f63f6-442a-40fb-b6a2-7350689cc51c,Woolworths Supermarket,Pantry,Pringles Sour Cream And Onion Chips 134g,479502,$2.50,$1.87 / 100G,https://www.woolworths.com.au/shop/productdetails/479502/pringles-sour-cream-and-onion-chips,https://cdn0.woolworths.media/content/wowproductimages/medium/479502.jpg,2020-09-21 17:27:05,,0,,True
5987f8cc-96c2-46e1-9a37-ac2e4d003caa,Woolworths Supermarket,Pantry,Hoyt's Rosemary 25g,094620,$1.40,$0.56 / 10G,https://www.woolworths.com.au/shop/productdetails/94620/hoyt-s-rosemary,https://cdn0.woolworths.media/content/wowproductimages/medium/094620.jpg,2020-09-21 17:27:05,,0,,True
746dddc9-106d-442a-b23f-9b69cc736e09,Woolworths Supermarket,Pantry,Hoyt's Sesame Seeds 100g,094622,$2.50,$0.25 / 10G,https://www.woolworths.com.au/shop/productdetails/94622/hoyt-s-sesame-seeds,https://cdn0.woolworths.media/content/wowproductimages/medium/094622.jpg,2020-09-21 17:27:05,,0,,True
35879fe9-de47-4bd5-abe8-be9e8ddba229,Woolworths Supermarket,Pantry,Hoyt's Thyme 15g,094624,$1.30,$0.87 / 10G,https://www.woolworths.com.au/shop/productdetails/94624/hoyt-s-thyme,https://cdn0.woolworths.media/content/wowproductimages/medium/094624.jpg,2020-09-21 17:27:05,,0,,True
abb6fae2-d16a-4f2f-b794-d437d782db71,Woolworths Supermarket,Pantry,Hoyt's Turmeric 25g,094625,$1.50,$0.60 / 10G,https://www.woolworths.com.au/shop/productdetails/94625/hoyt-s-turmeric,https://cdn0.woolworths.media/content/wowproductimages/medium/094625.jpg,2020-09-21 17:27:05,,0,,True
21326f38-17ff-4969-9530-39d1cb41355e,Woolworths Supermarket,Pantry,Hoyt's Bay Leaves 15g,094626,$1.40,$0.93 / 10G,https://www.woolworths.com.au/shop/productdetails/94626/hoyt-s-bay-leaves,https://cdn0.woolworths.media/content/wowproductimages/medium/094626.jpg,2020-09-21 17:27:05,,0,,True
323e00fb-76f9-4782-aa47-5e0a18eefe9a,Woolworths Supermarket,Pantry,Hoyt's Basil 15g,094627,$1.80,$1.20 / 10G,https://www.woolworths.com.au/shop/productdetails/94627/hoyt-s-basil,https://cdn0.woolworths.media/content/wowproductimages/medium/094627.jpg,2020-09-21 17:27:05,,0,,True
619b5337-4505-4979-9279-5da91c3203bc,Woolworths Supermarket,Pantry,Hoyt's Cayenne Pepper 50g,094629,$1.64,$0.33 / 10G,https://www.woolworths.com.au/shop/productdetails/94629/hoyt-s-cayenne-pepper,https://cdn0.woolworths.media/content/wowproductimages/medium/094629.jpg,2020-09-21 17:27:05,,0,,True
f2800fca-88c6-416f-8ecc-f6faad066849,Woolworths Supermarket,Pantry,Hoyt's Chilli Powder 50g,094630,$1.60,$0.32 / 10G,https://www.woolworths.com.au/shop/productdetails/94630/hoyt-s-chilli-powder,https://cdn0.woolworths.media/content/wowproductimages/medium/094630.jpg,2020-09-21 17:27:05,,0,,True
4e3dc20d-dd10-4ab6-ba2c-1b153683cb54,Woolworths Supermarket,Pantry,Hoyt's Chives 15g,094631,$2.00,$1.33 / 10G,https://www.woolworths.com.au/shop/productdetails/94631/hoyt-s-chives,https://cdn0.woolworths.media/content/wowproductimages/medium/094631.jpg,2020-09-21 17:27:05,,0,,True
3fe9c58d-672a-4f40-b89f-d879a8a6e5dd,Woolworths Supermarket,Pantry,Hoyt's Cinnamon Dutch Ground 25g,094632,$1.50,$0.60 / 10G,https://www.woolworths.com.au/shop/productdetails/94632/hoyt-s-cinnamon-dutch-ground,https://cdn0.woolworths.media/content/wowproductimages/medium/094632.jpg,2020-09-21 17:27:05,,0,,True
a4caca92-48ef-4ed5-a781-60235d9fcd42,Woolworths Supermarket,Pantry,Hoyt's Cinnamon Sticks 15g,094633,$3.00,$2.00 / 10G,https://www.woolworths.com.au/shop/productdetails/94633/hoyt-s-cinnamon-sticks,https://cdn0.woolworths.media/content/wowproductimages/medium/094633.jpg,2020-09-21 17:27:05,,0,,True
200c1e97-3b32-482d-928b-4a7e74b0409f,Woolworths Supermarket,Pantry,Hoyt's Cloves Whole 15g,094634,$1.80,$1.20 / 10G,https://www.woolworths.com.au/shop/productdetails/94634/hoyt-s-cloves-whole,https://cdn0.woolworths.media/content/wowproductimages/medium/094634.jpg,2020-09-21 17:27:05,,0,,True
40e0fb12-f59a-41bb-abb9-cc731edd97fd,Woolworths Supermarket,Pantry,Hoyt's Coriander Ground 25g,094635,$1.60,$0.64 / 10G,https://www.woolworths.com.au/shop/productdetails/94635/hoyt-s-coriander-ground,https://cdn0.woolworths.media/content/wowproductimages/medium/094635.jpg,2020-09-21 17:27:05,,0,,True
d83eb031-66fd-47cd-a04f-f5ab433f0da1,Woolworths Supermarket,Pantry,Hoyt's Cumin Ground 25g,094636,$1.95,$0.78 / 10G,https://www.woolworths.com.au/shop/productdetails/94636/hoyt-s-cumin-ground,https://cdn0.woolworths.media/content/wowproductimages/medium/094636.jpg,2020-09-21 17:27:05,,0,,True
afa875ce-fa96-4890-9a24-3a0f9295e491,Woolworths Supermarket,Pantry,Hoyt's Garlic Powder 25g,094637,$1.30,$0.52 / 10G,https://www.woolworths.com.au/shop/productdetails/94637/hoyt-s-garlic-powder,https://cdn0.woolworths.media/content/wowproductimages/medium/094637.jpg,2020-09-21 17:27:05,,0,,True
ac3cb7f7-fac0-4c2a-949b-cff84d62a260,Woolworths Supermarket,Pantry,Hoyt's Mixed Herbs 25g,094640,$1.60,$0.64 / 10G,https://www.woolworths.com.au/shop/productdetails/94640/hoyt-s-mixed-herbs,https://cdn0.woolworths.media/content/wowproductimages/medium/094640.jpg,2020-09-21 17:27:05,,0,,True
1f163325-4661-41b4-bb93-74143dffc37d,Woolworths Supermarket,Pantry,Hoyt's Mixed Spice 25g,094641,$1.45,$0.58 / 10G,https://www.woolworths.com.au/shop/productdetails/94641/hoyt-s-mixed-spice,https://cdn0.woolworths.media/content/wowproductimages/medium/094641.jpg,2020-09-21 17:27:05,,0,,True
9eb98e59-ee67-4334-b3b3-3f7dd6bb47b5,Woolworths Supermarket,Pantry,Essentials Tuna In Oil 185g,094681,$1.30,$7.03 / 1KG,https://www.woolworths.com.au/shop/productdetails/94681/essentials-tuna-in-oil,https://cdn0.woolworths.media/content/wowproductimages/medium/094681.jpg,2020-09-21 17:27:05,Average product rating out of 5: 3.4. Product score is based on 573 ratings,573,,True
cacdce8c-ad08-403c-b8c2-32a687008757,Woolworths Supermarket,Pantry,Vittoria Mountain Grown Ground Coffee 200g,094686,$8.00,$4.00 / 100G,https://www.woolworths.com.au/shop/productdetails/94686/vittoria-mountain-grown-ground-coffee,https://cdn0.woolworths.media/content/wowproductimages/medium/094686.jpg,2020-09-21 17:27:05,,0,,True
4da7d07a-9847-4c31-bd92-8b5b350f16a7,Woolworths Supermarket,Pantry,Essentials Peas Dehydrated 100g,094700,$1.50,$15.00 / 1KG,https://www.woolworths.com.au/shop/productdetails/94700/essentials-peas-dehydrated,https://cdn0.woolworths.media/content/wowproductimages/medium/094700.jpg,2020-09-21 17:27:05,,0,,True
fdc46fbc-71c2-4d68-ae1a-5e429cd840a8,Woolworths Supermarket,Pantry,Essentials White Vinegar 2l,094706,$1.20,$0.06 / 100ML,https://www.woolworths.com.au/shop/productdetails/94706/essentials-white-vinegar,https://cdn0.woolworths.media/content/wowproductimages/medium/094706.jpg,2020-09-21 17:27:05,,0,,True
e1dafd4a-ae3d-4bd4-9bcf-d3764fa29207,Woolworths Supermarket,Pantry,Woolworths Golden Syrup 400g,094732,$2.85,$0.71 / 100G,https://www.woolworths.com.au/shop/productdetails/94732/woolworths-golden-syrup,https://cdn0.woolworths.media/content/wowproductimages/medium/094732.jpg,2020-09-21 17:27:05,,0,,True
29e2e0fb-96ca-4795-8309-e513531214a2,Woolworths Supermarket,Pantry,Masterfoods Loaded Fries Topper Smokey Hickory Barbecue 160g,094815,$3.00,$1.88 / 100G,https://www.woolworths.com.au/shop/productdetails/94815/masterfoods-loaded-fries-topper-smokey-hickory-barbecue,https://cdn0.woolworths.media/content/wowproductimages/medium/094815.jpg,2020-09-21 17:27:05,,0,,True
3ce32c4d-a257-45a2-a52e-56e52f91463f,Woolworths Supermarket,Pantry,Lavazza Crema E Gusto Classico Ground Coffee 250g x2 pack,094817,$12.00,$2.40 / 100G,https://www.woolworths.com.au/shop/productdetails/94817/lavazza-crema-e-gusto-classico-ground-coffee,https://cdn0.woolworths.media/content/wowproductimages/medium/094817.jpg,2020-09-21 17:27:05,,0,,True
3617a807-fa4d-4d49-8d9e-8abdbd195cdb,Woolworths Supermarket,Pantry,Masterfoods Barbecue Sauce 500ml,099696,$2.50,$0.50 / 100ML,https://www.woolworths.com.au/shop/productdetails/99696/masterfoods-barbecue-sauce,https://cdn0.woolworths.media/content/wowproductimages/medium/099696.jpg,2020-09-21 17:27:05,,0,,True
b43a171e-d76f-4a41-9831-bfb74c5b9f1e,Woolworths Supermarket,Pantry,Doritos Share Pack Cheese Supreme 170g,826731,$2.75,$1.62 / 100G,https://www.woolworths.com.au/shop/productdetails/826731/doritos-share-pack-cheese-supreme,https://cdn0.woolworths.media/content/wowproductimages/medium/826731.jpg,2020-09-21 17:27:05,,0,,True
b9384b77-f60d-4884-b9dd-5403946aed53,Woolworths Supermarket,Pantry,Arnott's Shortbread 250g,008838,$2.50,$1.00 / 100G,https://www.woolworths.com.au/shop/productdetails/8838/arnott-s-shortbread,https://cdn0.woolworths.media/content/wowproductimages/medium/008838.jpg,2020-09-21 17:27:05,,0,,True
936bab77-605b-4c23-a25e-f66606936395,Woolworths Supermarket,Pantry,Twisties Cheese Chips 90g,081659,$2.00,$2.22 / 100G,https://www.woolworths.com.au/shop/productdetails/81659/twisties-cheese-chips,https://cdn0.woolworths.media/content/wowproductimages/medium/081659.jpg,2020-09-21 17:27:05,,0,,True
59ef100c-f179-43f3-b630-8d877e160e0b,Woolworths Supermarket,Pantry,Bertolli Extra Virgin Olive Oil Originale 750ml,502951,$6.50,$0.87 / 100ML,https://www.woolworths.com.au/shop/productdetails/502951/bertolli-extra-virgin-olive-oil-originale,https://cdn0.woolworths.media/content/wowproductimages/medium/502951.jpg,2020-09-21 17:27:05,,0,,True
413c6550-c890-46d2-af54-5a2bd25c4249,Woolworths Supermarket,Pantry,Valcom Canned Bamboo Shoots Sliced 225g,097730,$1.10,$4.89 / 1KG,https://www.woolworths.com.au/shop/productdetails/97730/valcom-canned-bamboo-shoots-sliced,https://cdn0.woolworths.media/content/wowproductimages/medium/097730.jpg,2020-09-21 17:27:05,,0,,True
68dcf2b0-a13b-4301-982d-2aa0ca74f7dc,Woolworths Supermarket,Pantry,Kellogg's Nutri-grain Protein Breakfast Cereal 290g,701706,$4.95,$1.71 / 100G,https://www.woolworths.com.au/shop/productdetails/701706/kellogg-s-nutri-grain-protein-breakfast-cereal,https://cdn0.woolworths.media/content/wowproductimages/medium/701706.jpg,2020-09-21 17:27:05,,0,,True
bc9b328c-fa7e-41b4-b2af-1c80694c807d,Woolworths Supermarket,Pantry,Arnott's Malt O' Milk 250g,036036,$2.50,$1.00 / 100G,https://www.woolworths.com.au/shop/productdetails/36036/arnott-s-malt-o-milk,https://cdn0.woolworths.media/content/wowproductimages/medium/036036.jpg,2020-09-21 17:27:05,,0,,True
9b0fcca3-fb86-4df4-aa0b-0f56371e389f,Woolworths Supermarket,Pantry,Smith's Share Pack Crinkle Cut Salt & Vinegar 170g,826738,$2.75,$1.62 / 100G,https://www.woolworths.com.au/shop/productdetails/826738/smith-s-share-pack-crinkle-cut-salt-vinegar,https://cdn0.woolworths.media/content/wowproductimages/medium/826738.jpg,2020-09-21 17:27:05,,0,,True
d4365690-4f7b-4f8b-9d7d-413ed33c1e04,Woolworths Supermarket,Pantry,Arnott's Snack Right Sultana 250g,182697,$3.00,$1.20 / 100G,https://www.woolworths.com.au/shop/productdetails/182697/arnott-s-snack-right-sultana,https://cdn0.woolworths.media/content/wowproductimages/medium/182697.jpg,2020-09-21 17:27:05,,0,Was $4.20 11/02/2019,True
f399b05e-cc8b-44c5-9abd-aa9fecb8ade7,Woolworths Supermarket,Pantry,Toblerone Milk Chocolate Bar 50g,047011,$1.00,$2.00 / 100G,https://www.woolworths.com.au/shop/productdetails/47011/toblerone-milk-chocolate-bar,https://cdn0.woolworths.media/content/wowproductimages/medium/047011.jpg,2020-09-21 17:27:05,,0,,True
89525e3a-db74-401b-b8a2-622cd20ecef2,Woolworths Supermarket,Pantry,Kooka's Country Cookies Lemon 200g,347837,$2.00,$1.00 / 100G,https://www.woolworths.com.au/shop/productdetails/347837/kooka-s-country-cookies-lemon,https://cdn0.woolworths.media/content/wowproductimages/medium/347837.jpg,2020-09-21 17:27:05,,0,,True
feaea59c-a702-4dcb-8ac7-a2e022839a25,Woolworths Supermarket,Pantry,Uncle Tobys Roll-ups Strawberry Fun Prints 6 pack,324231,$4.00,$4.26 / 100G,https://www.woolworths.com.au/shop/productdetails/324231/uncle-tobys-roll-ups-strawberry-fun-prints,https://cdn0.woolworths.media/content/wowproductimages/medium/324231.jpg,2020-09-21 17:27:05,,0,,True
2e3606a7-1943-4a6b-83ab-d15d3cd159a4,Woolworths Supermarket,Pantry,Woolworths Corn Sweet Kernels 420g,218926,$1.00,$2.38 / 1KG,https://www.woolworths.com.au/shop/productdetails/218926/woolworths-corn-sweet-kernels,https://cdn0.woolworths.media/content/wowproductimages/medium/218926.jpg,2020-09-21 17:27:05,Average product rating out of 5: 4.1. Product score is based on 215 ratings,215,,True
79f3eb2f-7d8c-4cb3-a7ee-781895022cf1,Woolworths Supermarket,Pantry,Moccona Freeze Dried Instant Coffee Classic Medium Roast 400g,208575,$24.00,$6.00 / 100G,https://www.woolworths.com.au/shop/productdetails/208575/moccona-freeze-dried-instant-coffee-classic-medium-roast,https://cdn0.woolworths.media/content/wowproductimages/medium/208575.jpg,2020-09-21 17:27:05,,0,,True
5b53df06-a07f-4458-8a92-07be321aac28,Woolworths Supermarket,Pantry,Macro Organic Quinoa Tri Colour 500g,717631,$7.00,$1.40 / 100G,https://www.woolworths.com.au/shop/productdetails/717631/macro-organic-quinoa-tri-colour,https://cdn0.woolworths.media/content/wowproductimages/medium/717631.jpg,2020-09-21 17:27:05,Average product rating out of 5: 4.6. Product score is based on 274 ratings,274,Was $9.99 09/01/2017,True
969b4f64-8f4a-4a1a-ab19-386ae8d79db6,Woolworths Supermarket,Pantry,Arnott's Shapes Cheddar 175g,384244,$2.50,$1.43 / 100G,https://www.woolworths.com.au/shop/productdetails/384244/arnott-s-shapes-cheddar,https://cdn0.woolworths.media/content/wowproductimages/medium/384244.jpg,2020-09-21 17:27:05,,0,,True
22e1492e-9488-4678-8f56-3b3a7bdf218e,Woolworths Supermarket,Pantry,Uncle Ben's Microwave Mexican Style Brown Rice 250g,727257,$3.00,$1.20 / 100G,https://www.woolworths.com.au/shop/productdetails/727257/uncle-ben-s-microwave-mexican-style-brown-rice,https://cdn0.woolworths.media/content/wowproductimages/medium/727257.jpg,2020-09-21 17:27:05,,0,,True
d10975ff-5e22-4ccf-8b36-f2ea90dd7e90,Woolworths Supermarket,Pantry,Pringles Sour Cream And Onion Chips 134g,479502,$2.50,$1.87 / 100G,https://www.woolworths.com.au/shop/productdetails/479502/pringles-sour-cream-and-onion-chips,https://cdn0.woolworths.media/content/wowproductimages/medium/479502.jpg,2020-09-21 17:27:05,,0,,True
60e906df-a888-4d9c-bed2-1a1fcd0edee0,Woolworths Supermarket,Pantry,Equal Sweetener Tablets 100pk,094843,$3.85,$3.85 / 100EA,https://www.woolworths.com.au/shop/productdetails/94843/equal-sweetener-tablets,https://cdn0.woolworths.media/content/wowproductimages/medium/094843.jpg,2020-09-21 17:27:05,,0,,True
f3a4caf1-4ec7-4ca7-be15-9bab6cfdd2f1,Woolworths Supermarket,Pantry,Byron Bay Chilli Co. Heavenly Habanero Hot Sauce 150ml,094921,$3.75,$2.50 / 100ML,https://www.woolworths.com.au/shop/productdetails/94921/byron-bay-chilli-co-heavenly-habanero-hot-sauce,https://cdn0.woolworths.media/content/wowproductimages/medium/094921.jpg,2020-09-21 17:27:05,,0,,True
98fa98bc-46a9-4cc6-9129-e3d0910f23e8,Woolworths Supermarket,Pantry,Chang's Noodles Long Life 250g,094986,$1.50,$0.60 / 100G,https://www.woolworths.com.au/shop/productdetails/94986/chang-s-noodles-long-life,https://cdn0.woolworths.media/content/wowproductimages/medium/094986.jpg,2020-09-21 17:27:05,,0,,True
63049189-929c-44b5-b7b2-b343930ed311,Woolworths Supermarket,Pantry,Moro Olive Oil 4l,094998,$29.00,$0.73 / 100ML,https://www.woolworths.com.au/shop/productdetails/94998/moro-olive-oil,https://cdn0.woolworths.media/content/wowproductimages/medium/094998.jpg,2020-09-21 17:27:05,,0,Was $31.50 16/08/2016,True
275dfb16-3b68-433d-804e-3c7521104e35,Woolworths Supermarket,Pantry,Jarrah Honey & Almond Latte 210g,095027,$6.00,$2.86 / 100G,https://www.woolworths.com.au/shop/productdetails/95027/jarrah-honey-almond-latte,https://cdn0.woolworths.media/content/wowproductimages/medium/095027.jpg,2020-09-21 17:27:05,,0,,True
9e36e13d-9f96-4eff-8d24-a333bf17b812,Woolworths Supermarket,Pantry,Lavazza Qualita Rossa Ground Coffee 1kg,095028,$22.00,$2.20 / 100G,https://www.woolworths.com.au/shop/productdetails/95028/lavazza-qualita-rossa-ground-coffee,https://cdn0.woolworths.media/content/wowproductimages/medium/095028.jpg,2020-09-21 17:27:05,,0,,True
4ad2beda-bacc-45e8-a622-eff915f715c5,Woolworths Supermarket,Pantry,Woolworths Sultanas 1kg,095055,$5.00,$5.00 / 1KG,https://www.woolworths.com.au/shop/productdetails/95055/woolworths-sultanas,https://cdn0.woolworths.media/content/wowproductimages/medium/095055.jpg,2020-09-21 17:27:05,Average product rating out of 5: 4.4. Product score is based on 343 ratings,343,,True
417c270c-7c08-4ab8-a02a-e00db7f94d78,Woolworths Supermarket,Pantry,Maggi Seasoning Sauce 200ml,095064,$3.80,$1.90 / 100ML,https://www.woolworths.com.au/shop/productdetails/95064/maggi-seasoning-sauce,https://cdn0.woolworths.media/content/wowproductimages/medium/095064.jpg,2020-09-21 17:27:05,,0,,True
cde73351-3e54-4f54-a63c-4094d3edfd53,Woolworths Supermarket,Pantry,Woolworths Natural Bran 500g,095076,$1.80,$0.36 / 100G,https://www.woolworths.com.au/shop/productdetails/95076/woolworths-natural-bran,https://cdn0.woolworths.media/content/wowproductimages/medium/095076.jpg,2020-09-21 17:27:05,Average product rating out of 5: 4.1. Product score is based on 247 ratings,247,,True
a896074d-2727-4279-9876-c20a28d74c25,Woolworths Supermarket,Pantry,Starbucks By Nespresso Pike Place Roast Lungo Coffee Pods 10 pack,095082,$6.90,$0.69 / 1EA,https://www.woolworths.com.au/shop/productdetails/95082/starbucks-by-nespresso-pike-place-roast-lungo-coffee-pods,https://cdn0.woolworths.media/content/wowproductimages/medium/095082.jpg,2020-09-21 17:27:05,,0,,True
329152cc-1f51-496b-92d5-546a251ca32f,Woolworths Supermarket,Pantry,Masterfoods Charred Tandoori Style Marinade 160g,095083,$3.00,$1.88 / 100G,https://www.woolworths.com.au/shop/productdetails/95083/masterfoods-charred-tandoori-style-marinade,https://cdn0.woolworths.media/content/wowproductimages/medium/095083.jpg,2020-09-21 17:27:05,,0,,True
7326c11c-144a-4b00-a66d-2f56de672a00,Woolworths Supermarket,Pantry,Lavazza Qualita Rossa Ground Coffee 250g x2 pack,095089,$12.00,$2.40 / 100G,https://www.woolworths.com.au/shop/productdetails/95089/lavazza-qualita-rossa-ground-coffee,https://cdn0.woolworths.media/content/wowproductimages/medium/095089.jpg,2020-09-21 17:27:05,,0,,True
03574514-b13b-4c0a-b30a-51ac1d50d177,Woolworths Supermarket,Pantry,Ocean Spray Craisins Dried Cranberries 170g,095093,$3.00,$17.65 / 1KG,https://www.woolworths.com.au/shop/productdetails/95093/ocean-spray-craisins-dried-cranberries,https://cdn0.woolworths.media/content/wowproductimages/medium/095093.jpg,2020-09-21 17:27:05,,0,,True
173ef41e-2c60-4305-87b7-51878e60109e,Woolworths Supermarket,Pantry,Masterfoods Charred Korean Barbecue Style Marinade 160g,095103,$3.00,$1.88 / 100G,https://www.woolworths.com.au/shop/productdetails/95103/masterfoods-charred-korean-barbecue-style-marinade,https://cdn0.woolworths.media/content/wowproductimages/medium/095103.jpg,2020-09-21 17:27:05,,0,,True
ab2c37e0-45dd-408d-beb8-92b13ed64263,Woolworths Supermarket,Pantry,Paramount Salmon Pink 210g,095116,$5.00,$23.81 / 1KG,https://www.woolworths.com.au/shop/productdetails/95116/paramount-salmon-pink,https://cdn0.woolworths.media/content/wowproductimages/medium/095116.jpg,2020-09-21 17:27:05,,0,,True
0e1281d7-36c1-444b-9434-59daa4b426e5,Woolworths Supermarket,Pantry,Pana Organic Hazelnut & Chocolate Spread 200g,095117,$9.00,$4.50 / 100G,https://www.woolworths.com.au/shop/productdetails/95117/pana-organic-hazelnut-chocolate-spread,https://cdn0.woolworths.media/content/wowproductimages/medium/095117.jpg,2020-09-21 17:27:05,,0,,True
b85e41b1-90c4-45d9-aa28-5091f17e5e07,Woolworths Supermarket,Pantry,Lavazza Crema E Gusto Classico Ground Coffee 250g,095119,$7.50,$3.00 / 100G,https://www.woolworths.com.au/shop/productdetails/95119/lavazza-crema-e-gusto-classico-ground-coffee,https://cdn0.woolworths.media/content/wowproductimages/medium/095119.jpg,2020-09-21 17:27:05,,0,,True
4e23449a-6896-4960-b455-cdd91bfc1b37,Woolworths Supermarket,Pantry,Nerada Organics Green Tea Cup Bags 150g,095165,$7.90,$0.08 / 1EA,https://www.woolworths.com.au/shop/productdetails/95165/nerada-organics-green-tea-cup-bags,https://cdn0.woolworths.media/content/wowproductimages/medium/095165.jpg,2020-09-21 17:27:05,,0,,True
de843757-3d91-466c-9561-3bb65f6a2323,Woolworths Supermarket,Pantry,Twinings Assam Bold 40 pack,095172,$7.00,$0.18 / 1EA,https://www.woolworths.com.au/shop/productdetails/95172/twinings-assam-bold,https://cdn0.woolworths.media/content/wowproductimages/medium/095172.jpg,2020-09-21 17:27:05,,0,,True
63311bc7-fa0a-4347-89b4-1dcdf15c3ecd,Woolworths Supermarket,Pantry,Higher Living Peppermint & Licorice Tea 15 pack,095185,$3.70,$0.25 / 1EA,https://www.woolworths.com.au/shop/productdetails/95185/higher-living-peppermint-licorice-tea,https://cdn0.woolworths.media/content/wowproductimages/medium/095185.jpg,2020-09-21 17:27:05,,0,,True
9351f051-9f50-467c-ad05-92637cf933ad,Woolworths Supermarket,Pantry,Jarrah Coffee Chai Latte 210g,095236,$6.00,$2.86 / 100G,https://www.woolworths.com.au/shop/productdetails/95236/jarrah-coffee-chai-latte,https://cdn0.woolworths.media/content/wowproductimages/medium/095236.jpg,2020-09-21 17:27:05,,0,,True
fe6c6b6a-b9d4-4297-858f-c42677483020,Woolworths Supermarket,Pantry,Essentials Cake Mix Chocolate 340g,095262,$0.75,$0.22 / 100G,https://www.woolworths.com.au/shop/productdetails/95262/essentials-cake-mix-chocolate,https://cdn0.woolworths.media/content/wowproductimages/medium/095262.jpg,2020-09-21 17:27:05,Average product rating out of 5: 3.5. Product score is based on 412 ratings,412,,True
b545e4a0-48b2-4bd9-a72b-c99276670089,Woolworths Supermarket,Pantry,Essentials Cake Mix Vanilla 340g,095263,$0.75,$0.22 / 100G,https://www.woolworths.com.au/shop/productdetails/95263/essentials-cake-mix-vanilla,https://cdn0.woolworths.media/content/wowproductimages/medium/095263.jpg,2020-09-21 17:27:05,Average product rating out of 5: 4.4. Product score is based on 251 ratings,251,,True
224c43a2-0cfe-4232-b42e-305c3fc9b78c,Woolworths Supermarket,Pantry,Continental Simmer Soup Chicken Noodle Salt Reduced 40g,095458,$1.00,$2.50 / 100G,https://www.woolworths.com.au/shop/productdetails/95458/continental-simmer-soup-chicken-noodle-salt-reduced,https://cdn0.woolworths.media/content/wowproductimages/medium/095458.jpg,2020-09-21 17:27:05,,0,,True
6c7d7f4a-03bc-4695-9d4f-a97dff59b68f,Woolworths Supermarket,Pantry,Masterfoods Barbecue Sauce 500ml,099696,$2.50,$0.50 / 100ML,https://www.woolworths.com.au/shop/productdetails/99696/masterfoods-barbecue-sauce,https://cdn0.woolworths.media/content/wowproductimages/medium/099696.jpg,2020-09-21 17:27:05,,0,,True
4ae22cc0-0bc5-46e8-9709-7b5ffba1de99,Woolworths Supermarket,Pantry,Doritos Share Pack Cheese Supreme 170g,826731,$2.75,$1.62 / 100G,https://www.woolworths.com.au/shop/productdetails/826731/doritos-share-pack-cheese-supreme,https://cdn0.woolworths.media/content/wowproductimages/medium/826731.jpg,2020-09-21 17:27:05,,0,,True
1aa79c0e-cb5c-4c7e-9d0e-6eb4c33e26a0,Woolworths Supermarket,Pantry,Arnott's Shortbread 250g,008838,$2.50,$1.00 / 100G,https://www.woolworths.com.au/shop/productdetails/8838/arnott-s-shortbread,https://cdn0.woolworths.media/content/wowproductimages/medium/008838.jpg,2020-09-21 17:27:05,,0,,True
985f87d2-694d-4cc6-8710-e3e41982ba73,Woolworths Supermarket,Pantry,Twisties Cheese Chips 90g,081659,$2.00,$2.22 / 100G,https://www.woolworths.com.au/shop/productdetails/81659/twisties-cheese-chips,https://cdn0.woolworths.media/content/wowproductimages/medium/081659.jpg,2020-09-21 17:27:05,,0,,True
ebfb6dee-4546-4ae4-99ae-f4fa0795eb0e,Woolworths Supermarket,Pantry,Bertolli Extra Virgin Olive Oil Originale 750ml,502951,$6.50,$0.87 / 100ML,https://www.woolworths.com.au/shop/productdetails/502951/bertolli-extra-virgin-olive-oil-originale,https://cdn0.woolworths.media/content/wowproductimages/medium/502951.jpg,2020-09-21 17:27:05,,0,,True
4a1c806f-af86-445d-9de0-2e8b4a5c23c5,Woolworths Supermarket,Pantry,Valcom Canned Bamboo Shoots Sliced 225g,097730,$1.10,$4.89 / 1KG,https://www.woolworths.com.au/shop/productdetails/97730/valcom-canned-bamboo-shoots-sliced,https://cdn0.woolworths.media/content/wowproductimages/medium/097730.jpg,2020-09-21 17:27:05,,0,,True
d00eefe9-1a9d-4f39-b877-94a1136cf5c7,Woolworths Supermarket,Pantry,Kellogg's Nutri-grain Protein Breakfast Cereal 290g,701706,$4.95,$1.71 / 100G,https://www.woolworths.com.au/shop/productdetails/701706/kellogg-s-nutri-grain-protein-breakfast-cereal,https://cdn0.woolworths.media/content/wowproductimages/medium/701706.jpg,2020-09-21 17:27:05,,0,,True
40f2a5a5-de0d-4b41-93f2-f2cce104d81d,Woolworths Supermarket,Pantry,Arnott's Malt O' Milk 250g,036036,$2.50,$1.00 / 100G,https://www.woolworths.com.au/shop/productdetails/36036/arnott-s-malt-o-milk,https://cdn0.woolworths.media/content/wowproductimages/medium/036036.jpg,2020-09-21 17:27:05,,0,,True
f2b28b42-0ab6-4629-9ea5-35ebf527a6f9,Woolworths Supermarket,Pantry,Smith's Share Pack Crinkle Cut Salt & Vinegar 170g,826738,$2.75,$1.62 / 100G,https://www.woolworths.com.au/shop/productdetails/826738/smith-s-share-pack-crinkle-cut-salt-vinegar,https://cdn0.woolworths.media/content/wowproductimages/medium/826738.jpg,2020-09-21 17:27:05,,0,,True
51c77418-43e6-46ed-aea3-cf72d9df49e1,Woolworths Supermarket,Pantry,Arnott's Snack Right Sultana 250g,182697,$3.00,$1.20 / 100G,https://www.woolworths.com.au/shop/productdetails/182697/arnott-s-snack-right-sultana,https://cdn0.woolworths.media/content/wowproductimages/medium/182697.jpg,2020-09-21 17:27:05,,0,Was $4.20 11/02/2019,True
78e87989-46a3-45c6-80c4-ca9ac4349de6,Woolworths Supermarket,Pantry,Toblerone Milk Chocolate Bar 50g,047011,$1.00,$2.00 / 100G,https://www.woolworths.com.au/shop/productdetails/47011/toblerone-milk-chocolate-bar,https://cdn0.woolworths.media/content/wowproductimages/medium/047011.jpg,2020-09-21 17:27:05,,0,,True
47d8a824-fa5d-4c5e-bd90-5a8a4c4e6131,Woolworths Supermarket,Pantry,Kooka's Country Cookies Lemon 200g,347837,$2.00,$1.00 / 100G,https://www.woolworths.com.au/shop/productdetails/347837/kooka-s-country-cookies-lemon,https://cdn0.woolworths.media/content/wowproductimages/medium/347837.jpg,2020-09-21 17:27:05,,0,,True
9cff84c6-a131-4975-99a9-411a9648305b,Woolworths Supermarket,Pantry,Uncle Tobys Roll-ups Strawberry Fun Prints 6 pack,324231,$4.00,$4.26 / 100G,https://www.woolworths.com.au/shop/productdetails/324231/uncle-tobys-roll-ups-strawberry-fun-prints,https://cdn0.woolworths.media/content/wowproductimages/medium/324231.jpg,2020-09-21 17:27:05,,0,,True
fa239a03-8149-4fc2-a94e-dbac905060c7,Woolworths Supermarket,Pantry,Woolworths Corn Sweet Kernels 420g,218926,$1.00,$2.38 / 1KG,https://www.woolworths.com.au/shop/productdetails/218926/woolworths-corn-sweet-kernels,https://cdn0.woolworths.media/content/wowproductimages/medium/218926.jpg,2020-09-21 17:27:05,Average product rating out of 5: 4.1. Product score is based on 215 ratings,215,,True
d1934e36-428f-4b72-85b7-3c1262922071,Woolworths Supermarket,Pantry,Moccona Freeze Dried Instant Coffee Classic Medium Roast 400g,208575,$24.00,$6.00 / 100G,https://www.woolworths.com.au/shop/productdetails/208575/moccona-freeze-dried-instant-coffee-classic-medium-roast,https://cdn0.woolworths.media/content/wowproductimages/medium/208575.jpg,2020-09-21 17:27:05,,0,,True
487cf585-1e67-46a8-be8f-986757031754,Woolworths Supermarket,Pantry,Macro Organic Quinoa Tri Colour 500g,717631,$7.00,$1.40 / 100G,https://www.woolworths.com.au/shop/productdetails/717631/macro-organic-quinoa-tri-colour,https://cdn0.woolworths.media/content/wowproductimages/medium/717631.jpg,2020-09-21 17:27:05,Average product rating out of 5: 4.6. Product score is based on 274 ratings,274,Was $9.99 09/01/2017,True
de442772-f253-4290-8321-fc15cb85d76f,Woolworths Supermarket,Pantry,Arnott's Shapes Cheddar 175g,384244,$2.50,$1.43 / 100G,https://www.woolworths.com.au/shop/productdetails/384244/arnott-s-shapes-cheddar,https://cdn0.woolworths.media/content/wowproductimages/medium/384244.jpg,2020-09-21 17:27:05,,0,,True
da82df27-9d11-4f64-b94d-2374042e5544,Woolworths Supermarket,Pantry,Uncle Ben's Microwave Mexican Style Brown Rice 250g,727257,$3.00,$1.20 / 100G,https://www.woolworths.com.au/shop/productdetails/727257/uncle-ben-s-microwave-mexican-style-brown-rice,https://cdn0.woolworths.media/content/wowproductimages/medium/727257.jpg,2020-09-21 17:27:05,,0,,True
2debfb62-f8cd-4571-b2d9-6ce304320f53,Woolworths Supermarket,Pantry,Pringles Sour Cream And Onion Chips 134g,479502,$2.50,$1.87 / 100G,https://www.woolworths.com.au/shop/productdetails/479502/pringles-sour-cream-and-onion-chips,https://cdn0.woolworths.media/content/wowproductimages/medium/479502.jpg,2020-09-21 17:27:05,,0,,True
34381e09-9f22-454b-8620-9e6bf27ad815,Woolworths Supermarket,Pantry,Twinings Green Tea & Jasmine 10 pack,095459,$2.70,$0.27 / 1EA,https://www.woolworths.com.au/shop/productdetails/95459/twinings-green-tea-jasmine,https://cdn0.woolworths.media/content/wowproductimages/medium/095459.jpg,2020-09-21 17:27:05,,0,,True
21130662-ce50-417b-b27e-eb0ddfb95b44,Woolworths Supermarket,Pantry,Twinings Blackcurrant & Blueberry Fruit Infusions 10 pack,095460,$2.70,$0.27 / 1EA,https://www.woolworths.com.au/shop/productdetails/95460/twinings-blackcurrant-blueberry-fruit-infusions,https://cdn0.woolworths.media/content/wowproductimages/medium/095460.jpg,2020-09-21 17:27:05,,0,,True
3acaf4df-1a76-4c99-a3c1-5f797b31ad4b,Woolworths Supermarket,Pantry,Lavazza Espresso Italiano Classico Ground Coffee 250g,095553,$7.50,$3.00 / 100G,https://www.woolworths.com.au/shop/productdetails/95553/lavazza-espresso-italiano-classico-ground-coffee,https://cdn0.woolworths.media/content/wowproductimages/medium/095553.jpg,2020-09-21 17:27:05,,0,,True
887358ab-99a9-4da1-95c0-05384244ce16,Woolworths Supermarket,Pantry,Spc Spaghetti In Rich Tomato 220g,095576,$0.90,$0.41 / 100G,https://www.woolworths.com.au/shop/productdetails/95576/spc-spaghetti-in-rich-tomato,https://cdn0.woolworths.media/content/wowproductimages/medium/095576.jpg,2020-09-21 17:27:05,,0,,True
62bbd853-0a8a-40d1-b141-fc7ba1f80035,Woolworths Supermarket,Pantry,Twinings Pure African Rooibos Herbal Infusions 40 pack,095672,$7.00,$0.18 / 1EA,https://www.woolworths.com.au/shop/productdetails/95672/twinings-pure-african-rooibos-herbal-infusions,https://cdn0.woolworths.media/content/wowproductimages/medium/095672.jpg,2020-09-21 17:27:05,,0,,True
bf77793a-368a-4e82-9af3-c0c07db750d9,Woolworths Supermarket,Pantry,Lavazza Qualita Oro Ground Coffee 250g,095682,,,https://www.woolworths.com.au/shop/productdetails/95682/lavazza-qualita-oro-ground-coffee,https://cdn0.woolworths.media/content/wowproductimages/medium/095682.jpg,2020-09-21 17:27:05,,0,,False
4c8702f0-60fc-4e5a-9372-0057cace2e84,Woolworths Supermarket,Pantry,Spam Teriyaki 340g,095744,$5.50,$16.18 / 1KG,https://www.woolworths.com.au/shop/productdetails/95744/spam-teriyaki,https://cdn0.woolworths.media/content/wowproductimages/medium/095744.jpg,2020-09-21 17:27:05,,0,,True
3c5bf145-7044-40c9-8b45-179dad01ba72,Woolworths Supermarket,Pantry,Wow Butter Peanut Free Smooth 500g,095756,$8.00,$1.60 / 100G,https://www.woolworths.com.au/shop/productdetails/95756/wow-butter-peanut-free-smooth,https://cdn0.woolworths.media/content/wowproductimages/medium/095756.jpg,2020-09-21 17:27:05,,0,,True
f64d451c-8395-4777-a8d2-8ac02e112e68,Woolworths Supermarket,Pantry,Rosella Organic Tomato Sauce 250g,095779,$6.00,$2.40 / 100G,https://www.woolworths.com.au/shop/productdetails/95779/rosella-organic-tomato-sauce,https://cdn0.woolworths.media/content/wowproductimages/medium/095779.jpg,2020-09-21 17:27:05,,0,,True
9b8281e4-9f51-4052-ac1b-00716e098d7e,Woolworths Supermarket,Pantry,Rosella Tomato Peri Peri Chutney 250g,095780,$4.50,$1.80 / 100G,https://www.woolworths.com.au/shop/productdetails/95780/rosella-tomato-peri-peri-chutney,https://cdn0.woolworths.media/content/wowproductimages/medium/095780.jpg,2020-09-21 17:27:05,,0,,True
6730747a-42ed-40ec-81cc-fdb508a9daab,Woolworths Supermarket,Pantry,Mcclure's Pickles Garlic & Dill 720g,095787,$8.00,$1.11 / 100G,https://www.woolworths.com.au/shop/productdetails/95787/mcclure-s-pickles-garlic-dill,https://cdn0.woolworths.media/content/wowproductimages/medium/095787.jpg,2020-09-21 17:27:05,,0,,True
68e9e764-cb85-47a0-aa41-7fde8248bc87,Woolworths Supermarket,Pantry,Rosella Organic Bbq Sauce 250g,095834,$6.00,$2.40 / 100G,https://www.woolworths.com.au/shop/productdetails/95834/rosella-organic-bbq-sauce,https://cdn0.woolworths.media/content/wowproductimages/medium/095834.jpg,2020-09-21 17:27:05,,0,,True
0427a022-b552-404c-b337-455eb1a87fc5,Woolworths Supermarket,Pantry,Bull's-eye Dark Beer Bbq Sauce 300ml,095873,$2.00,$0.67 / 100ML,https://www.woolworths.com.au/shop/productdetails/95873/bull-s-eye-dark-beer-bbq-sauce,https://cdn0.woolworths.media/content/wowproductimages/medium/095873.jpg,2020-09-21 17:27:05,,0,,True
d8278692-b3b4-4677-b79b-3bf5066130a0,Woolworths Supermarket,Pantry,Twinings Asha Turmeric Temple Herbal Infusions 18 pack,095879,$6.00,$0.33 / 1EA,https://www.woolworths.com.au/shop/productdetails/95879/twinings-asha-turmeric-temple-herbal-infusions,https://cdn0.woolworths.media/content/wowproductimages/medium/095879.jpg,2020-09-21 17:27:05,,0,,True
fd78cffe-5a13-49f4-bdf4-171f6e61d71e,Woolworths Supermarket,Pantry,Nobby's Peanuts Salted 375g,095889,$3.50,$9.33 / 1KG,https://www.woolworths.com.au/shop/productdetails/95889/nobby-s-peanuts-salted,https://cdn0.woolworths.media/content/wowproductimages/medium/095889.jpg,2020-09-21 17:27:05,,0,,True
32b57189-b588-468b-9eae-ad3375fa6ff0,Woolworths Supermarket,Pantry,Nobby's Mixed Nuts 375g,095891,$6.65,$17.73 / 1KG,https://www.woolworths.com.au/shop/productdetails/95891/nobby-s-mixed-nuts,https://cdn0.woolworths.media/content/wowproductimages/medium/095891.jpg,2020-09-21 17:27:05,,0,,True
66a8ea7d-eb72-4abc-b7ab-e547f3f9dccc,Woolworths Supermarket,Pantry,Stubb's Sticky Sweet Bar-b-q Sauce 510g,095915,$6.00,$1.18 / 100G,https://www.woolworths.com.au/shop/productdetails/95915/stubb-s-sticky-sweet-bar-b-q-sauce,https://cdn0.woolworths.media/content/wowproductimages/medium/095915.jpg,2020-09-21 17:27:05,,0,,True
9fe22d0a-62a5-498c-b549-f82d9da26499,Woolworths Supermarket,Pantry,Airborne Pure New Zealand Honey 500g,095919,$9.00,$1.80 / 100G,https://www.woolworths.com.au/shop/productdetails/95919/airborne-pure-new-zealand-honey,https://cdn0.woolworths.media/content/wowproductimages/medium/095919.jpg,2020-09-21 17:27:05,,0,,True
d3e6dca8-ae70-41b3-b6bc-2b245540721b,Woolworths Supermarket,Pantry,Waimete Mgo 50+ Manuka Honey Multifloral 250g,095966,$10.00,$4.00 / 100G,https://www.woolworths.com.au/shop/productdetails/95966/waimete-mgo-50-manuka-honey-multifloral,https://cdn0.woolworths.media/content/wowproductimages/medium/095966.jpg,2020-09-21 17:27:05,,0,,True
2e55a449-75b1-48f4-897a-fae643accabb,Woolworths Supermarket,Pantry,Pana Organic Cashew Caramel Spread 200g,095976,$9.00,$4.50 / 100G,https://www.woolworths.com.au/shop/productdetails/95976/pana-organic-cashew-caramel-spread,https://cdn0.woolworths.media/content/wowproductimages/medium/095976.jpg,2020-09-21 17:27:05,,0,,True
7fdd4f61-295b-49ff-b11c-557bd1e5da4e,Woolworths Supermarket,Pantry,Waimete Pure Liquid Honey 300g,095981,$6.50,$2.17 / 100G,https://www.woolworths.com.au/shop/productdetails/95981/waimete-pure-liquid-honey,https://cdn0.woolworths.media/content/wowproductimages/medium/095981.jpg,2020-09-21 17:27:05,,0,,True
37d92c87-8fc9-4e46-a6bf-25048b1369c7,Woolworths Supermarket,Pantry,Pana Organic Peanut Butter Chocolate Spread 200g,095990,$9.00,$4.50 / 100G,https://www.woolworths.com.au/shop/productdetails/95990/pana-organic-peanut-butter-chocolate-spread,https://cdn0.woolworths.media/content/wowproductimages/medium/095990.jpg,2020-09-21 17:27:05,,0,,True
798eda1a-9be5-4712-9dac-73a2fb3b9e19,Woolworths Supermarket,Pantry,Noya Abc Almond Brazil & Cashew Butter 250g,096010,$8.50,$3.40 / 100G,https://www.woolworths.com.au/shop/productdetails/96010/noya-abc-almond-brazil-cashew-butter,https://cdn0.woolworths.media/content/wowproductimages/medium/096010.jpg,2020-09-21 17:27:05,,0,,True
a8e4bec2-9e30-4868-b1b2-98ef48c8e68e,Woolworths Supermarket,Pantry,Rosella Mango Coconut & Habanero Chutney 250g,096025,$4.50,$1.80 / 100G,https://www.woolworths.com.au/shop/productdetails/96025/rosella-mango-coconut-habanero-chutney,https://cdn0.woolworths.media/content/wowproductimages/medium/096025.jpg,2020-09-21 17:27:05,,0,,True
7be328c4-07f0-44ff-8755-299ba3a595ba,Woolworths Supermarket,Pantry,Sunbites Grain Waves Sour Cream & Chives 5 pack,720220,$3.10,$2.82 / 100G,https://www.woolworths.com.au/shop/productdetails/720220/sunbites-grain-waves-sour-cream-chives,https://cdn0.woolworths.media/content/wowproductimages/medium/720220.jpg,2020-09-21 17:27:05,,0,2 for $5.00,True
cca2effb-d6e5-4ffb-8ff4-281d9f0ac1aa,Woolworths Supermarket,Pantry,Woolworths Rolled Traditional Oats 750g,321220,$1.40,$0.19 / 100G,https://www.woolworths.com.au/shop/productdetails/321220/woolworths-rolled-traditional-oats,https://cdn0.woolworths.media/content/wowproductimages/medium/321220.jpg,2020-09-21 17:27:05,Average product rating out of 5: 4.6. Product score is based on 748 ratings,748,,True
d9a1338d-b1a7-4260-b958-958c576db34a,Woolworths Supermarket,Pantry,Ritz Crackers Original 300g,660562,$2.50,$0.83 / 100G,https://www.woolworths.com.au/shop/productdetails/660562/ritz-crackers-original,https://cdn0.woolworths.media/content/wowproductimages/medium/660562.jpg,2020-09-21 17:27:05,,0,,True
3c95bf77-e884-428e-b638-a3455a80daf6,Woolworths Supermarket,Pantry,Moccona Freeze Dried Instant Coffee Classic Medium Roast 400g,208575,$24.00,$6.00 / 100G,https://www.woolworths.com.au/shop/productdetails/208575/moccona-freeze-dried-instant-coffee-classic-medium-roast,https://cdn0.woolworths.media/content/wowproductimages/medium/208575.jpg,2020-09-21 17:27:05,,0,,True
598cef3a-6d6b-4d2e-a1e5-34bbcab60150,Woolworths Supermarket,Pantry,Woolworths Walnuts Kernel 500g,749540,$11.00,$22.00 / 1KG,https://www.woolworths.com.au/shop/productdetails/749540/woolworths-walnuts-kernel,https://cdn0.woolworths.media/content/wowproductimages/medium/749540.jpg,2020-09-21 17:27:05,Average product rating out of 5: 4.8. Product score is based on 360 ratings,360,,True
b5a6e589-89d8-40ab-b620-4b8dd10bf66d,Woolworths Supermarket,Pantry,Macro Organic Quinoa Tri Colour 500g,717631,$7.00,$1.40 / 100G,https://www.woolworths.com.au/shop/productdetails/717631/macro-organic-quinoa-tri-colour,https://cdn0.woolworths.media/content/wowproductimages/medium/717631.jpg,2020-09-21 17:27:05,Average product rating out of 5: 4.6. Product score is based on 274 ratings,274,Was $9.99 09/01/2017,True
7151df10-a21a-40d4-9bd9-6607def55b56,Woolworths Supermarket,Pantry,Vege Chips Chicken Style 100g,793382,$3.80,$3.80 / 100G,https://www.woolworths.com.au/shop/productdetails/793382/vege-chips-chicken-style,https://cdn0.woolworths.media/content/wowproductimages/medium/793382.jpg,2020-09-21 17:27:05,Average product rating out of 5: 4.7. Product score is based on 20 ratings,20,,True
bac03481-6aac-419c-ac19-4c8a6a2cc24e,Woolworths Supermarket,Pantry,Woolworths White Rice Long Grain 5kg,072779,$6.70,$0.13 / 100G,https://www.woolworths.com.au/shop/productdetails/72779/woolworths-white-rice-long-grain,https://cdn0.woolworths.media/content/wowproductimages/medium/072779.jpg,2020-09-21 17:27:05,Average product rating out of 5: 4.8. Product score is based on 14 ratings,14,,True
e02943b0-08de-443f-a5e3-6eef291258c9,Woolworths Supermarket,Pantry,Arnott's Monte Carlo 250g,036031,$3.00,$1.20 / 100G,https://www.woolworths.com.au/shop/productdetails/36031/arnott-s-monte-carlo,https://cdn0.woolworths.media/content/wowproductimages/medium/036031.jpg,2020-09-21 17:27:05,,0,,True
1bffc4d0-8896-4dca-b35f-1166273197cf,Woolworths Supermarket,Pantry,Queen Organic Vanilla Bean Paste 65g,225399,$11.80,$18.15 / 100G,https://www.woolworths.com.au/shop/productdetails/225399/queen-organic-vanilla-bean-paste,https://cdn0.woolworths.media/content/wowproductimages/medium/225399.jpg,2020-09-21 17:27:05,,0,,True
d87022d9-9e3e-4eb0-9cfb-9614b86fd5d7,Woolworths Supermarket,Pantry,Nescafe Blend 43 Soluble Instant Coffee 500g,035694,$20.00,$4.00 / 100G,https://www.woolworths.com.au/shop/productdetails/35694/nescafe-blend-43-soluble-instant-coffee,https://cdn0.woolworths.media/content/wowproductimages/medium/035694.jpg,2020-09-21 17:27:05,,0,,True
03c9536c-9d06-4404-a849-49b645fe486b,Woolworths Supermarket,Pantry,Cadbury Dairy Milk Chocolate Fair Trade 350g,757883,$5.00,$1.43 / 100G,https://www.woolworths.com.au/shop/productdetails/757883/cadbury-dairy-milk-chocolate-fair-trade,https://cdn0.woolworths.media/content/wowproductimages/medium/757883.jpg,2020-09-21 17:27:05,,0,Was $6.30 16/01/2017,True
485f8aca-0c93-4cec-8b41-246e5e02638a,Woolworths Supermarket,Pantry,Bertolli Extra Virgin Olive Oil Originale 750ml,502951,$6.50,$0.87 / 100ML,https://www.woolworths.com.au/shop/productdetails/502951/bertolli-extra-virgin-olive-oil-originale,https://cdn0.woolworths.media/content/wowproductimages/medium/502951.jpg,2020-09-21 17:27:05,,0,,True
61e4f190-4341-4a0a-b403-a36a5447a46a,Woolworths Supermarket,Pantry,Beechworth Pure Honey 1.5kg,250371,$22.00,$1.47 / 100G,https://www.woolworths.com.au/shop/productdetails/250371/beechworth-pure-honey,https://cdn0.woolworths.media/content/wowproductimages/medium/250371.jpg,2020-09-21 17:27:05,,0,,True
673b32c6-6d8f-4270-95ce-4506251bd6cd,Woolworths Supermarket,Pantry,Woolworths Almond Meal 400g,610610,$7.50,$18.75 / 1KG,https://www.woolworths.com.au/shop/productdetails/610610/woolworths-almond-meal,https://cdn0.woolworths.media/content/wowproductimages/medium/610610.jpg,2020-09-21 17:27:05,Average product rating out of 5: 4.6. Product score is based on 326 ratings,326,Was $9.00 22/07/2020,True
05451402-1031-4573-80e8-ee139abee289,Woolworths Supermarket,Pantry,Continental Cup A Soup Creamy Chicken With Lots Of Noodles 2 pack,026649,$2.00,$3.33 / 100G,https://www.woolworths.com.au/shop/productdetails/26649/continental-cup-a-soup-creamy-chicken-with-lots-of-noodles,https://cdn0.woolworths.media/content/wowproductimages/medium/026649.jpg,2020-09-21 17:27:05,,0,,True
9013489c-7b7d-4d77-a0e0-a49fe63a5a2f,Woolworths Supermarket,Pantry,Mckenzie's Himalayan Salt Rock Pink 400g,749926,$5.95,$0.15 / 10G,https://www.woolworths.com.au/shop/productdetails/749926/mckenzie-s-himalayan-salt-rock-pink,https://cdn0.woolworths.media/content/wowproductimages/medium/749926.jpg,2020-09-21 17:27:05,,0,,True
aed0d0a3-724b-4bfd-84eb-37c8eeca684a,Woolworths Supermarket,Pantry,Sanitarium Weet-bix Breakfast Cereal 1.2kg,200695,$5.00,$0.42 / 100G,https://www.woolworths.com.au/shop/productdetails/200695/sanitarium-weet-bix-breakfast-cereal,https://cdn0.woolworths.media/content/wowproductimages/medium/200695.jpg,2020-09-21 17:27:05,,0,,True
4cc289f2-81c7-4a33-bb01-5d0c49f6d446,Woolworths Supermarket,Pantry,Woolworths Diced Italian Tomatoes No Added Salt 400g,770320,$0.80,$2.00 / 1KG,https://www.woolworths.com.au/shop/productdetails/770320/woolworths-diced-italian-tomatoes-no-added-salt,https://cdn0.woolworths.media/content/wowproductimages/medium/770320.jpg,2020-09-21 17:27:05,Average product rating out of 5: 4.7. Product score is based on 311 ratings,311,,True
e6376ba9-1966-4155-bbc3-b3f13b22d113,Woolworths Supermarket,Pantry,Cobram Estate Extra Virgin Light Olive Oil 750ml,345955,$15.00,$2.00 / 100ML,https://www.woolworths.com.au/shop/productdetails/345955/cobram-estate-extra-virgin-light-olive-oil,https://cdn0.woolworths.media/content/wowproductimages/medium/345955.jpg,2020-09-21 17:27:05,,0,,True
04346a98-01cb-472e-af32-d6af265a9c1a,Woolworths Supermarket,Pantry,Fun Frenzy Yo Yo Candy Assorted 26g,096026,$2.00,$7.69 / 100G,https://www.woolworths.com.au/shop/productdetails/96026/fun-frenzy-yo-yo-candy-assorted,https://cdn0.woolworths.media/content/wowproductimages/medium/096026.jpg,2020-09-21 17:27:05,,0,Designs may vary,True
5dfadc8b-3aa8-401c-8982-008c566b2ccc,Woolworths Supermarket,Pantry,Vege Chips Barbeque 100g,096154,$3.80,$3.80 / 100G,https://www.woolworths.com.au/shop/productdetails/96154/vege-chips-barbeque,https://cdn0.woolworths.media/content/wowproductimages/medium/096154.jpg,2020-09-21 17:27:05,Average product rating out of 5: 4.6. Product score is based on 41 ratings,41,,True
a0ba31d7-f655-43df-ba1a-b047de58b29e,Woolworths Supermarket,Pantry,Mcclure's Pickles Whole Spicy 720g,096198,$8.00,$1.11 / 100G,https://www.woolworths.com.au/shop/productdetails/96198/mcclure-s-pickles-whole-spicy,https://cdn0.woolworths.media/content/wowproductimages/medium/096198.jpg,2020-09-21 17:27:05,,0,,True
ede76830-651f-45a1-ad53-887c06f00c1a,Woolworths Supermarket,Pantry,Edgell Sweet Sliced Beetroot Sliced Sweet 425g,096231,$1.50,$3.53 / 1KG,https://www.woolworths.com.au/shop/productdetails/96231/edgell-sweet-sliced-beetroot-sliced-sweet,https://cdn0.woolworths.media/content/wowproductimages/medium/096231.jpg,2020-09-21 17:27:05,,0,Was $1.80 14/05/2018,True
0587ffdf-274e-4105-887e-e87277ca8a31,Woolworths Supermarket,Pantry,Golden Circle Beetroot Baby Whole 450g,096235,$1.50,$3.33 / 1KG,https://www.woolworths.com.au/shop/productdetails/96235/golden-circle-beetroot-baby-whole,https://cdn0.woolworths.media/content/wowproductimages/medium/096235.jpg,2020-09-21 17:27:05,,0,,True
37a239f2-e38e-4304-9d17-f23ce6dd68d4,Woolworths Supermarket,Pantry,Csr Icing Sugar Soft Mixture 1kg,096253,$3.50,$0.35 / 100G,https://www.woolworths.com.au/shop/productdetails/96253/csr-icing-sugar-soft-mixture,https://cdn0.woolworths.media/content/wowproductimages/medium/096253.jpg,2020-09-21 17:27:05,,0,,True
0c426a4a-6cbc-4281-b0be-b9eb04a72a9c,Woolworths Supermarket,Pantry,Chang's Original Hot Chilli Sauce 280ml,096454,$4.00,,https://www.woolworths.com.au/shop/productdetails/96454/chang-s-original-hot-chilli-sauce,https://cdn0.woolworths.media/content/wowproductimages/medium/096454.jpg,2020-09-21 17:27:05,,0,,True
a420edc2-8a67-449b-a2b6-58a9ced170d4,Woolworths Supermarket,Pantry,Fisherman's Friend Mints Extra Strong 25g pack,096479,$2.30,$9.20 / 100G,https://www.woolworths.com.au/shop/productdetails/96479/fisherman-s-friend-mints-extra-strong,https://cdn0.woolworths.media/content/wowproductimages/medium/096479.jpg,2020-09-21 17:27:05,,0,,True
9bda8792-1417-4354-8140-fa4d6d67da62,Woolworths Supermarket,Pantry,Capilano Pure Honey 250g,096486,$5.20,$2.08 / 100G,https://www.woolworths.com.au/shop/productdetails/96486/capilano-pure-honey,https://cdn0.woolworths.media/content/wowproductimages/medium/096486.jpg,2020-09-21 17:27:05,,0,,True
8de2b6c4-f6de-46cb-9057-f4fa53634bf9,Woolworths Supermarket,Pantry,San Remo La Pasta Chicken Curry Single Snack 80g,096607,$1.00,$1.25 / 100G,https://www.woolworths.com.au/shop/productdetails/96607/san-remo-la-pasta-chicken-curry-single-snack,https://cdn0.woolworths.media/content/wowproductimages/medium/096607.jpg,2020-09-21 17:27:05,,0,,True
0afa0370-95a1-4374-be36-afd7584be27e,Woolworths Supermarket,Pantry,White Wings Pancake Mix Original Shaker 350g,096730,$2.50,$0.71 / 100G,https://www.woolworths.com.au/shop/productdetails/96730/white-wings-pancake-mix-original-shaker,https://cdn0.woolworths.media/content/wowproductimages/medium/096730.jpg,2020-09-21 17:27:05,,0,Was $3.15 30/01/2017,True
f54f9208-3ca7-43bb-88f8-513730555c03,Woolworths Supermarket,Pantry,San Remo La Pasta Creamy Bacon Single Snack 80g,096731,$1.00,$1.25 / 100G,https://www.woolworths.com.au/shop/productdetails/96731/san-remo-la-pasta-creamy-bacon-single-snack,https://cdn0.woolworths.media/content/wowproductimages/medium/096731.jpg,2020-09-21 17:27:05,,0,,True
af66e09c-fd8b-4742-ae5a-b346ef43a555,Woolworths Supermarket,Pantry,Noya Almond Nut Butter 250g,096804,$8.50,$3.40 / 100G,https://www.woolworths.com.au/shop/productdetails/96804/noya-almond-nut-butter,https://cdn0.woolworths.media/content/wowproductimages/medium/096804.jpg,2020-09-21 17:27:05,,0,,True
e5c9f998-8c87-48a2-863c-2365c050cdec,Woolworths Supermarket,Pantry,Ixl Strawberry Jam 50% Less Sugar 220g,096805,$2.00,$0.91 / 100G,https://www.woolworths.com.au/shop/productdetails/96805/ixl-strawberry-jam-50-less-sugar,https://cdn0.woolworths.media/content/wowproductimages/medium/096805.jpg,2020-09-21 17:27:05,,0,,True
11dab6cc-8888-4c52-9c9d-58f52b14925b,Woolworths Supermarket,Pantry,Airborne Manuka 30+ Multifloral Honey 500g,096828,$12.00,$2.40 / 100G,https://www.woolworths.com.au/shop/productdetails/96828/airborne-manuka-30-multifloral-honey,https://cdn0.woolworths.media/content/wowproductimages/medium/096828.jpg,2020-09-21 17:27:05,,0,,True
7ca50fd5-3063-415c-b349-08d94326d54d,Woolworths Supermarket,Pantry,Rosella Apple Cider Vinegar & Brandy Chutney 250g,096830,$4.50,$1.80 / 100G,https://www.woolworths.com.au/shop/productdetails/96830/rosella-apple-cider-vinegar-brandy-chutney,https://cdn0.woolworths.media/content/wowproductimages/medium/096830.jpg,2020-09-21 17:27:05,,0,,True
e2dc0138-4a4c-4c9c-a06d-cfabaace7893,Woolworths Supermarket,Pantry,Noya Cashew Nut Butter 250g,096906,$8.50,$3.40 / 100G,https://www.woolworths.com.au/shop/productdetails/96906/noya-cashew-nut-butter,https://cdn0.woolworths.media/content/wowproductimages/medium/096906.jpg,2020-09-21 17:27:05,,0,,True
22724510-a954-4814-aee5-8a94c40d439f,Woolworths Supermarket,Pantry,Mayver's Smunchy Skin On Peanut Butter 375g,096909,$5.00,$1.33 / 100G,https://www.woolworths.com.au/shop/productdetails/96909/mayver-s-smunchy-skin-on-peanut-butter,https://cdn0.woolworths.media/content/wowproductimages/medium/096909.jpg,2020-09-21 17:27:05,,0,,True
cf7ca2e0-6bc1-49c8-ad06-c0778697fe7c,Woolworths Supermarket,Pantry,Fehlbergs Maple Bourbon Cucumber Spears Crunchy 500g,096911,$3.75,$0.75 / 100G,https://www.woolworths.com.au/shop/productdetails/96911/fehlbergs-maple-bourbon-cucumber-spears-crunchy,https://cdn0.woolworths.media/content/wowproductimages/medium/096911.jpg,2020-09-21 17:27:05,,0,,True
9639046d-65f5-4bb2-ac47-ab5ed8cd3090,Woolworths Supermarket,Pantry,Angas Park Prunes Pitted Resealable 500g,097011,$7.90,$15.80 / 1KG,https://www.woolworths.com.au/shop/productdetails/97011/angas-park-prunes-pitted-resealable,https://cdn0.woolworths.media/content/wowproductimages/medium/097011.jpg,2020-09-21 17:27:05,,0,,True
465ad85f-b480-4c5a-80ed-a0099e2d05d2,Woolworths Supermarket,Pantry,Marion's Kitchen Coconut Sriracha 360ml,097063,$4.00,$1.11 / 100ML,https://www.woolworths.com.au/shop/productdetails/97063/marion-s-kitchen-coconut-sriracha,https://cdn0.woolworths.media/content/wowproductimages/medium/097063.jpg,2020-09-21 17:27:05,,0,,True
ecadb146-41ab-4d23-8ca9-3edf6076aa04,Woolworths Supermarket,Pantry,Capilano Low Gi Pure Honey 250g,097064,$6.00,$2.40 / 100G,https://www.woolworths.com.au/shop/productdetails/97064/capilano-low-gi-pure-honey,https://cdn0.woolworths.media/content/wowproductimages/medium/097064.jpg,2020-09-21 17:27:05,,0,,True
d05f22d2-3577-4673-9d0b-3da3b8da5cdb,Woolworths Supermarket,Pantry,Rosella Organic Sweet Chilli Sauce 250g,097102,$6.00,$2.40 / 100G,https://www.woolworths.com.au/shop/productdetails/97102/rosella-organic-sweet-chilli-sauce,https://cdn0.woolworths.media/content/wowproductimages/medium/097102.jpg,2020-09-21 17:27:05,,0,,True
4c761566-e0a1-41e4-84fb-2e195447233f,Woolworths Supermarket,Pantry,Always Fresh Grilled White Zucchini 290g,097131,$4.50,$1.55 / 100G,https://www.woolworths.com.au/shop/productdetails/97131/always-fresh-grilled-white-zucchini,https://cdn0.woolworths.media/content/wowproductimages/medium/097131.jpg,2020-09-21 17:27:05,,0,,True
50b24bfc-4871-4e77-a0e9-d67e8abed66e,Woolworths Supermarket,Pantry,Sunbites Grain Waves Sour Cream & Chives 5 pack,720220,$3.10,$2.82 / 100G,https://www.woolworths.com.au/shop/productdetails/720220/sunbites-grain-waves-sour-cream-chives,https://cdn0.woolworths.media/content/wowproductimages/medium/720220.jpg,2020-09-21 17:27:05,,0,2 for $5.00,True
eda8244b-350d-4b4d-b271-317a06bb36ce,Woolworths Supermarket,Pantry,Arnott's Monte Carlo 250g,036031,$3.00,$1.20 / 100G,https://www.woolworths.com.au/shop/productdetails/36031/arnott-s-monte-carlo,https://cdn0.woolworths.media/content/wowproductimages/medium/036031.jpg,2020-09-21 17:27:05,,0,,True
740838af-295e-46ad-8ae7-d1e96fe8c7cc,Woolworths Supermarket,Pantry,Cobram Estate Extra Virgin Light Olive Oil 750ml,345955,$15.00,$2.00 / 100ML,https://www.woolworths.com.au/shop/productdetails/345955/cobram-estate-extra-virgin-light-olive-oil,https://cdn0.woolworths.media/content/wowproductimages/medium/345955.jpg,2020-09-21 17:27:05,,0,,True
d1ab8885-648b-4300-ab1e-7e17c564d4c4,Woolworths Supermarket,Pantry,Cadbury Dairy Milk Chocolate Fair Trade 350g,757883,$5.00,$1.43 / 100G,https://www.woolworths.com.au/shop/productdetails/757883/cadbury-dairy-milk-chocolate-fair-trade,https://cdn0.woolworths.media/content/wowproductimages/medium/757883.jpg,2020-09-21 17:27:05,,0,Was $6.30 16/01/2017,True
34103b2d-8499-46fd-9062-02344840ec66,Woolworths Supermarket,Pantry,Vege Chips Chicken Style 100g,793382,$3.80,$3.80 / 100G,https://www.woolworths.com.au/shop/productdetails/793382/vege-chips-chicken-style,https://cdn0.woolworths.media/content/wowproductimages/medium/793382.jpg,2020-09-21 17:27:05,Average product rating out of 5: 4.7. Product score is based on 20 ratings,20,,True
dd350e14-2a70-4521-9cec-9e8456d9bed1,Woolworths Supermarket,Pantry,Macro Organic Quinoa Tri Colour 500g,717631,$7.00,$1.40 / 100G,https://www.woolworths.com.au/shop/productdetails/717631/macro-organic-quinoa-tri-colour,https://cdn0.woolworths.media/content/wowproductimages/medium/717631.jpg,2020-09-21 17:27:05,Average product rating out of 5: 4.6. Product score is based on 274 ratings,274,Was $9.99 09/01/2017,True
d0ce422c-b568-4bfc-a752-3201c8cc5512,Woolworths Supermarket,Pantry,Moccona Freeze Dried Instant Coffee Classic Medium Roast 400g,208575,$24.00,$6.00 / 100G,https://www.woolworths.com.au/shop/productdetails/208575/moccona-freeze-dried-instant-coffee-classic-medium-roast,https://cdn0.woolworths.media/content/wowproductimages/medium/208575.jpg,2020-09-21 17:27:05,,0,,True
c9dbd6c0-48d7-4a96-b8ea-e5764ee57a17,Woolworths Supermarket,Pantry,Woolworths White Rice Long Grain 5kg,072779,$6.70,$0.13 / 100G,https://www.woolworths.com.au/shop/productdetails/72779/woolworths-white-rice-long-grain,https://cdn0.woolworths.media/content/wowproductimages/medium/072779.jpg,2020-09-21 17:27:05,Average product rating out of 5: 4.8. Product score is based on 14 ratings,14,,True
5a3c144d-d2e2-4718-b27b-b4e597f9c96e,Woolworths Supermarket,Pantry,Mckenzie's Himalayan Salt Rock Pink 400g,749926,$5.95,$0.15 / 10G,https://www.woolworths.com.au/shop/productdetails/749926/mckenzie-s-himalayan-salt-rock-pink,https://cdn0.woolworths.media/content/wowproductimages/medium/749926.jpg,2020-09-21 17:27:05,,0,,True
173a845e-1b61-4d38-98d3-2b1611b2a0db,Woolworths Supermarket,Pantry,Continental Cup A Soup Creamy Chicken With Lots Of Noodles 2 pack,026649,$2.00,$3.33 / 100G,https://www.woolworths.com.au/shop/productdetails/26649/continental-cup-a-soup-creamy-chicken-with-lots-of-noodles,https://cdn0.woolworths.media/content/wowproductimages/medium/026649.jpg,2020-09-21 17:27:05,,0,,True
9a7d9083-75e9-4765-a881-b5351c0bf7db,Woolworths Supermarket,Pantry,Ritz Crackers Original 300g,660562,$2.50,$0.83 / 100G,https://www.woolworths.com.au/shop/productdetails/660562/ritz-crackers-original,https://cdn0.woolworths.media/content/wowproductimages/medium/660562.jpg,2020-09-21 17:27:05,,0,,True
2462d620-0d54-4eda-af1d-d1ef868d5bd9,Woolworths Supermarket,Pantry,Bertolli Extra Virgin Olive Oil Originale 750ml,502951,$6.50,$0.87 / 100ML,https://www.woolworths.com.au/shop/productdetails/502951/bertolli-extra-virgin-olive-oil-originale,https://cdn0.woolworths.media/content/wowproductimages/medium/502951.jpg,2020-09-21 17:27:05,,0,,True
127717d5-79e4-4d1c-aae7-c9de32f2e1b1,Woolworths Supermarket,Pantry,Beechworth Pure Honey 1.5kg,250371,$22.00,$1.47 / 100G,https://www.woolworths.com.au/shop/productdetails/250371/beechworth-pure-honey,https://cdn0.woolworths.media/content/wowproductimages/medium/250371.jpg,2020-09-21 17:27:05,,0,,True
abc6ab88-2cef-43dc-9116-1e791a387be2,Woolworths Supermarket,Pantry,Queen Organic Vanilla Bean Paste 65g,225399,$11.80,$18.15 / 100G,https://www.woolworths.com.au/shop/productdetails/225399/queen-organic-vanilla-bean-paste,https://cdn0.woolworths.media/content/wowproductimages/medium/225399.jpg,2020-09-21 17:27:05,,0,,True
bf4b3de0-d690-4e76-a70b-00d4ead08ba7,Woolworths Supermarket,Pantry,Woolworths Almond Meal 400g,610610,$7.50,$18.75 / 1KG,https://www.woolworths.com.au/shop/productdetails/610610/woolworths-almond-meal,https://cdn0.woolworths.media/content/wowproductimages/medium/610610.jpg,2020-09-21 17:27:05,Average product rating out of 5: 4.6. Product score is based on 326 ratings,326,Was $9.00 22/07/2020,True
09391950-3fc4-4409-8f2a-c9b011cc0a50,Woolworths Supermarket,Pantry,Woolworths Diced Italian Tomatoes No Added Salt 400g,770320,$0.80,$2.00 / 1KG,https://www.woolworths.com.au/shop/productdetails/770320/woolworths-diced-italian-tomatoes-no-added-salt,https://cdn0.woolworths.media/content/wowproductimages/medium/770320.jpg,2020-09-21 17:27:05,Average product rating out of 5: 4.7. Product score is based on 311 ratings,311,,True
f2ef45b8-f67e-4202-a40e-4c3603bfeecb,Woolworths Supermarket,Pantry,Sanitarium Weet-bix Breakfast Cereal 1.2kg,200695,$5.00,$0.42 / 100G,https://www.woolworths.com.au/shop/productdetails/200695/sanitarium-weet-bix-breakfast-cereal,https://cdn0.woolworths.media/content/wowproductimages/medium/200695.jpg,2020-09-21 17:27:05,,0,,True
65ddc7d1-4870-4c94-a04c-c9fc36125904,Woolworths Supermarket,Pantry,Woolworths Walnuts Kernel 500g,749540,$11.00,$22.00 / 1KG,https://www.woolworths.com.au/shop/productdetails/749540/woolworths-walnuts-kernel,https://cdn0.woolworths.media/content/wowproductimages/medium/749540.jpg,2020-09-21 17:27:05,Average product rating out of 5: 4.8. Product score is based on 360 ratings,360,,True
59d48fa8-901d-4d48-bdfb-2b50c32f663b,Woolworths Supermarket,Pantry,Nescafe Blend 43 Soluble Instant Coffee 500g,035694,$20.00,$4.00 / 100G,https://www.woolworths.com.au/shop/productdetails/35694/nescafe-blend-43-soluble-instant-coffee,https://cdn0.woolworths.media/content/wowproductimages/medium/035694.jpg,2020-09-21 17:27:05,,0,,True
9acfd2aa-9b1a-45a6-bd84-616e94c679c1,Woolworths Supermarket,Pantry,Woolworths Rolled Traditional Oats 750g,321220,$1.40,$0.19 / 100G,https://www.woolworths.com.au/shop/productdetails/321220/woolworths-rolled-traditional-oats,https://cdn0.woolworths.media/content/wowproductimages/medium/321220.jpg,2020-09-21 17:27:05,Average product rating out of 5: 4.6. Product score is based on 748 ratings,748,,True
1f67602c-7b8c-4d8d-9bf6-9f004ab39c53,Woolworths Supermarket,Pantry,Hoyt's Chilli Dry 25g,097190,$1.75,$0.70 / 10G,https://www.woolworths.com.au/shop/productdetails/97190/hoyt-s-chilli-dry,https://cdn0.woolworths.media/content/wowproductimages/medium/097190.jpg,2020-09-21 17:27:05,,0,,True
3c088da9-0712-40cd-87d5-df15cb93513e,Woolworths Supermarket,Pantry,Noya Hazelnut & Cashew Butter 200g,097204,$8.50,$4.25 / 100G,https://www.woolworths.com.au/shop/productdetails/97204/noya-hazelnut-cashew-butter,https://cdn0.woolworths.media/content/wowproductimages/medium/097204.jpg,2020-09-21 17:27:05,,0,,True
2b59cb8e-51fd-41d5-a68d-6911d3bbc457,Woolworths Supermarket,Pantry,Mayver's Extra Crunchy Peanut Butter 375g,097301,$5.00,$1.33 / 100G,https://www.woolworths.com.au/shop/productdetails/97301/mayver-s-extra-crunchy-peanut-butter,https://cdn0.woolworths.media/content/wowproductimages/medium/097301.jpg,2020-09-21 17:27:05,,0,,True
daf94361-66dd-4066-b53c-87176e6d476e,Woolworths Supermarket,Pantry,Ixl Apricot Jam 50% Less Sugar 220g,097305,$2.00,$0.91 / 100G,https://www.woolworths.com.au/shop/productdetails/97305/ixl-apricot-jam-50-less-sugar,https://cdn0.woolworths.media/content/wowproductimages/medium/097305.jpg,2020-09-21 17:27:05,,0,,True
84d1c437-78cf-4db3-9959-0f5a9b10d0eb,Woolworths Supermarket,Pantry,Woolworths Marshmallows 150g,097360,$2.00,$1.33 / 100G,https://www.woolworths.com.au/shop/productdetails/97360/woolworths-marshmallows,https://cdn0.woolworths.media/content/wowproductimages/medium/097360.jpg,2020-09-21 17:27:05,,0,,True
e74537d8-4a7b-4878-9e96-a0cbb8cb1bbf,Woolworths Supermarket,Pantry,Waimete Pure Honey 1kg,097375,$13.00,$1.30 / 100G,https://www.woolworths.com.au/shop/productdetails/97375/waimete-pure-honey,https://cdn0.woolworths.media/content/wowproductimages/medium/097375.jpg,2020-09-21 17:27:05,,0,,True
b77e56c0-7e66-4f35-8b5e-5a30b13dc780,Woolworths Supermarket,Pantry,Capilano All Natural Choc Honey Spread 300g,097384,$5.60,$1.87 / 100G,https://www.woolworths.com.au/shop/productdetails/97384/capilano-all-natural-choc-honey-spread,https://cdn0.woolworths.media/content/wowproductimages/medium/097384.jpg,2020-09-21 17:27:05,,0,,True
b75e3b02-04e2-4d48-be3e-36c4ed584279,Woolworths Supermarket,Pantry,Waimete Mgo 100+ Manuka Honey Multifloral 250g,097423,$16.00,$6.40 / 100G,https://www.woolworths.com.au/shop/productdetails/97423/waimete-mgo-100-manuka-honey-multifloral,https://cdn0.woolworths.media/content/wowproductimages/medium/097423.jpg,2020-09-21 17:27:05,,0,,True
1a17047e-4eb4-4676-994c-cbae93b7be8b,Woolworths Supermarket,Pantry,Ixl Plum Jam 50% Less Sugar 220g,097461,$2.00,$0.91 / 100G,https://www.woolworths.com.au/shop/productdetails/97461/ixl-plum-jam-50-less-sugar,https://cdn0.woolworths.media/content/wowproductimages/medium/097461.jpg,2020-09-21 17:27:05,,0,,True
441a35f9-6ca2-45ab-b7c8-384f435fc539,Woolworths Supermarket,Pantry,Kraft Mac & Cheese Deluxe 450g,097478,$5.30,$1.18 / 100G,https://www.woolworths.com.au/shop/productdetails/97478/kraft-mac-cheese-deluxe,https://cdn0.woolworths.media/content/wowproductimages/medium/097478.jpg,2020-09-21 17:27:05,,0,,True
16c87b52-483e-40a1-a95a-63ab4f842737,Woolworths Supermarket,Pantry,Arnott's Vita-weat Cracker 9 Grain 250g,097482,$3.30,$1.32 / 100G,https://www.woolworths.com.au/shop/productdetails/97482/arnott-s-vita-weat-cracker-9-grain,https://cdn0.woolworths.media/content/wowproductimages/medium/097482.jpg,2020-09-21 17:27:05,,0,Was $3.60 20/01/2020,True
cd84ee60-c1ec-4b39-b3df-0f6ba0cbae7b,Woolworths Supermarket,Pantry,Snacktacular Fruity Pouch Fruit Puree Apple & Mango 4 pack,097491,$3.80,$10.56 / 1KG,https://www.woolworths.com.au/shop/productdetails/97491/snacktacular-fruity-pouch-fruit-puree-apple-mango,https://cdn0.woolworths.media/content/wowproductimages/medium/097491.jpg,2020-09-21 17:27:05,,0,,True
6b1a0902-0bf0-46f1-85a7-6eddd077f395,Woolworths Supermarket,Pantry,Twinings Asha Vanilla Retreat Herbal Infusions 18 pack,097501,$6.00,$0.33 / 1EA,https://www.woolworths.com.au/shop/productdetails/97501/twinings-asha-vanilla-retreat-herbal-infusions,https://cdn0.woolworths.media/content/wowproductimages/medium/097501.jpg,2020-09-21 17:27:05,,0,,True
54159853-3ec3-46cf-b116-17b194b768d1,Woolworths Supermarket,Pantry,Arnott's Mini Milk Arrowroot Letters 8 pack,097521,$4.00,$2.38 / 100G,https://www.woolworths.com.au/shop/productdetails/97521/arnott-s-mini-milk-arrowroot-letters,https://cdn0.woolworths.media/content/wowproductimages/medium/097521.jpg,2020-09-21 17:27:05,,0,,True
825ce542-fde2-459b-82cd-1e62d319da1c,Woolworths Supermarket,Pantry,Bega Simply Nuts Crunchy Dark Roast Peanut Butter 315g,097578,$4.00,$1.27 / 100G,https://www.woolworths.com.au/shop/productdetails/97578/bega-simply-nuts-crunchy-dark-roast-peanut-butter,https://cdn0.woolworths.media/content/wowproductimages/medium/097578.jpg,2020-09-21 17:27:05,,0,,True
f8f09428-3bed-4e97-8976-73fe505c2cb2,Woolworths Supermarket,Pantry,Bega Simply Nuts Crunchy Peanut Butter 650g,097579,$9.00,$1.38 / 100G,https://www.woolworths.com.au/shop/productdetails/97579/bega-simply-nuts-crunchy-peanut-butter,https://cdn0.woolworths.media/content/wowproductimages/medium/097579.jpg,2020-09-21 17:27:05,,0,,True
b469226a-45a9-40b7-95b0-a04fa56db2fa,Woolworths Supermarket,Pantry,Bega Simply Nuts Smooth Natural Peanut Butter 650g,097580,$9.00,$1.38 / 100G,https://www.woolworths.com.au/shop/productdetails/97580/bega-simply-nuts-smooth-natural-peanut-butter,https://cdn0.woolworths.media/content/wowproductimages/medium/097580.jpg,2020-09-21 17:27:05,,0,,True
8fdc2fc7-11d2-4049-9a71-e8f3b7e2daf8,Woolworths Supermarket,Pantry,Vegemite 40% Less Salt 235g,097722,$4.90,$2.09 / 100G,https://www.woolworths.com.au/shop/productdetails/97722/vegemite-40-less-salt,https://cdn0.woolworths.media/content/wowproductimages/medium/097722.jpg,2020-09-21 17:27:05,,0,,True
a3d66f07-eab5-4dc1-a39e-102af21d1185,Woolworths Supermarket,Pantry,Vegemite 40% Less Salt 440g,097723,$8.20,$1.86 / 100G,https://www.woolworths.com.au/shop/productdetails/97723/vegemite-40-less-salt,https://cdn0.woolworths.media/content/wowproductimages/medium/097723.jpg,2020-09-21 17:27:05,,0,,True
df1fee67-0097-4db1-83ad-29e06e3201bd,Woolworths Supermarket,Pantry,Chaokoh Canned Corn Young Sweet 15up 425g,097727,$2.00,$4.71 / 1KG,https://www.woolworths.com.au/shop/productdetails/97727/chaokoh-canned-corn-young-sweet-15up,https://cdn0.woolworths.media/content/wowproductimages/medium/097727.jpg,2020-09-21 17:27:05,,0,,True
45a51092-2ba1-4eb9-be65-82483cb4c9b9,Woolworths Supermarket,Pantry,Valcom Canned Bamboo Shoots Sliced 225g,097730,$1.10,$4.89 / 1KG,https://www.woolworths.com.au/shop/productdetails/97730/valcom-canned-bamboo-shoots-sliced,https://cdn0.woolworths.media/content/wowproductimages/medium/097730.jpg,2020-09-21 17:27:05,,0,,True
c8ebf40d-0d9b-4d43-bdad-b2adb6ebd707,Woolworths Supermarket,Pantry,Nestle Mint Pattie 20g bar,097737,$1.00,$5.00 / 100G,https://www.woolworths.com.au/shop/productdetails/97737/nestle-mint-pattie,https://cdn0.woolworths.media/content/wowproductimages/medium/097737.jpg,2020-09-21 17:27:05,,0,,True
a133356d-0922-4f48-b0c3-8cd1938e219f,Woolworths Supermarket,Pantry,Dollar Sweets Peppermints Extra Strong 150g bag,097742,$2.25,$1.50 / 100G,https://www.woolworths.com.au/shop/productdetails/97742/dollar-sweets-peppermints-extra-strong,https://cdn0.woolworths.media/content/wowproductimages/medium/097742.jpg,2020-09-21 17:27:05,,0,,True
968c8958-8579-40d9-916d-703aff8bb3b3,Woolworths Supermarket,Pantry,Moro Olive Oil 1l,097745,$12.00,$1.20 / 100ML,https://www.woolworths.com.au/shop/productdetails/97745/moro-olive-oil,https://cdn0.woolworths.media/content/wowproductimages/medium/097745.jpg,2020-09-21 17:27:05,,0,Was $15.99 16/08/2016,True
7e8ec97a-f6e0-4b72-8436-6c70894d3eab,Woolworths Supermarket,Pantry,Masterfoods Barbecue Sauce 500ml,099696,$2.50,$0.50 / 100ML,https://www.woolworths.com.au/shop/productdetails/99696/masterfoods-barbecue-sauce,https://cdn0.woolworths.media/content/wowproductimages/medium/099696.jpg,2020-09-21 17:27:05,,0,,True
caf5189e-eb0d-431d-9a65-b5d22212d888,Woolworths Supermarket,Pantry,Doritos Share Pack Cheese Supreme 170g,826731,$2.75,$1.62 / 100G,https://www.woolworths.com.au/shop/productdetails/826731/doritos-share-pack-cheese-supreme,https://cdn0.woolworths.media/content/wowproductimages/medium/826731.jpg,2020-09-21 17:27:05,,0,,True
ac9106ec-2679-4bce-ae6c-92790336a7f1,Woolworths Supermarket,Pantry,Arnott's Shortbread 250g,008838,$2.50,$1.00 / 100G,https://www.woolworths.com.au/shop/productdetails/8838/arnott-s-shortbread,https://cdn0.woolworths.media/content/wowproductimages/medium/008838.jpg,2020-09-21 17:27:05,,0,,True
fe1505d3-8049-4d09-80f7-7bcc0e92dcba,Woolworths Supermarket,Pantry,Twisties Cheese Chips 90g,081659,$2.00,$2.22 / 100G,https://www.woolworths.com.au/shop/productdetails/81659/twisties-cheese-chips,https://cdn0.woolworths.media/content/wowproductimages/medium/081659.jpg,2020-09-21 17:27:05,,0,,True
1198a910-3c58-44a2-88de-9ced689b0f49,Woolworths Supermarket,Pantry,Bertolli Extra Virgin Olive Oil Originale 750ml,502951,$6.50,$0.87 / 100ML,https://www.woolworths.com.au/shop/productdetails/502951/bertolli-extra-virgin-olive-oil-originale,https://cdn0.woolworths.media/content/wowproductimages/medium/502951.jpg,2020-09-21 17:27:05,,0,,True
d9a3b9a1-ea5d-4530-a000-7d40900cea31,Woolworths Supermarket,Pantry,Valcom Canned Bamboo Shoots Sliced 225g,097730,$1.10,$4.89 / 1KG,https://www.woolworths.com.au/shop/productdetails/97730/valcom-canned-bamboo-shoots-sliced,https://cdn0.woolworths.media/content/wowproductimages/medium/097730.jpg,2020-09-21 17:27:05,,0,,True
198b508d-776f-4ba1-a207-535c75ef11fd,Woolworths Supermarket,Pantry,Kellogg's Nutri-grain Protein Breakfast Cereal 290g,701706,$4.95,$1.71 / 100G,https://www.woolworths.com.au/shop/productdetails/701706/kellogg-s-nutri-grain-protein-breakfast-cereal,https://cdn0.woolworths.media/content/wowproductimages/medium/701706.jpg,2020-09-21 17:27:05,,0,,True
fe077649-2e4c-4438-ae05-869ee116f281,Woolworths Supermarket,Pantry,Arnott's Malt O' Milk 250g,036036,$2.50,$1.00 / 100G,https://www.woolworths.com.au/shop/productdetails/36036/arnott-s-malt-o-milk,https://cdn0.woolworths.media/content/wowproductimages/medium/036036.jpg,2020-09-21 17:27:05,,0,,True
67db2184-434e-4d81-903d-a60c0c0632e3,Woolworths Supermarket,Pantry,Smith's Share Pack Crinkle Cut Salt & Vinegar 170g,826738,$2.75,$1.62 / 100G,https://www.woolworths.com.au/shop/productdetails/826738/smith-s-share-pack-crinkle-cut-salt-vinegar,https://cdn0.woolworths.media/content/wowproductimages/medium/826738.jpg,2020-09-21 17:27:05,,0,,True
9326d8a2-3700-4f33-be35-1b32c3008a72,Woolworths Supermarket,Pantry,Arnott's Snack Right Sultana 250g,182697,$3.00,$1.20 / 100G,https://www.woolworths.com.au/shop/productdetails/182697/arnott-s-snack-right-sultana,https://cdn0.woolworths.media/content/wowproductimages/medium/182697.jpg,2020-09-21 17:27:05,,0,Was $4.20 11/02/2019,True
1785ab16-19b6-4313-8d17-b151d45c8b76,Woolworths Supermarket,Pantry,Toblerone Milk Chocolate Bar 50g,047011,$1.00,$2.00 / 100G,https://www.woolworths.com.au/shop/productdetails/47011/toblerone-milk-chocolate-bar,https://cdn0.woolworths.media/content/wowproductimages/medium/047011.jpg,2020-09-21 17:27:05,,0,,True
40cc0941-0288-4cc0-be2e-6129671f716c,Woolworths Supermarket,Pantry,Kooka's Country Cookies Lemon 200g,347837,$2.00,$1.00 / 100G,https://www.woolworths.com.au/shop/productdetails/347837/kooka-s-country-cookies-lemon,https://cdn0.woolworths.media/content/wowproductimages/medium/347837.jpg,2020-09-21 17:27:05,,0,,True
e3c580e5-4ecf-4d8a-83c5-3fb5776eb657,Woolworths Supermarket,Pantry,Uncle Tobys Roll-ups Strawberry Fun Prints 6 pack,324231,$4.00,$4.26 / 100G,https://www.woolworths.com.au/shop/productdetails/324231/uncle-tobys-roll-ups-strawberry-fun-prints,https://cdn0.woolworths.media/content/wowproductimages/medium/324231.jpg,2020-09-21 17:27:05,,0,,True
ee83d7b6-7872-4d90-92c4-358b5df437fb,Woolworths Supermarket,Pantry,Woolworths Corn Sweet Kernels 420g,218926,$1.00,$2.38 / 1KG,https://www.woolworths.com.au/shop/productdetails/218926/woolworths-corn-sweet-kernels,https://cdn0.woolworths.media/content/wowproductimages/medium/218926.jpg,2020-09-21 17:27:05,Average product rating out of 5: 4.1. Product score is based on 215 ratings,215,,True
571511a2-2bea-4b49-b6b5-60bf4c2e0b43,Woolworths Supermarket,Pantry,Moccona Freeze Dried Instant Coffee Classic Medium Roast 400g,208575,$24.00,$6.00 / 100G,https://www.woolworths.com.au/shop/productdetails/208575/moccona-freeze-dried-instant-coffee-classic-medium-roast,https://cdn0.woolworths.media/content/wowproductimages/medium/208575.jpg,2020-09-21 17:27:05,,0,,True
c3655e69-8f72-4160-bcdc-d199d570e8f5,Woolworths Supermarket,Pantry,Macro Organic Quinoa Tri Colour 500g,717631,$7.00,$1.40 / 100G,https://www.woolworths.com.au/shop/productdetails/717631/macro-organic-quinoa-tri-colour,https://cdn0.woolworths.media/content/wowproductimages/medium/717631.jpg,2020-09-21 17:27:05,Average product rating out of 5: 4.6. Product score is based on 274 ratings,274,Was $9.99 09/01/2017,True
3c6885a9-d1b6-4930-8904-fe61be8e9e3c,Woolworths Supermarket,Pantry,Arnott's Shapes Cheddar 175g,384244,$2.50,$1.43 / 100G,https://www.woolworths.com.au/shop/productdetails/384244/arnott-s-shapes-cheddar,https://cdn0.woolworths.media/content/wowproductimages/medium/384244.jpg,2020-09-21 17:27:05,,0,,True
1c611256-b0a9-4b9e-bfee-c305fe402aa0,Woolworths Supermarket,Pantry,Uncle Ben's Microwave Mexican Style Brown Rice 250g,727257,$3.00,$1.20 / 100G,https://www.woolworths.com.au/shop/productdetails/727257/uncle-ben-s-microwave-mexican-style-brown-rice,https://cdn0.woolworths.media/content/wowproductimages/medium/727257.jpg,2020-09-21 17:27:05,,0,,True
e9f40525-e5c0-43f4-be69-78b1e4a61c2b,Woolworths Supermarket,Pantry,Pringles Sour Cream And Onion Chips 134g,479502,$2.50,$1.87 / 100G,https://www.woolworths.com.au/shop/productdetails/479502/pringles-sour-cream-and-onion-chips,https://cdn0.woolworths.media/content/wowproductimages/medium/479502.jpg,2020-09-21 17:27:05,,0,,True
824cdad6-2a97-4b3f-8d0f-136ee9efa884,Woolworths Supermarket,Pantry,Continental Cup A Soup Creamy Garden Vegetable 2 Pack 2 pack,097941,$2.00,$2.86 / 100G,https://www.woolworths.com.au/shop/productdetails/97941/continental-cup-a-soup-creamy-garden-vegetable-2-pack,https://cdn0.woolworths.media/content/wowproductimages/medium/097941.jpg,2020-09-21 17:27:05,,0,,True
5126bd6a-9e63-41f5-99fa-2b01cacb5eb4,Woolworths Supermarket,Pantry,Ixl Raspberry Jam 50% Less Sugar 220g,097943,$2.00,$0.91 / 100G,https://www.woolworths.com.au/shop/productdetails/97943/ixl-raspberry-jam-50-less-sugar,https://cdn0.woolworths.media/content/wowproductimages/medium/097943.jpg,2020-09-21 17:27:05,,0,,True
5586eef3-63a6-4f3f-a1fb-a0c65c61057b,Woolworths Supermarket,Pantry,Always Fresh Semi-dried Cherry Tomatoes 220g,097982,$4.00,$1.82 / 100G,https://www.woolworths.com.au/shop/productdetails/97982/always-fresh-semi-dried-cherry-tomatoes,https://cdn0.woolworths.media/content/wowproductimages/medium/097982.jpg,2020-09-21 17:27:05,,0,,True
56b9b935-c4d7-43b4-8120-fb8325cef358,Woolworths Supermarket,Pantry,Snacktacular Fruity Pouch Fruit Puree Apple 4 pack,097990,$3.80,$10.56 / 1KG,https://www.woolworths.com.au/shop/productdetails/97990/snacktacular-fruity-pouch-fruit-puree-apple,https://cdn0.woolworths.media/content/wowproductimages/medium/097990.jpg,2020-09-21 17:27:05,,0,,True
5e4e878a-380e-4a67-8735-fce49808bcfe,Woolworths Supermarket,Pantry,Always Fresh Mixed Grilled Peppers 290g,098016,$4.50,$1.55 / 100G,https://www.woolworths.com.au/shop/productdetails/98016/always-fresh-mixed-grilled-peppers,https://cdn0.woolworths.media/content/wowproductimages/medium/098016.jpg,2020-09-21 17:27:05,,0,,True
4b4d4c49-8db7-4b79-a2fb-fba4e54b86b6,Woolworths Supermarket,Pantry,Always Fresh Mediterranean Mixed Olives Whole 295g,098032,$5.00,$1.69 / 100G,https://www.woolworths.com.au/shop/productdetails/98032/always-fresh-mediterranean-mixed-olives-whole,https://cdn0.woolworths.media/content/wowproductimages/medium/098032.jpg,2020-09-21 17:27:05,,0,,True
0cbd6ebc-006f-459e-9281-189d965e458b,Woolworths Supermarket,Pantry,Bega Peanut Butter Smooth 470g,098046,$5.90,$1.26 / 100G,https://www.woolworths.com.au/shop/productdetails/98046/bega-peanut-butter-smooth,https://cdn0.woolworths.media/content/wowproductimages/medium/098046.jpg,2020-09-21 17:27:05,,0,,True
c05ec4de-db63-44da-8520-fddd9a3ea227,Woolworths Supermarket,Pantry,Bega Light Peanut Butter Smooth 470g,098047,$5.90,$1.26 / 100G,https://www.woolworths.com.au/shop/productdetails/98047/bega-light-peanut-butter-smooth,https://cdn0.woolworths.media/content/wowproductimages/medium/098047.jpg,2020-09-21 17:27:05,,0,,True
66a4238a-d4f8-4337-b9a1-38364f9e4ff2,Woolworths Supermarket,Pantry,Bega Light Peanut Spread Crunchy 470g,098048,$5.90,$1.26 / 100G,https://www.woolworths.com.au/shop/productdetails/98048/bega-light-peanut-spread-crunchy,https://cdn0.woolworths.media/content/wowproductimages/medium/098048.jpg,2020-09-21 17:27:05,,0,,True
6c18a274-ba59-460b-97c2-42d5e36f9b0f,Woolworths Supermarket,Pantry,Bega Peanut Butter Crunchy 470g,098049,$5.90,$1.26 / 100G,https://www.woolworths.com.au/shop/productdetails/98049/bega-peanut-butter-crunchy,https://cdn0.woolworths.media/content/wowproductimages/medium/098049.jpg,2020-09-21 17:27:05,,0,,True
e1f0a296-c209-445e-b454-c26df89acfe3,Woolworths Supermarket,Pantry,Fehlbergs Banderilla Style Platter Skewers Mixed Vegetables 310g,098053,$3.50,$1.13 / 100G,https://www.woolworths.com.au/shop/productdetails/98053/fehlbergs-banderilla-style-platter-skewers-mixed-vegetables,https://cdn0.woolworths.media/content/wowproductimages/medium/098053.jpg,2020-09-21 17:27:05,,0,,True
3c9df493-f5e0-45ee-932e-64fc26e133f0,Woolworths Supermarket,Pantry,Csr Golden Syrup 850g,098328,$5.45,$0.64 / 100G,https://www.woolworths.com.au/shop/productdetails/98328/csr-golden-syrup,https://cdn0.woolworths.media/content/wowproductimages/medium/098328.jpg,2020-09-21 17:27:05,,0,,True
ddf9b836-362f-4a45-8de8-d2938aef4ff8,Woolworths Supermarket,Pantry,Nestle Crunch Milk Chocolate 200g block,098337,$4.50,$2.25 / 100G,https://www.woolworths.com.au/shop/productdetails/98337/nestle-crunch-milk-chocolate,https://cdn0.woolworths.media/content/wowproductimages/medium/098337.jpg,2020-09-21 17:27:05,,0,,True
300bb22a-07ec-4870-81cc-747da2207818,Woolworths Supermarket,Pantry,Nestle Milkybar 180g block,098341,$4.50,$2.50 / 100G,https://www.woolworths.com.au/shop/productdetails/98341/nestle-milkybar,https://cdn0.woolworths.media/content/wowproductimages/medium/098341.jpg,2020-09-21 17:27:05,,0,,True
a80a5f7d-bc78-4153-9539-4db2d55d1689,Woolworths Supermarket,Pantry,Cadbury Chomp 30g bar,098361,$0.75,$2.50 / 100G,https://www.woolworths.com.au/shop/productdetails/98361/cadbury-chomp,https://cdn0.woolworths.media/content/wowproductimages/medium/098361.jpg,2020-09-21 17:27:05,,0,Was $1.05 02/05/2016,True
500ebbc4-581c-427b-99df-262f0040b81f,Woolworths Supermarket,Pantry,Cadbury Crunchie 50g bar,098368,$1.00,$2.00 / 100G,https://www.woolworths.com.au/shop/productdetails/98368/cadbury-crunchie,https://cdn0.woolworths.media/content/wowproductimages/medium/098368.jpg,2020-09-21 17:27:05,,0,,True
6cfffca7-b7d2-4102-9ea4-86847242fbee,Woolworths Supermarket,Pantry,Cadbury Flake 30g bar,098372,$1.00,$3.33 / 100G,https://www.woolworths.com.au/shop/productdetails/98372/cadbury-flake,https://cdn0.woolworths.media/content/wowproductimages/medium/098372.jpg,2020-09-21 17:27:05,,0,,True
6c2d65f7-b742-49d1-952f-443a3ef5ae62,Woolworths Supermarket,Pantry,Nestle Kitkat Original Bar 45g,098376,$2.00,$4.44 / 100G,https://www.woolworths.com.au/shop/productdetails/98376/nestle-kitkat-original-bar,https://cdn0.woolworths.media/content/wowproductimages/medium/098376.jpg,2020-09-21 17:27:05,,0,,True
76356417-f5f0-40b8-950f-43247cd6e55d,Woolworths Supermarket,Pantry,Mars Chocolate Bar 53g,098378,$1.50,$2.83 / 100G,https://www.woolworths.com.au/shop/productdetails/98378/mars-chocolate-bar,https://cdn0.woolworths.media/content/wowproductimages/medium/098378.jpg,2020-09-21 17:27:05,,0,,True
67999c1f-8d82-4ad7-865a-6839b5f81cbe,Woolworths Supermarket,Pantry,Cadbury Fry's Turkish Delight 55g bar,098390,$1.00,$1.82 / 100G,https://www.woolworths.com.au/shop/productdetails/98390/cadbury-fry-s-turkish-delight,https://cdn0.woolworths.media/content/wowproductimages/medium/098390.jpg,2020-09-21 17:27:05,,0,,True
d8148d6a-fc3e-4c0e-b465-782ef244d1e4,Woolworths Supermarket,Pantry,Wrigley's Juicy Fruit Chewing Gum Multipack 5x10 Piece 70g,098418,$3.50,$5.00 / 100G,https://www.woolworths.com.au/shop/productdetails/98418/wrigley-s-juicy-fruit-chewing-gum-multipack-5x10-piece,https://cdn0.woolworths.media/content/wowproductimages/medium/098418.jpg,2020-09-21 17:27:05,,0,,True
a7ee8181-7348-4875-868e-8ec70fbc41eb,Woolworths Supermarket,Pantry,Wrigley's P.k Gold Original Chewing Gum Multipack 5x10 Piece 70g,098419,$3.50,$5.00 / 100G,https://www.woolworths.com.au/shop/productdetails/98419/wrigley-s-p-k-gold-original-chewing-gum-multipack-5x10-piece,https://cdn0.woolworths.media/content/wowproductimages/medium/098419.jpg,2020-09-21 17:27:05,,0,,True
e3a0761e-3f7c-4567-9c89-94dd6c24744f,Woolworths Supermarket,Pantry,Nestle Butter-menthol Throat Lozenge 20 pack,098461,$2.10,$0.11 / 1EA,https://www.woolworths.com.au/shop/productdetails/98461/nestle-butter-menthol-throat-lozenge,https://cdn0.woolworths.media/content/wowproductimages/medium/098461.jpg,2020-09-21 17:27:05,,0,,True
4133b51a-e57e-438b-b9c5-2954b7d3bf9a,Woolworths Supermarket,Pantry,Nestle Smarties 50g box,098471,$2.00,$4.00 / 100G,https://www.woolworths.com.au/shop/productdetails/98471/nestle-smarties,https://cdn0.woolworths.media/content/wowproductimages/medium/098471.jpg,2020-09-21 17:27:05,,0,,True
1de6a808-752a-42ff-a073-d4b2b56ba212,Woolworths Supermarket,Pantry,Sunbites Grain Waves Sour Cream & Chives 5 pack,720220,$3.10,$2.82 / 100G,https://www.woolworths.com.au/shop/productdetails/720220/sunbites-grain-waves-sour-cream-chives,https://cdn0.woolworths.media/content/wowproductimages/medium/720220.jpg,2020-09-21 17:27:05,,0,2 for $5.00,True
5b6825ef-914e-4f0f-8589-c33ff9e3c6e7,Woolworths Supermarket,Pantry,Woolworths Rolled Traditional Oats 750g,321220,$1.40,$0.19 / 100G,https://www.woolworths.com.au/shop/productdetails/321220/woolworths-rolled-traditional-oats,https://cdn0.woolworths.media/content/wowproductimages/medium/321220.jpg,2020-09-21 17:27:05,Average product rating out of 5: 4.6. Product score is based on 748 ratings,748,,True
25a92483-cc5c-4d13-8b2c-2d7c60fb1acc,Woolworths Supermarket,Pantry,Vege Chips Chicken Style 100g,793382,$3.80,$3.80 / 100G,https://www.woolworths.com.au/shop/productdetails/793382/vege-chips-chicken-style,https://cdn0.woolworths.media/content/wowproductimages/medium/793382.jpg,2020-09-21 17:27:05,Average product rating out of 5: 4.7. Product score is based on 20 ratings,20,,True
a612c0df-5cea-48e7-a389-3da1a83cf11a,Woolworths Supermarket,Pantry,Sanitarium Weet-bix Breakfast Cereal 1.2kg,200695,$5.00,$0.42 / 100G,https://www.woolworths.com.au/shop/productdetails/200695/sanitarium-weet-bix-breakfast-cereal,https://cdn0.woolworths.media/content/wowproductimages/medium/200695.jpg,2020-09-21 17:27:05,,0,,True
cdf15da5-2a7a-4578-ad40-1050a688f910,Woolworths Supermarket,Pantry,Woolworths Almond Meal 400g,610610,$7.50,$18.75 / 1KG,https://www.woolworths.com.au/shop/productdetails/610610/woolworths-almond-meal,https://cdn0.woolworths.media/content/wowproductimages/medium/610610.jpg,2020-09-21 17:27:05,Average product rating out of 5: 4.6. Product score is based on 326 ratings,326,Was $9.00 22/07/2020,True
11eab8b9-0721-4fe0-a067-aa72473e0669,Woolworths Supermarket,Pantry,Continental Cup A Soup Creamy Chicken With Lots Of Noodles 2 pack,026649,$2.00,$3.33 / 100G,https://www.woolworths.com.au/shop/productdetails/26649/continental-cup-a-soup-creamy-chicken-with-lots-of-noodles,https://cdn0.woolworths.media/content/wowproductimages/medium/026649.jpg,2020-09-21 17:27:05,,0,,True
51aa8ea3-f256-4cb0-a346-ede3174f8bcf,Woolworths Supermarket,Pantry,Bertolli Extra Virgin Olive Oil Originale 750ml,502951,$6.50,$0.87 / 100ML,https://www.woolworths.com.au/shop/productdetails/502951/bertolli-extra-virgin-olive-oil-originale,https://cdn0.woolworths.media/content/wowproductimages/medium/502951.jpg,2020-09-21 17:27:05,,0,,True
bd2a29bf-bb2b-4069-bd80-567418e3e48f,Woolworths Supermarket,Pantry,Beechworth Pure Honey 1.5kg,250371,$22.00,$1.47 / 100G,https://www.woolworths.com.au/shop/productdetails/250371/beechworth-pure-honey,https://cdn0.woolworths.media/content/wowproductimages/medium/250371.jpg,2020-09-21 17:27:05,,0,,True
69da58a2-3f8f-4e72-9751-ed82e969c241,Woolworths Supermarket,Pantry,Cadbury Dairy Milk Chocolate Fair Trade 350g,757883,$5.00,$1.43 / 100G,https://www.woolworths.com.au/shop/productdetails/757883/cadbury-dairy-milk-chocolate-fair-trade,https://cdn0.woolworths.media/content/wowproductimages/medium/757883.jpg,2020-09-21 17:27:05,,0,Was $6.30 16/01/2017,True
97168ef4-e7de-4ad2-a251-1a3c537f1de9,Woolworths Supermarket,Pantry,Queen Organic Vanilla Bean Paste 65g,225399,$11.80,$18.15 / 100G,https://www.woolworths.com.au/shop/productdetails/225399/queen-organic-vanilla-bean-paste,https://cdn0.woolworths.media/content/wowproductimages/medium/225399.jpg,2020-09-21 17:27:05,,0,,True
68d78028-a349-4b4c-a838-f9b1cecf3ec5,Woolworths Supermarket,Pantry,Macro Organic Quinoa Tri Colour 500g,717631,$7.00,$1.40 / 100G,https://www.woolworths.com.au/shop/productdetails/717631/macro-organic-quinoa-tri-colour,https://cdn0.woolworths.media/content/wowproductimages/medium/717631.jpg,2020-09-21 17:27:05,Average product rating out of 5: 4.6. Product score is based on 274 ratings,274,Was $9.99 09/01/2017,True
1dbc5457-362e-4978-b07e-df18d8b25b11,Woolworths Supermarket,Pantry,Woolworths Walnuts Kernel 500g,749540,$11.00,$22.00 / 1KG,https://www.woolworths.com.au/shop/productdetails/749540/woolworths-walnuts-kernel,https://cdn0.woolworths.media/content/wowproductimages/medium/749540.jpg,2020-09-21 17:27:05,Average product rating out of 5: 4.8. Product score is based on 360 ratings,360,,True
b9b264d3-b1d6-48e3-beed-5cc9fa25e2df,Woolworths Supermarket,Pantry,Moccona Freeze Dried Instant Coffee Classic Medium Roast 400g,208575,$24.00,$6.00 / 100G,https://www.woolworths.com.au/shop/productdetails/208575/moccona-freeze-dried-instant-coffee-classic-medium-roast,https://cdn0.woolworths.media/content/wowproductimages/medium/208575.jpg,2020-09-21 17:27:05,,0,,True
1f9a83f5-7924-44c4-afca-b87fced0b308,Woolworths Supermarket,Pantry,Arnott's Monte Carlo 250g,036031,$3.00,$1.20 / 100G,https://www.woolworths.com.au/shop/productdetails/36031/arnott-s-monte-carlo,https://cdn0.woolworths.media/content/wowproductimages/medium/036031.jpg,2020-09-21 17:27:05,,0,,True
e1c53bd9-582f-4428-a0c3-179334f1ce4d,Woolworths Supermarket,Pantry,Woolworths Diced Italian Tomatoes No Added Salt 400g,770320,$0.80,$2.00 / 1KG,https://www.woolworths.com.au/shop/productdetails/770320/woolworths-diced-italian-tomatoes-no-added-salt,https://cdn0.woolworths.media/content/wowproductimages/medium/770320.jpg,2020-09-21 17:27:05,Average product rating out of 5: 4.7. Product score is based on 311 ratings,311,,True
6b18fd93-2d92-46ab-acef-83d2bde500fb,Woolworths Supermarket,Pantry,Ritz Crackers Original 300g,660562,$2.50,$0.83 / 100G,https://www.woolworths.com.au/shop/productdetails/660562/ritz-crackers-original,https://cdn0.woolworths.media/content/wowproductimages/medium/660562.jpg,2020-09-21 17:27:05,,0,,True
05dcde90-08c0-43f7-8cbf-c2a0194f3f5c,Woolworths Supermarket,Pantry,Nescafe Blend 43 Soluble Instant Coffee 500g,035694,$20.00,$4.00 / 100G,https://www.woolworths.com.au/shop/productdetails/35694/nescafe-blend-43-soluble-instant-coffee,https://cdn0.woolworths.media/content/wowproductimages/medium/035694.jpg,2020-09-21 17:27:05,,0,,True
a101e837-42c1-4aa3-abcf-f9a0202e5895,Woolworths Supermarket,Pantry,Mckenzie's Himalayan Salt Rock Pink 400g,749926,$5.95,$0.15 / 10G,https://www.woolworths.com.au/shop/productdetails/749926/mckenzie-s-himalayan-salt-rock-pink,https://cdn0.woolworths.media/content/wowproductimages/medium/749926.jpg,2020-09-21 17:27:05,,0,,True
77a463cf-a1c3-4585-9c2d-e4c31b044691,Woolworths Supermarket,Pantry,Cobram Estate Extra Virgin Light Olive Oil 750ml,345955,$15.00,$2.00 / 100ML,https://www.woolworths.com.au/shop/productdetails/345955/cobram-estate-extra-virgin-light-olive-oil,https://cdn0.woolworths.media/content/wowproductimages/medium/345955.jpg,2020-09-21 17:27:05,,0,,True
90324d74-4680-4d24-b02b-cf132fd86810,Woolworths Supermarket,Pantry,Woolworths White Rice Long Grain 5kg,072779,$6.70,$0.13 / 100G,https://www.woolworths.com.au/shop/productdetails/72779/woolworths-white-rice-long-grain,https://cdn0.woolworths.media/content/wowproductimages/medium/072779.jpg,2020-09-21 17:27:05,Average product rating out of 5: 4.8. Product score is based on 14 ratings,14,,True
5b80543e-322f-4140-b69d-968cba079938,Woolworths Supermarket,Pantry,John West Tuna Slices In Olive Oil 125g,098518,$3.50,$28.00 / 1KG,https://www.woolworths.com.au/shop/productdetails/98518/john-west-tuna-slices-in-olive-oil,https://cdn0.woolworths.media/content/wowproductimages/medium/098518.jpg,2020-09-21 17:27:05,,0,,True
5d36e966-fd6d-4528-a7ea-393887d67b3f,Woolworths Supermarket,Pantry,John West Tuna Slices Smoked In Olive Oil 125g,098520,$3.50,$28.00 / 1KG,https://www.woolworths.com.au/shop/productdetails/98520/john-west-tuna-slices-smoked-in-olive-oil,https://cdn0.woolworths.media/content/wowproductimages/medium/098520.jpg,2020-09-21 17:27:05,,0,,True
182922af-3228-48c0-a1d3-0134e129ea0c,Woolworths Supermarket,Pantry,John West Sardines In Spring Water 110g,098523,$2.80,$25.45 / 1KG,https://www.woolworths.com.au/shop/productdetails/98523/john-west-sardines-in-spring-water,https://cdn0.woolworths.media/content/wowproductimages/medium/098523.jpg,2020-09-21 17:27:05,,0,,True
940bfdff-3429-4054-852f-97923c9e78b9,Woolworths Supermarket,Pantry,San Remo Spaghetti Egg Pasta 500g,098566,$2.60,$0.52 / 100G,https://www.woolworths.com.au/shop/productdetails/98566/san-remo-spaghetti-egg-pasta,https://cdn0.woolworths.media/content/wowproductimages/medium/098566.jpg,2020-09-21 17:27:05,,0,,True
4f081fae-4418-44de-8c20-f3a5032918ec,Woolworths Supermarket,Pantry,Leggos Pizza Paste Pizza 280g,098571,$3.00,$1.07 / 100G,https://www.woolworths.com.au/shop/productdetails/98571/leggos-pizza-paste-pizza,https://cdn0.woolworths.media/content/wowproductimages/medium/098571.jpg,2020-09-21 17:27:05,,0,,True
bbdeb15c-77bc-4695-8deb-f811624f4979,Woolworths Supermarket,Pantry,Quick-eze Heartburn & Indigestion Relief Original 60 pack,098611,$6.50,$0.11 / 1EA,https://www.woolworths.com.au/shop/productdetails/98611/quick-eze-heartburn-indigestion-relief-original,https://cdn0.woolworths.media/content/wowproductimages/medium/098611.jpg,2020-09-21 17:27:05,,0,,True
4af34a74-eba1-4eae-a5d8-c79ac576daaf,Woolworths Supermarket,Pantry,Old El Paso Mexican Burrito Spice Mix 40g,098778,$2.00,$5.00 / 100G,https://www.woolworths.com.au/shop/productdetails/98778/old-el-paso-mexican-burrito-spice-mix,https://cdn0.woolworths.media/content/wowproductimages/medium/098778.jpg,2020-09-21 17:27:05,,0,,True
ec760be2-0fe5-44ef-bfb8-f795a7d4f419,Woolworths Supermarket,Pantry,Saxa Pepper Black Picnic Pack 50g,098800,$3.65,$0.73 / 10G,https://www.woolworths.com.au/shop/productdetails/98800/saxa-pepper-black-picnic-pack,https://cdn0.woolworths.media/content/wowproductimages/medium/098800.jpg,2020-09-21 17:27:05,,0,,True
dc97a2b1-0f88-493a-8179-ed408ed802e3,Woolworths Supermarket,Pantry,Nestle Peppermint Crisp 35g bar,098869,$2.00,$5.71 / 100G,https://www.woolworths.com.au/shop/productdetails/98869/nestle-peppermint-crisp,https://cdn0.woolworths.media/content/wowproductimages/medium/098869.jpg,2020-09-21 17:27:05,,0,,True
4e954590-eec0-4281-8784-890613380082,Woolworths Supermarket,Pantry,Barilla Spaghetti No 7 Pasta Spaghettoni 500g,098906,$1.70,$0.34 / 100G,https://www.woolworths.com.au/shop/productdetails/98906/barilla-spaghetti-no-7-pasta-spaghettoni,https://cdn0.woolworths.media/content/wowproductimages/medium/098906.jpg,2020-09-21 17:27:05,,0,,True
98fd4536-bb56-4e60-9dc7-880dacb71e27,Woolworths Supermarket,Pantry,Hart & Soul Moroccan Couscous 150g,098980,$3.80,$2.53 / 100G,https://www.woolworths.com.au/shop/productdetails/98980/hart-soul-moroccan-couscous,https://cdn0.woolworths.media/content/wowproductimages/medium/098980.jpg,2020-09-21 17:27:05,,0,,True
908d49f4-45a7-4c91-826b-5f24cbaecc95,Woolworths Supermarket,Pantry,Marion's Kitchen Thai Green Curry Cooking Kit 419g,099049,$7.45,$1.78 / 100G,https://www.woolworths.com.au/shop/productdetails/99049/marion-s-kitchen-thai-green-curry-cooking-kit,https://cdn0.woolworths.media/content/wowproductimages/medium/099049.jpg,2020-09-21 17:27:05,,0,,True
0e578d92-e7ae-45df-9df5-2e052458b98f,Woolworths Supermarket,Pantry,Crisco Canola Oil 750ml,099091,$3.45,$0.46 / 100ML,https://www.woolworths.com.au/shop/productdetails/99091/crisco-canola-oil,https://cdn0.woolworths.media/content/wowproductimages/medium/099091.jpg,2020-09-21 17:27:05,,0,,True
754a718c-b79e-473c-a86b-9962c35c4669,Woolworths Supermarket,Pantry,Cottee's Breakfast Marmalade 250g,099171,$2.00,$0.80 / 100G,https://www.woolworths.com.au/shop/productdetails/99171/cottee-s-breakfast-marmalade,https://cdn0.woolworths.media/content/wowproductimages/medium/099171.jpg,2020-09-21 17:27:05,,0,,True
9e5c90d3-4c55-40df-8f15-7bad29408e32,Woolworths Supermarket,Pantry,Cottee's Raspberry Jam 250g,099244,$2.00,$0.80 / 100G,https://www.woolworths.com.au/shop/productdetails/99244/cottee-s-raspberry-jam,https://cdn0.woolworths.media/content/wowproductimages/medium/099244.jpg,2020-09-21 17:27:05,,0,,True
8c7b365b-d132-4e45-a54b-bf99b2766b87,Woolworths Supermarket,Pantry,Wowbutter Peanut Free Crunchy 500g,099284,$8.00,$1.60 / 100G,https://www.woolworths.com.au/shop/productdetails/99284/wowbutter-peanut-free-crunchy,https://cdn0.woolworths.media/content/wowproductimages/medium/099284.jpg,2020-09-21 17:27:05,,0,,True
594e0cfd-28b1-4045-94a2-c3dac1183a6f,Woolworths Supermarket,Pantry,Cottee's Apricot Jam 250g,099325,$2.00,$0.80 / 100G,https://www.woolworths.com.au/shop/productdetails/99325/cottee-s-apricot-jam,https://cdn0.woolworths.media/content/wowproductimages/medium/099325.jpg,2020-09-21 17:27:05,,0,,True
0a68fba5-1163-453d-b6a2-cca46c761303,Woolworths Supermarket,Pantry,Snacktacular Fruity Pouch Fruit Puree Apple & Mixed Berries 4 pack,099412,$3.80,$10.56 / 1KG,https://www.woolworths.com.au/shop/productdetails/99412/snacktacular-fruity-pouch-fruit-puree-apple-mixed-berries,https://cdn0.woolworths.media/content/wowproductimages/medium/099412.jpg,2020-09-21 17:27:05,,0,,True
0611867f-5fa6-40b1-9e96-ea5eda91535c,Woolworths Supermarket,Pantry,Squid Brand Fish Sauce 300ml,099484,$2.00,$0.67 / 100ML,https://www.woolworths.com.au/shop/productdetails/99484/squid-brand-fish-sauce,https://cdn0.woolworths.media/content/wowproductimages/medium/099484.jpg,2020-09-21 17:27:05,,0,,True
0a57897b-f15e-4944-928d-efa0321e8a9f,Woolworths Supermarket,Pantry,Snacktacular Fruity Pouch Fruit Puree Apple & Raspberry 4 pack,099522,$3.80,$10.56 / 1KG,https://www.woolworths.com.au/shop/productdetails/99522/snacktacular-fruity-pouch-fruit-puree-apple-raspberry,https://cdn0.woolworths.media/content/wowproductimages/medium/099522.jpg,2020-09-21 17:27:05,,0,,True
fb4d86d1-133b-4d7b-81bc-4cf4bcfbfa25,Woolworths Supermarket,Pantry,Marion's Kitchen San Choy Bow Cooking Kit 342g,099523,$7.45,$2.18 / 100G,https://www.woolworths.com.au/shop/productdetails/99523/marion-s-kitchen-san-choy-bow-cooking-kit,https://cdn0.woolworths.media/content/wowproductimages/medium/099523.jpg,2020-09-21 17:27:05,,0,,True
a229d900-8a29-48cb-8a95-69b3b8ef97c8,Woolworths Supermarket,Pantry,Hart & Soul Vegetable Paella 150g,099525,$3.80,$2.53 / 100G,https://www.woolworths.com.au/shop/productdetails/99525/hart-soul-vegetable-paella,https://cdn0.woolworths.media/content/wowproductimages/medium/099525.jpg,2020-09-21 17:27:05,,0,,True
f9983f30-ce27-4e04-be27-f2a26a882f67,Woolworths Supermarket,Pantry,Campbell's Country Ladle Canned Soup Pea & Ham 500g,099542,$3.50,$0.70 / 100G,https://www.woolworths.com.au/shop/productdetails/99542/campbell-s-country-ladle-canned-soup-pea-ham,https://cdn0.woolworths.media/content/wowproductimages/medium/099542.jpg,2020-09-21 17:27:05,,0,,True
4aad491a-3242-491e-a4d7-095768015fe8,Woolworths Supermarket,Pantry,Hart & Soul Mushroom Risotto 150g,099550,$3.80,$2.53 / 100G,https://www.woolworths.com.au/shop/productdetails/99550/hart-soul-mushroom-risotto,https://cdn0.woolworths.media/content/wowproductimages/medium/099550.jpg,2020-09-21 17:27:05,,0,,True
676329b2-891a-42ed-a5b9-a671aef022cf,Woolworths Supermarket,Pantry,Sunbites Grain Waves Sour Cream & Chives 5 pack,720220,$3.10,$2.82 / 100G,https://www.woolworths.com.au/shop/productdetails/720220/sunbites-grain-waves-sour-cream-chives,https://cdn0.woolworths.media/content/wowproductimages/medium/720220.jpg,2020-09-21 17:27:05,,0,2 for $5.00,True
082dc36c-d4fa-4863-95cc-1727a37a036b,Woolworths Supermarket,Pantry,Woolworths Diced Italian Tomatoes No Added Salt 400g,770320,$0.80,$2.00 / 1KG,https://www.woolworths.com.au/shop/productdetails/770320/woolworths-diced-italian-tomatoes-no-added-salt,https://cdn0.woolworths.media/content/wowproductimages/medium/770320.jpg,2020-09-21 17:27:05,Average product rating out of 5: 4.7. Product score is based on 311 ratings,311,,True
f1857996-6793-411e-b01d-8eb9d578aaef,Woolworths Supermarket,Pantry,Sanitarium Weet-bix Breakfast Cereal 1.2kg,200695,$5.00,$0.42 / 100G,https://www.woolworths.com.au/shop/productdetails/200695/sanitarium-weet-bix-breakfast-cereal,https://cdn0.woolworths.media/content/wowproductimages/medium/200695.jpg,2020-09-21 17:27:05,,0,,True
df0b7c1a-9747-4901-b13d-0b56e8caf3e0,Woolworths Supermarket,Pantry,Continental Cup A Soup Creamy Chicken With Lots Of Noodles 2 pack,026649,$2.00,$3.33 / 100G,https://www.woolworths.com.au/shop/productdetails/26649/continental-cup-a-soup-creamy-chicken-with-lots-of-noodles,https://cdn0.woolworths.media/content/wowproductimages/medium/026649.jpg,2020-09-21 17:27:05,,0,,True
6d7f3972-1d6b-4a3b-9acd-3e8d217d947e,Woolworths Supermarket,Pantry,Nescafe Blend 43 Soluble Instant Coffee 500g,035694,$20.00,$4.00 / 100G,https://www.woolworths.com.au/shop/productdetails/35694/nescafe-blend-43-soluble-instant-coffee,https://cdn0.woolworths.media/content/wowproductimages/medium/035694.jpg,2020-09-21 17:27:05,,0,,True
aa2acbab-f62e-45eb-a5b7-0efcb881c7d5,Woolworths Supermarket,Pantry,Moccona Freeze Dried Instant Coffee Classic Medium Roast 400g,208575,$24.00,$6.00 / 100G,https://www.woolworths.com.au/shop/productdetails/208575/moccona-freeze-dried-instant-coffee-classic-medium-roast,https://cdn0.woolworths.media/content/wowproductimages/medium/208575.jpg,2020-09-21 17:27:05,,0,,True
e3cccaa6-a06b-44c4-bd65-cafb67e04107,Woolworths Supermarket,Pantry,Cadbury Dairy Milk Chocolate Fair Trade 350g,757883,$5.00,$1.43 / 100G,https://www.woolworths.com.au/shop/productdetails/757883/cadbury-dairy-milk-chocolate-fair-trade,https://cdn0.woolworths.media/content/wowproductimages/medium/757883.jpg,2020-09-21 17:27:05,,0,Was $6.30 16/01/2017,True
67cc0d7d-8ba4-4a7e-bfec-c16012791266,Woolworths Supermarket,Pantry,Woolworths Almond Meal 400g,610610,$7.50,$18.75 / 1KG,https://www.woolworths.com.au/shop/productdetails/610610/woolworths-almond-meal,https://cdn0.woolworths.media/content/wowproductimages/medium/610610.jpg,2020-09-21 17:27:05,Average product rating out of 5: 4.6. Product score is based on 326 ratings,326,Was $9.00 22/07/2020,True
5b7de0ad-7442-4712-824c-a7b2f3e6ffd7,Woolworths Supermarket,Pantry,Macro Organic Quinoa Tri Colour 500g,717631,$7.00,$1.40 / 100G,https://www.woolworths.com.au/shop/productdetails/717631/macro-organic-quinoa-tri-colour,https://cdn0.woolworths.media/content/wowproductimages/medium/717631.jpg,2020-09-21 17:27:05,Average product rating out of 5: 4.6. Product score is based on 274 ratings,274,Was $9.99 09/01/2017,True
5f024fa8-ae58-43bb-a132-76d59a3fc184,Woolworths Supermarket,Pantry,Mckenzie's Himalayan Salt Rock Pink 400g,749926,$5.95,$0.15 / 10G,https://www.woolworths.com.au/shop/productdetails/749926/mckenzie-s-himalayan-salt-rock-pink,https://cdn0.woolworths.media/content/wowproductimages/medium/749926.jpg,2020-09-21 17:27:05,,0,,True
72e042e0-b29c-451b-8df1-dd752fe641ee,Woolworths Supermarket,Pantry,Woolworths White Rice Long Grain 5kg,072779,$6.70,$0.13 / 100G,https://www.woolworths.com.au/shop/productdetails/72779/woolworths-white-rice-long-grain,https://cdn0.woolworths.media/content/wowproductimages/medium/072779.jpg,2020-09-21 17:27:05,Average product rating out of 5: 4.8. Product score is based on 14 ratings,14,,True
24817d3c-27cc-4438-b67e-29d765f96c61,Woolworths Supermarket,Pantry,Queen Organic Vanilla Bean Paste 65g,225399,$11.80,$18.15 / 100G,https://www.woolworths.com.au/shop/productdetails/225399/queen-organic-vanilla-bean-paste,https://cdn0.woolworths.media/content/wowproductimages/medium/225399.jpg,2020-09-21 17:27:05,,0,,True
9a94b319-8e2a-4ab2-b742-aeee31db36b0,Woolworths Supermarket,Pantry,Arnott's Monte Carlo 250g,036031,$3.00,$1.20 / 100G,https://www.woolworths.com.au/shop/productdetails/36031/arnott-s-monte-carlo,https://cdn0.woolworths.media/content/wowproductimages/medium/036031.jpg,2020-09-21 17:27:05,,0,,True
84eb053e-faa0-40ff-b6e6-abe87d76564e,Woolworths Supermarket,Pantry,Beechworth Pure Honey 1.5kg,250371,$22.00,$1.47 / 100G,https://www.woolworths.com.au/shop/productdetails/250371/beechworth-pure-honey,https://cdn0.woolworths.media/content/wowproductimages/medium/250371.jpg,2020-09-21 17:27:05,,0,,True
5f61210b-86b8-49b4-a783-fe043db00e26,Woolworths Supermarket,Pantry,Vege Chips Chicken Style 100g,793382,$3.80,$3.80 / 100G,https://www.woolworths.com.au/shop/productdetails/793382/vege-chips-chicken-style,https://cdn0.woolworths.media/content/wowproductimages/medium/793382.jpg,2020-09-21 17:27:05,Average product rating out of 5: 4.7. Product score is based on 20 ratings,20,,True
3687ba99-6a90-4c71-97b6-e9a5df32cf00,Woolworths Supermarket,Pantry,Bertolli Extra Virgin Olive Oil Originale 750ml,502951,$6.50,$0.87 / 100ML,https://www.woolworths.com.au/shop/productdetails/502951/bertolli-extra-virgin-olive-oil-originale,https://cdn0.woolworths.media/content/wowproductimages/medium/502951.jpg,2020-09-21 17:27:05,,0,,True
d5eb7e49-cd9d-4b98-ac77-84415c9652f6,Woolworths Supermarket,Pantry,Woolworths Walnuts Kernel 500g,749540,$11.00,$22.00 / 1KG,https://www.woolworths.com.au/shop/productdetails/749540/woolworths-walnuts-kernel,https://cdn0.woolworths.media/content/wowproductimages/medium/749540.jpg,2020-09-21 17:27:05,Average product rating out of 5: 4.8. Product score is based on 360 ratings,360,,True
f4a9e3ec-b49a-4c93-9993-3797d48040b4,Woolworths Supermarket,Pantry,Ritz Crackers Original 300g,660562,$2.50,$0.83 / 100G,https://www.woolworths.com.au/shop/productdetails/660562/ritz-crackers-original,https://cdn0.woolworths.media/content/wowproductimages/medium/660562.jpg,2020-09-21 17:27:05,,0,,True
3a2011d2-0143-4b28-8254-9b71acf0cb8c,Woolworths Supermarket,Pantry,Cobram Estate Extra Virgin Light Olive Oil 750ml,345955,$15.00,$2.00 / 100ML,https://www.woolworths.com.au/shop/productdetails/345955/cobram-estate-extra-virgin-light-olive-oil,https://cdn0.woolworths.media/content/wowproductimages/medium/345955.jpg,2020-09-21 17:27:05,,0,,True
28e1d7d9-4905-4406-a13b-8c54245ad125,Woolworths Supermarket,Pantry,Woolworths Rolled Traditional Oats 750g,321220,$1.40,$0.19 / 100G,https://www.woolworths.com.au/shop/productdetails/321220/woolworths-rolled-traditional-oats,https://cdn0.woolworths.media/content/wowproductimages/medium/321220.jpg,2020-09-21 17:27:05,Average product rating out of 5: 4.6. Product score is based on 748 ratings,748,,True
0c492b3f-5ecc-4d87-94ca-7afa87e2b459,Woolworths Supermarket,Pantry,Arnott's Venetians Fancy 200g,099600,$2.50,$1.25 / 100G,https://www.woolworths.com.au/shop/productdetails/99600/arnott-s-venetians-fancy,https://cdn0.woolworths.media/content/wowproductimages/medium/099600.jpg,2020-09-21 17:27:05,,0,,True
ef8019d6-c423-49cf-9d65-1367a3447bca,Woolworths Supermarket,Pantry,Masterfoods Tomato Sauce 500ml,099633,$2.50,$0.50 / 100ML,https://www.woolworths.com.au/shop/productdetails/99633/masterfoods-tomato-sauce,https://cdn0.woolworths.media/content/wowproductimages/medium/099633.jpg,2020-09-21 17:27:05,,0,,True
89c1f094-ff2c-43d6-981c-c54124fa614e,Woolworths Supermarket,Pantry,Masterfoods Barbecue Sauce 500ml,099696,$2.50,$0.50 / 100ML,https://www.woolworths.com.au/shop/productdetails/99696/masterfoods-barbecue-sauce,https://cdn0.woolworths.media/content/wowproductimages/medium/099696.jpg,2020-09-21 17:27:05,,0,,True
2b21a4d8-8fb6-4048-9852-63e11615707e,Woolworths Supermarket,Pantry,Mazzetti Balsamic Vinegar Of Modena 500ml,099709,$4.50,$0.90 / 100ML,https://www.woolworths.com.au/shop/productdetails/99709/mazzetti-balsamic-vinegar-of-modena,https://cdn0.woolworths.media/content/wowproductimages/medium/099709.jpg,2020-09-21 17:27:05,,0,,True
f88e7eb9-a1bd-4dc1-a8b4-087d96d3624f,Woolworths Supermarket,Pantry,Nature Nate's 100% Pure Australian Raw & Unfiltered Honey 1kg,099799,$17.00,$1.70 / 100G,https://www.woolworths.com.au/shop/productdetails/99799/nature-nate-s-100-pure-australian-raw-unfiltered-honey,https://cdn0.woolworths.media/content/wowproductimages/medium/099799.jpg,2020-09-21 17:27:05,,0,,True
3d1fe301-ec06-4a3f-9a1d-60762c1e88ab,Woolworths Supermarket,Pantry,Nature Nate's 100% Pure Organic Australian Raw & Unfiltered Honey 400g,099800,$9.80,$2.45 / 100G,https://www.woolworths.com.au/shop/productdetails/99800/nature-nate-s-100-pure-organic-australian-raw-unfiltered-honey,https://cdn0.woolworths.media/content/wowproductimages/medium/099800.jpg,2020-09-21 17:27:05,,0,,True
7ac64756-32c5-40ff-abbb-385285d1ab1e,Woolworths Supermarket,Pantry,Nature Nate's 100% Pure Australian Raw & Unfiltered Honey 500g,099801,$9.00,$1.80 / 100G,https://www.woolworths.com.au/shop/productdetails/99801/nature-nate-s-100-pure-australian-raw-unfiltered-honey,https://cdn0.woolworths.media/content/wowproductimages/medium/099801.jpg,2020-09-21 17:27:05,,0,,True
6a14f55d-59d2-4bca-8986-aee49fc08bd0,Woolworths Supermarket,Pantry,Gardener Mixed Blossom Honey 1kg,099883,$9.00,$0.90 / 100G,https://www.woolworths.com.au/shop/productdetails/99883/gardener-mixed-blossom-honey,https://cdn0.woolworths.media/content/wowproductimages/medium/099883.jpg,2020-09-21 17:27:05,,0,,True
bc9fe2ee-83c1-4c05-a1c0-bb27fff1efc8,Woolworths Supermarket,Pantry,Trolli Sour Gecko 8 pack,099887,$3.50,$2.30 / 100G,https://www.woolworths.com.au/shop/productdetails/99887/trolli-sour-gecko,https://cdn0.woolworths.media/content/wowproductimages/medium/099887.jpg,2020-09-21 17:27:05,,0,,True
94f75b3a-fe77-46e6-a7da-09f48c4b06a7,Woolworths Supermarket,Pantry,Mazzetti Balsamic Vinegar Of Modena 250ml,099917,$3.50,$1.40 / 100ML,https://www.woolworths.com.au/shop/productdetails/99917/mazzetti-balsamic-vinegar-of-modena,https://cdn0.woolworths.media/content/wowproductimages/medium/099917.jpg,2020-09-21 17:27:05,,0,,True
98f9dab5-18be-4beb-9843-d3b646d2c5e1,Woolworths Supermarket,Pantry,Happy Valley 100% Pure Honey 500g,099962,$8.00,$1.60 / 100G,https://www.woolworths.com.au/shop/productdetails/99962/happy-valley-100-pure-honey,https://cdn0.woolworths.media/content/wowproductimages/medium/099962.jpg,2020-09-21 17:27:05,,0,,True
420e3b8a-62e7-40ed-930f-87bc0e21ce98,Woolworths Supermarket,Pantry,Cloverdale Organic Mixed Blossom Honey 400g,100123,$6.00,$1.50 / 100G,https://www.woolworths.com.au/shop/productdetails/100123/cloverdale-organic-mixed-blossom-honey,https://cdn0.woolworths.media/content/wowproductimages/medium/100123.jpg,2020-09-21 17:27:05,,0,,True
dce0c2eb-1a6b-4e02-bb0d-3b2ea5128718,Woolworths Supermarket,Pantry,Hart & Soul Mediterranean Couscous 150g,100134,$3.80,$2.53 / 100G,https://www.woolworths.com.au/shop/productdetails/100134/hart-soul-mediterranean-couscous,https://cdn0.woolworths.media/content/wowproductimages/medium/100134.jpg,2020-09-21 17:27:05,,0,,True
4c3f1222-9aac-4d34-b95a-648f5228b885,Woolworths Supermarket,Pantry,Hart & Soul Mediterranean Risotto 150g,100223,$3.80,$2.53 / 100G,https://www.woolworths.com.au/shop/productdetails/100223/hart-soul-mediterranean-risotto,https://cdn0.woolworths.media/content/wowproductimages/medium/100223.jpg,2020-09-21 17:27:05,,0,,True
3250b80a-43e3-4c0d-8c17-75632b81c372,Woolworths Supermarket,Pantry,Marion's Kitchen Pad Thai Cooking Kit 358g,100326,$7.45,$2.08 / 100G,https://www.woolworths.com.au/shop/productdetails/100326/marion-s-kitchen-pad-thai-cooking-kit,https://cdn0.woolworths.media/content/wowproductimages/medium/100326.jpg,2020-09-21 17:27:05,,0,,True
5e1d326a-d3ee-4572-b24e-e785173a925f,Woolworths Supermarket,Pantry,Marion's Kitchen Cashew Chicken Cooking Kit 330g,100340,$7.45,$2.26 / 100G,https://www.woolworths.com.au/shop/productdetails/100340/marion-s-kitchen-cashew-chicken-cooking-kit,https://cdn0.woolworths.media/content/wowproductimages/medium/100340.jpg,2020-09-21 17:27:05,,0,,True
57f0eb88-198e-41d6-8b5b-1af7ee403a6e,Woolworths Supermarket,Pantry,Marion's Kitchen Thai Red Curry Cooking Kit 394g,100733,$7.45,$1.89 / 100G,https://www.woolworths.com.au/shop/productdetails/100733/marion-s-kitchen-thai-red-curry-cooking-kit,https://cdn0.woolworths.media/content/wowproductimages/medium/100733.jpg,2020-09-21 17:27:05,,0,,True
cb528fa7-6e4a-4712-8418-46d58b255b78,Woolworths Supermarket,Pantry,Zappo Grape & Strawberry Flavoured Chews 4 pack,101182,$2.00,$1.92 / 100G,https://www.woolworths.com.au/shop/productdetails/101182/zappo-grape-strawberry-flavoured-chews,https://cdn0.woolworths.media/content/wowproductimages/medium/101182.jpg,2020-09-21 17:27:05,,0,,True
c25ab22f-e448-4c00-a6d7-21efacff6ffb,Woolworths Supermarket,Pantry,Hamper Beef Corned Lite 340g,101472,$6.50,$19.12 / 1KG,https://www.woolworths.com.au/shop/productdetails/101472/hamper-beef-corned-lite,https://cdn0.woolworths.media/content/wowproductimages/medium/101472.jpg,2020-09-21 17:27:05,,0,,True
d9b9b30d-925b-4a81-8309-b05f3c1b65ae,Woolworths Supermarket,Pantry,Marion's Kitchen Thai Yellow Curry Cooking Kit 404g,101569,$7.45,$1.84 / 100G,https://www.woolworths.com.au/shop/productdetails/101569/marion-s-kitchen-thai-yellow-curry-cooking-kit,https://cdn0.woolworths.media/content/wowproductimages/medium/101569.jpg,2020-09-21 17:27:05,,0,,True
8663ffd7-9fbe-4b9c-bbec-a9c76383dbaf,Woolworths Supermarket,Pantry,Obento Mirin Seasoning 250ml,101938,$3.80,$1.52 / 100ML,https://www.woolworths.com.au/shop/productdetails/101938/obento-mirin-seasoning,https://cdn0.woolworths.media/content/wowproductimages/medium/101938.jpg,2020-09-21 17:27:05,,0,,True
6a2abf09-1017-45c7-b43f-f0e6569abcf8,Woolworths Supermarket,Pantry,Parker's Baked Pretzels Chips Sour Cream & Chives 25g x5 pack,102341,$3.10,$2.48 / 100G,https://www.woolworths.com.au/shop/productdetails/102341/parker-s-baked-pretzels-chips-sour-cream-chives,https://cdn0.woolworths.media/content/wowproductimages/medium/102341.jpg,2020-09-21 17:27:05,,0,2 for $5.00,True
fdd9eea1-c218-4780-ae02-aea698b79bb1,Woolworths Supermarket,Pantry,Royal Feast Jasmine Rice 10kg,102760,$32.00,$0.32 / 100G,https://www.woolworths.com.au/shop/productdetails/102760/royal-feast-jasmine-rice,https://cdn0.woolworths.media/content/wowproductimages/medium/102760.jpg,2020-09-21 17:27:05,,0,,True
864e8be0-b143-4dbf-8067-8ee8fd310278,Woolworths Supermarket,Pantry,Doritos Cheese Supreme Flaming Hot 150g,102828,$2.75,$1.83 / 100G,https://www.woolworths.com.au/shop/productdetails/102828/doritos-cheese-supreme-flaming-hot,https://cdn0.woolworths.media/content/wowproductimages/medium/102828.jpg,2020-09-21 17:27:05,,0,,True
3b375e4b-b444-4de0-9eff-7a784fbb4541,Woolworths Supermarket,Pantry,Sunbites Grain Waves Sour Cream & Chives 5 pack,720220,$3.10,$2.82 / 100G,https://www.woolworths.com.au/shop/productdetails/720220/sunbites-grain-waves-sour-cream-chives,https://cdn0.woolworths.media/content/wowproductimages/medium/720220.jpg,2020-09-21 17:27:05,,0,2 for $5.00,True
30060c96-3c33-4b34-958e-8749c0208d41,Woolworths Supermarket,Pantry,Woolworths Rolled Traditional Oats 750g,321220,$1.40,$0.19 / 100G,https://www.woolworths.com.au/shop/productdetails/321220/woolworths-rolled-traditional-oats,https://cdn0.woolworths.media/content/wowproductimages/medium/321220.jpg,2020-09-21 17:27:05,Average product rating out of 5: 4.6. Product score is based on 748 ratings,748,,True
f0e46bff-e92a-4f1e-89ca-b358d423b348,Woolworths Supermarket,Pantry,Woolworths Walnuts Kernel 500g,749540,$11.00,$22.00 / 1KG,https://www.woolworths.com.au/shop/productdetails/749540/woolworths-walnuts-kernel,https://cdn0.woolworths.media/content/wowproductimages/medium/749540.jpg,2020-09-21 17:27:05,Average product rating out of 5: 4.8. Product score is based on 360 ratings,360,,True
b9bf5af0-9f28-400b-aee1-871a7e37a166,Woolworths Supermarket,Pantry,Sanitarium Weet-bix Breakfast Cereal 1.2kg,200695,$5.00,$0.42 / 100G,https://www.woolworths.com.au/shop/productdetails/200695/sanitarium-weet-bix-breakfast-cereal,https://cdn0.woolworths.media/content/wowproductimages/medium/200695.jpg,2020-09-21 17:27:05,,0,,True
c67a74a8-3168-4108-927f-aae52e159730,Woolworths Supermarket,Pantry,Ritz Crackers Original 300g,660562,$2.50,$0.83 / 100G,https://www.woolworths.com.au/shop/productdetails/660562/ritz-crackers-original,https://cdn0.woolworths.media/content/wowproductimages/medium/660562.jpg,2020-09-21 17:27:05,,0,,True
55125d93-881c-4f9a-a6ea-367635127799,Woolworths Supermarket,Pantry,Macro Organic Quinoa Tri Colour 500g,717631,$7.00,$1.40 / 100G,https://www.woolworths.com.au/shop/productdetails/717631/macro-organic-quinoa-tri-colour,https://cdn0.woolworths.media/content/wowproductimages/medium/717631.jpg,2020-09-21 17:27:05,Average product rating out of 5: 4.6. Product score is based on 274 ratings,274,Was $9.99 09/01/2017,True
c65e5fdf-8404-49d0-a8f9-9d963a4076ab,Woolworths Supermarket,Pantry,Bertolli Extra Virgin Olive Oil Originale 750ml,502951,$6.50,$0.87 / 100ML,https://www.woolworths.com.au/shop/productdetails/502951/bertolli-extra-virgin-olive-oil-originale,https://cdn0.woolworths.media/content/wowproductimages/medium/502951.jpg,2020-09-21 17:27:05,,0,,True
fed1f01c-e8ac-45c4-8fc5-ebbb589d8af3,Woolworths Supermarket,Pantry,Arnott's Monte Carlo 250g,036031,$3.00,$1.20 / 100G,https://www.woolworths.com.au/shop/productdetails/36031/arnott-s-monte-carlo,https://cdn0.woolworths.media/content/wowproductimages/medium/036031.jpg,2020-09-21 17:27:05,,0,,True
16c1ba5b-fded-4672-a0ff-7d91f297f5c2,Woolworths Supermarket,Pantry,Mckenzie's Himalayan Salt Rock Pink 400g,749926,$5.95,$0.15 / 10G,https://www.woolworths.com.au/shop/productdetails/749926/mckenzie-s-himalayan-salt-rock-pink,https://cdn0.woolworths.media/content/wowproductimages/medium/749926.jpg,2020-09-21 17:27:05,,0,,True
3b481111-a8a9-44e7-95b6-4ddaa8a7662c,Woolworths Supermarket,Pantry,Beechworth Pure Honey 1.5kg,250371,$22.00,$1.47 / 100G,https://www.woolworths.com.au/shop/productdetails/250371/beechworth-pure-honey,https://cdn0.woolworths.media/content/wowproductimages/medium/250371.jpg,2020-09-21 17:27:05,,0,,True
50d7e830-2148-462c-a081-1c9fa79e24d7,Woolworths Supermarket,Pantry,Vege Chips Chicken Style 100g,793382,$3.80,$3.80 / 100G,https://www.woolworths.com.au/shop/productdetails/793382/vege-chips-chicken-style,https://cdn0.woolworths.media/content/wowproductimages/medium/793382.jpg,2020-09-21 17:27:05,Average product rating out of 5: 4.7. Product score is based on 20 ratings,20,,True
38dad8fd-9b87-4993-9f37-5d41cd494023,Woolworths Supermarket,Pantry,Cadbury Dairy Milk Chocolate Fair Trade 350g,757883,$5.00,$1.43 / 100G,https://www.woolworths.com.au/shop/productdetails/757883/cadbury-dairy-milk-chocolate-fair-trade,https://cdn0.woolworths.media/content/wowproductimages/medium/757883.jpg,2020-09-21 17:27:05,,0,Was $6.30 16/01/2017,True
c6314c91-eb07-4654-95e7-761f22eca0b4,Woolworths Supermarket,Pantry,Queen Organic Vanilla Bean Paste 65g,225399,$11.80,$18.15 / 100G,https://www.woolworths.com.au/shop/productdetails/225399/queen-organic-vanilla-bean-paste,https://cdn0.woolworths.media/content/wowproductimages/medium/225399.jpg,2020-09-21 17:27:05,,0,,True
b3096348-0800-4e17-823c-5ba55ab9ecc4,Woolworths Supermarket,Pantry,Woolworths Almond Meal 400g,610610,$7.50,$18.75 / 1KG,https://www.woolworths.com.au/shop/productdetails/610610/woolworths-almond-meal,https://cdn0.woolworths.media/content/wowproductimages/medium/610610.jpg,2020-09-21 17:27:05,Average product rating out of 5: 4.6. Product score is based on 326 ratings,326,Was $9.00 22/07/2020,True
d20773f7-bfa7-4f48-94be-7eee3986a24a,Woolworths Supermarket,Pantry,Woolworths White Rice Long Grain 5kg,072779,$6.70,$0.13 / 100G,https://www.woolworths.com.au/shop/productdetails/72779/woolworths-white-rice-long-grain,https://cdn0.woolworths.media/content/wowproductimages/medium/072779.jpg,2020-09-21 17:27:05,Average product rating out of 5: 4.8. Product score is based on 14 ratings,14,,True
e8cae153-c3e6-487f-994e-776ce7ed0945,Woolworths Supermarket,Pantry,Woolworths Diced Italian Tomatoes No Added Salt 400g,770320,$0.80,$2.00 / 1KG,https://www.woolworths.com.au/shop/productdetails/770320/woolworths-diced-italian-tomatoes-no-added-salt,https://cdn0.woolworths.media/content/wowproductimages/medium/770320.jpg,2020-09-21 17:27:05,Average product rating out of 5: 4.7. Product score is based on 311 ratings,311,,True
5f026257-3949-49f6-92fb-0fe58b0070c7,Woolworths Supermarket,Pantry,Moccona Freeze Dried Instant Coffee Classic Medium Roast 400g,208575,$24.00,$6.00 / 100G,https://www.woolworths.com.au/shop/productdetails/208575/moccona-freeze-dried-instant-coffee-classic-medium-roast,https://cdn0.woolworths.media/content/wowproductimages/medium/208575.jpg,2020-09-21 17:27:05,,0,,True
9631ba59-c8b5-49d3-8735-1dcc8d235f40,Woolworths Supermarket,Pantry,Continental Cup A Soup Creamy Chicken With Lots Of Noodles 2 pack,026649,$2.00,$3.33 / 100G,https://www.woolworths.com.au/shop/productdetails/26649/continental-cup-a-soup-creamy-chicken-with-lots-of-noodles,https://cdn0.woolworths.media/content/wowproductimages/medium/026649.jpg,2020-09-21 17:27:05,,0,,True
651bef8a-4be8-4c2d-94f3-ec0389e2aa1a,Woolworths Supermarket,Pantry,Nescafe Blend 43 Soluble Instant Coffee 500g,035694,$20.00,$4.00 / 100G,https://www.woolworths.com.au/shop/productdetails/35694/nescafe-blend-43-soluble-instant-coffee,https://cdn0.woolworths.media/content/wowproductimages/medium/035694.jpg,2020-09-21 17:27:05,,0,,True
e60fc399-4bba-465d-8d93-b2c542b2ca5f,Woolworths Supermarket,Pantry,Cobram Estate Extra Virgin Light Olive Oil 750ml,345955,$15.00,$2.00 / 100ML,https://www.woolworths.com.au/shop/productdetails/345955/cobram-estate-extra-virgin-light-olive-oil,https://cdn0.woolworths.media/content/wowproductimages/medium/345955.jpg,2020-09-21 17:27:05,,0,,True
dc2555b7-b9e3-4fcb-b036-715a985a3fb3,Woolworths Supermarket,Pantry,Equal Plus With Prebiotic 240g,102997,$6.30,$2.63 / 100G,https://www.woolworths.com.au/shop/productdetails/102997/equal-plus-with-prebiotic,https://cdn0.woolworths.media/content/wowproductimages/medium/102997.jpg,2020-09-21 17:27:05,,0,,True
604e4068-f42e-400b-827c-f254764e4d11,Woolworths Supermarket,Pantry,Double Phoenix Bean Vermicelli Noodles 200g,103214,$1.40,$0.70 / 100G,https://www.woolworths.com.au/shop/productdetails/103214/double-phoenix-bean-vermicelli-noodles,https://cdn0.woolworths.media/content/wowproductimages/medium/103214.jpg,2020-09-21 17:27:05,,0,,True
87bb7413-0104-4b14-900e-4e078df54848,Woolworths Supermarket,Pantry,Praise Creamy Black Pepper Dressing 250ml,103231,$2.00,$0.80 / 100ML,https://www.woolworths.com.au/shop/productdetails/103231/praise-creamy-black-pepper-dressing,https://cdn0.woolworths.media/content/wowproductimages/medium/103231.jpg,2020-09-21 17:27:05,,0,,True
c343f4be-f044-4ba9-9424-094a3fc12d0f,Woolworths Supermarket,Pantry,Smith's Duos Beef Burger & Special Sauce 150g,103335,$2.75,$1.83 / 100G,https://www.woolworths.com.au/shop/productdetails/103335/smith-s-duos-beef-burger-special-sauce,https://cdn0.woolworths.media/content/wowproductimages/medium/103335.jpg,2020-09-21 17:27:05,,0,,True
7b6f8037-0c8d-4f15-8016-7f9969c7010d,Woolworths Supermarket,Pantry,Praise Smokey Bbq Mayo 250ml,103377,$4.00,$1.60 / 100ML,https://www.woolworths.com.au/shop/productdetails/103377/praise-smokey-bbq-mayo,https://cdn0.woolworths.media/content/wowproductimages/medium/103377.jpg,2020-09-21 17:27:05,,0,,True
87f6b322-b1fe-474d-82c5-f9d0858d1e0d,Woolworths Supermarket,Pantry,Praise Japanese Dressing 330ml,103378,$2.00,$0.61 / 100ML,https://www.woolworths.com.au/shop/productdetails/103378/praise-japanese-dressing,https://cdn0.woolworths.media/content/wowproductimages/medium/103378.jpg,2020-09-21 17:27:05,,0,,True
644e3947-2c78-440e-93de-7e139cc0ea90,Woolworths Supermarket,Pantry,Praise Vegan Aioli 250ml,103685,$3.50,$1.40 / 100ML,https://www.woolworths.com.au/shop/productdetails/103685/praise-vegan-aioli,https://cdn0.woolworths.media/content/wowproductimages/medium/103685.jpg,2020-09-21 17:27:05,,0,,True
29d18f67-2dee-4edc-b54b-b07877a365f4,Woolworths Supermarket,Pantry,Pringles Beef Taco Flavour Potato Chips 134g,103721,$2.50,$1.87 / 100G,https://www.woolworths.com.au/shop/productdetails/103721/pringles-beef-taco-flavour-potato-chips,https://cdn0.woolworths.media/content/wowproductimages/medium/103721.jpg,2020-09-21 17:27:05,,0,,True
fd73bbf5-a5fa-47de-a90a-ef9d2cc5a822,Woolworths Supermarket,Pantry,Kikkoman Soy Sauce Soy 600ml,103725,$6.25,$1.04 / 100ML,https://www.woolworths.com.au/shop/productdetails/103725/kikkoman-soy-sauce-soy,https://cdn0.woolworths.media/content/wowproductimages/medium/103725.jpg,2020-09-21 17:27:05,,0,,True
2622a581-121e-4037-b1ac-962864aef864,Woolworths Supermarket,Pantry,Praise Mexican Dressing 330ml,103760,$2.00,$0.61 / 100ML,https://www.woolworths.com.au/shop/productdetails/103760/praise-mexican-dressing,https://cdn0.woolworths.media/content/wowproductimages/medium/103760.jpg,2020-09-21 17:27:05,,0,,True
c9d5d12e-23cb-43e6-983c-3320fc148722,Woolworths Supermarket,Pantry,Arnott's Monte Carlo Black Forest 250g,103906,$3.00,$1.20 / 100G,https://www.woolworths.com.au/shop/productdetails/103906/arnott-s-monte-carlo-black-forest,https://cdn0.woolworths.media/content/wowproductimages/medium/103906.jpg,2020-09-21 17:27:05,,0,,True
50450022-9286-4741-8e72-a5757f924604,Woolworths Supermarket,Pantry,Kitkat Chunky Gold Krisp 45g,103910,$2.00,$4.44 / 100G,https://www.woolworths.com.au/shop/productdetails/103910/kitkat-chunky-gold-krisp,https://cdn0.woolworths.media/content/wowproductimages/medium/103910.jpg,2020-09-21 17:27:05,,0,,True
5c9fd604-6601-4d35-896b-79fbebabe5d9,Woolworths Supermarket,Pantry,Natvia Gold Sweetener 250g,104327,$7.20,$2.88 / 100G,https://www.woolworths.com.au/shop/productdetails/104327/natvia-gold-sweetener,https://cdn0.woolworths.media/content/wowproductimages/medium/104327.jpg,2020-09-21 17:27:05,,0,,True
5d03b84a-bbd1-46a5-b43d-142b4bbaec3d,Woolworths Supermarket,Pantry,Praise Creamy Lime & Herb Dressing 250ml,104343,$2.00,$0.80 / 100ML,https://www.woolworths.com.au/shop/productdetails/104343/praise-creamy-lime-herb-dressing,https://cdn0.woolworths.media/content/wowproductimages/medium/104343.jpg,2020-09-21 17:27:05,,0,,True
19fc4a39-7f98-4bee-b969-c32f471222c8,Woolworths Supermarket,Pantry,Praise Creamy Chilli & Mango Dressing 250ml,104344,$2.00,$0.80 / 100ML,https://www.woolworths.com.au/shop/productdetails/104344/praise-creamy-chilli-mango-dressing,https://cdn0.woolworths.media/content/wowproductimages/medium/104344.jpg,2020-09-21 17:27:05,,0,,True
aa4bb5d6-4fe6-4f8d-ae57-363226039e1c,Woolworths Supermarket,Pantry,Smith's Oven Baked Sea Salt 130g,104345,$2.75,$2.12 / 100G,https://www.woolworths.com.au/shop/productdetails/104345/smith-s-oven-baked-sea-salt,https://cdn0.woolworths.media/content/wowproductimages/medium/104345.jpg,2020-09-21 17:27:05,,0,,True
8d632bb2-c426-4ce1-8ba2-d15b6d70ff4c,Woolworths Supermarket,Pantry,Ritz Sandwich Salted Caramel 118g,104347,$1.00,$0.85 / 100G,https://www.woolworths.com.au/shop/productdetails/104347/ritz-sandwich-salted-caramel,https://cdn0.woolworths.media/content/wowproductimages/medium/104347.jpg,2020-09-21 17:27:05,,0,,True
3426cc41-bec3-4439-b48a-01a1b37bd0da,Woolworths Supermarket,Pantry,Oli & Vine Premium Whole Egg Creamy Mayonnaise 230ml,104354,$4.20,$1.83 / 100ML,https://www.woolworths.com.au/shop/productdetails/104354/oli-vine-premium-whole-egg-creamy-mayonnaise,https://cdn0.woolworths.media/content/wowproductimages/medium/104354.jpg,2020-09-21 17:27:05,,0,,True
17f64d8e-faf1-468f-a876-725a4debab4b,Woolworths Supermarket,Pantry,Oreo Salted Caramel Cookie 133g,104372,$1.00,$0.75 / 100G,https://www.woolworths.com.au/shop/productdetails/104372/oreo-salted-caramel-cookie,https://cdn0.woolworths.media/content/wowproductimages/medium/104372.jpg,2020-09-21 17:27:05,,0,,True
dd89aa11-a566-4847-8f77-8250a2d55975,Woolworths Supermarket,Pantry,Smith's Oven Baked Sour Cream & Chives 130g,104381,$2.75,$2.12 / 100G,https://www.woolworths.com.au/shop/productdetails/104381/smith-s-oven-baked-sour-cream-chives,https://cdn0.woolworths.media/content/wowproductimages/medium/104381.jpg,2020-09-21 17:27:05,,0,,True
2c959a4f-4d1c-4696-b79e-2f287186afdb,Woolworths Supermarket,Pantry,Arnott's Shortbread Cream Tiramisu 250g,104389,$3.00,$1.20 / 100G,https://www.woolworths.com.au/shop/productdetails/104389/arnott-s-shortbread-cream-tiramisu,https://cdn0.woolworths.media/content/wowproductimages/medium/104389.jpg,2020-09-21 17:27:05,,0,,True
eb2a8a97-933d-460d-af83-fc0fb5a29d39,Woolworths Supermarket,Pantry,Oli & Vine Premium Tangy Herb Mayonnaise 230ml,104392,$4.20,$1.83 / 100ML,https://www.woolworths.com.au/shop/productdetails/104392/oli-vine-premium-tangy-herb-mayonnaise,https://cdn0.woolworths.media/content/wowproductimages/medium/104392.jpg,2020-09-21 17:27:05,,0,,True
45c63ec5-7a8d-4966-91f4-34271f583e8c,Woolworths Supermarket,Pantry,Spc Fruit Salad Reduced Sugar 4 pack,104423,$4.00,$8.33 / 1KG,https://www.woolworths.com.au/shop/productdetails/104423/spc-fruit-salad-reduced-sugar,https://cdn0.woolworths.media/content/wowproductimages/medium/104423.jpg,2020-09-21 17:27:05,,0,,True
b58bcf7d-150f-4344-8d1d-a82556633815,Woolworths Supermarket,Pantry,Praise Chilli Jam Mayo 250ml,104432,$4.00,$1.60 / 100ML,https://www.woolworths.com.au/shop/productdetails/104432/praise-chilli-jam-mayo,https://cdn0.woolworths.media/content/wowproductimages/medium/104432.jpg,2020-09-21 17:27:05,,0,,True
64a41d08-138a-4f7b-a5ce-c39e575a0b4f,Woolworths Supermarket,Pantry,Masterfoods Barbecue Sauce 500ml,099696,$2.50,$0.50 / 100ML,https://www.woolworths.com.au/shop/productdetails/99696/masterfoods-barbecue-sauce,https://cdn0.woolworths.media/content/wowproductimages/medium/099696.jpg,2020-09-21 17:27:05,,0,,True
04106807-d62e-4add-a076-e9bb4381e039,Woolworths Supermarket,Pantry,Doritos Share Pack Cheese Supreme 170g,826731,$2.75,$1.62 / 100G,https://www.woolworths.com.au/shop/productdetails/826731/doritos-share-pack-cheese-supreme,https://cdn0.woolworths.media/content/wowproductimages/medium/826731.jpg,2020-09-21 17:27:05,,0,,True
d271e1f3-7673-48ff-8d24-5a7dc192df38,Woolworths Supermarket,Pantry,Arnott's Shortbread 250g,008838,$2.50,$1.00 / 100G,https://www.woolworths.com.au/shop/productdetails/8838/arnott-s-shortbread,https://cdn0.woolworths.media/content/wowproductimages/medium/008838.jpg,2020-09-21 17:27:05,,0,,True
100af2a9-6269-42e1-b3db-ad6b6d94ab43,Woolworths Supermarket,Pantry,Twisties Cheese Chips 90g,081659,$2.00,$2.22 / 100G,https://www.woolworths.com.au/shop/productdetails/81659/twisties-cheese-chips,https://cdn0.woolworths.media/content/wowproductimages/medium/081659.jpg,2020-09-21 17:27:05,,0,,True
2db86504-94ec-4bfa-845d-0575dde087ee,Woolworths Supermarket,Pantry,Bertolli Extra Virgin Olive Oil Originale 750ml,502951,$6.50,$0.87 / 100ML,https://www.woolworths.com.au/shop/productdetails/502951/bertolli-extra-virgin-olive-oil-originale,https://cdn0.woolworths.media/content/wowproductimages/medium/502951.jpg,2020-09-21 17:27:05,,0,,True
ef4f06b7-52c7-4967-9a19-413b53bac961,Woolworths Supermarket,Pantry,Valcom Canned Bamboo Shoots Sliced 225g,097730,$1.10,$4.89 / 1KG,https://www.woolworths.com.au/shop/productdetails/97730/valcom-canned-bamboo-shoots-sliced,https://cdn0.woolworths.media/content/wowproductimages/medium/097730.jpg,2020-09-21 17:27:05,,0,,True
613b75dc-5c3a-4d4d-bf56-2de60453181e,Woolworths Supermarket,Pantry,Kellogg's Nutri-grain Protein Breakfast Cereal 290g,701706,$4.95,$1.71 / 100G,https://www.woolworths.com.au/shop/productdetails/701706/kellogg-s-nutri-grain-protein-breakfast-cereal,https://cdn0.woolworths.media/content/wowproductimages/medium/701706.jpg,2020-09-21 17:27:05,,0,,True
5fad473b-2657-4c16-b632-54a294539797,Woolworths Supermarket,Pantry,Arnott's Malt O' Milk 250g,036036,$2.50,$1.00 / 100G,https://www.woolworths.com.au/shop/productdetails/36036/arnott-s-malt-o-milk,https://cdn0.woolworths.media/content/wowproductimages/medium/036036.jpg,2020-09-21 17:27:05,,0,,True
d7ff9086-581d-4e20-b08e-54272bd077da,Woolworths Supermarket,Pantry,Smith's Share Pack Crinkle Cut Salt & Vinegar 170g,826738,$2.75,$1.62 / 100G,https://www.woolworths.com.au/shop/productdetails/826738/smith-s-share-pack-crinkle-cut-salt-vinegar,https://cdn0.woolworths.media/content/wowproductimages/medium/826738.jpg,2020-09-21 17:27:05,,0,,True
48ba7038-0350-4fce-a30f-5873e6feeb24,Woolworths Supermarket,Pantry,Arnott's Snack Right Sultana 250g,182697,$3.00,$1.20 / 100G,https://www.woolworths.com.au/shop/productdetails/182697/arnott-s-snack-right-sultana,https://cdn0.woolworths.media/content/wowproductimages/medium/182697.jpg,2020-09-21 17:27:05,,0,Was $4.20 11/02/2019,True
19e79fdb-b255-4776-af7e-3367d6ebdf3a,Woolworths Supermarket,Pantry,Toblerone Milk Chocolate Bar 50g,047011,$1.00,$2.00 / 100G,https://www.woolworths.com.au/shop/productdetails/47011/toblerone-milk-chocolate-bar,https://cdn0.woolworths.media/content/wowproductimages/medium/047011.jpg,2020-09-21 17:27:05,,0,,True
ce64f26c-98f9-4161-94d7-11b582949a64,Woolworths Supermarket,Pantry,Kooka's Country Cookies Lemon 200g,347837,$2.00,$1.00 / 100G,https://www.woolworths.com.au/shop/productdetails/347837/kooka-s-country-cookies-lemon,https://cdn0.woolworths.media/content/wowproductimages/medium/347837.jpg,2020-09-21 17:27:05,,0,,True
c68d9de7-0505-490e-88c7-10f995fa54c4,Woolworths Supermarket,Pantry,Uncle Tobys Roll-ups Strawberry Fun Prints 6 pack,324231,$4.00,$4.26 / 100G,https://www.woolworths.com.au/shop/productdetails/324231/uncle-tobys-roll-ups-strawberry-fun-prints,https://cdn0.woolworths.media/content/wowproductimages/medium/324231.jpg,2020-09-21 17:27:05,,0,,True
017e1e73-4dc9-479e-aede-2edb82ce381a,Woolworths Supermarket,Pantry,Woolworths Corn Sweet Kernels 420g,218926,$1.00,$2.38 / 1KG,https://www.woolworths.com.au/shop/productdetails/218926/woolworths-corn-sweet-kernels,https://cdn0.woolworths.media/content/wowproductimages/medium/218926.jpg,2020-09-21 17:27:05,Average product rating out of 5: 4.1. Product score is based on 215 ratings,215,,True
31a98ed9-1adf-4f3f-9257-53d0b5f00e99,Woolworths Supermarket,Pantry,Moccona Freeze Dried Instant Coffee Classic Medium Roast 400g,208575,$24.00,$6.00 / 100G,https://www.woolworths.com.au/shop/productdetails/208575/moccona-freeze-dried-instant-coffee-classic-medium-roast,https://cdn0.woolworths.media/content/wowproductimages/medium/208575.jpg,2020-09-21 17:27:05,,0,,True
7bdd3b2e-2ffa-4e82-9128-1d56774452de,Woolworths Supermarket,Pantry,Macro Organic Quinoa Tri Colour 500g,717631,$7.00,$1.40 / 100G,https://www.woolworths.com.au/shop/productdetails/717631/macro-organic-quinoa-tri-colour,https://cdn0.woolworths.media/content/wowproductimages/medium/717631.jpg,2020-09-21 17:27:05,Average product rating out of 5: 4.6. Product score is based on 274 ratings,274,Was $9.99 09/01/2017,True
a23201e4-7d03-4a23-ae13-8bd1225c1a5d,Woolworths Supermarket,Pantry,Arnott's Shapes Cheddar 175g,384244,$2.50,$1.43 / 100G,https://www.woolworths.com.au/shop/productdetails/384244/arnott-s-shapes-cheddar,https://cdn0.woolworths.media/content/wowproductimages/medium/384244.jpg,2020-09-21 17:27:05,,0,,True
58269c3b-907e-4745-9755-cbd8685027fa,Woolworths Supermarket,Pantry,Uncle Ben's Microwave Mexican Style Brown Rice 250g,727257,$3.00,$1.20 / 100G,https://www.woolworths.com.au/shop/productdetails/727257/uncle-ben-s-microwave-mexican-style-brown-rice,https://cdn0.woolworths.media/content/wowproductimages/medium/727257.jpg,2020-09-21 17:27:05,,0,,True
c7ef704e-67e5-485a-a256-7080ccd2c979,Woolworths Supermarket,Pantry,Pringles Sour Cream And Onion Chips 134g,479502,$2.50,$1.87 / 100G,https://www.woolworths.com.au/shop/productdetails/479502/pringles-sour-cream-and-onion-chips,https://cdn0.woolworths.media/content/wowproductimages/medium/479502.jpg,2020-09-21 17:27:05,,0,,True
c9a770c5-b3d5-4fb3-8897-d8b6dde914a3,Woolworths Supermarket,Pantry,Twisties Snack Mix Variety Multipack 12 pack,104443,$4.50,$2.05 / 100G,https://www.woolworths.com.au/shop/productdetails/104443/twisties-snack-mix-variety-multipack,https://cdn0.woolworths.media/content/wowproductimages/medium/104443.jpg,2020-09-21 17:27:05,,0,,True
7ba9e426-2c2b-4412-908a-411b0b442911,Woolworths Supermarket,Pantry,Oreo Double Stuff Cookie 147g,104444,$1.50,$1.02 / 100G,https://www.woolworths.com.au/shop/productdetails/104444/oreo-double-stuff-cookie,https://cdn0.woolworths.media/content/wowproductimages/medium/104444.jpg,2020-09-21 17:27:05,,0,,True
1f77ec31-465a-4303-9a5d-d3b172b114c8,Woolworths Supermarket,Pantry,Praise Beetroot Style Mayo 250ml,104452,$4.00,$1.60 / 100ML,https://www.woolworths.com.au/shop/productdetails/104452/praise-beetroot-style-mayo,https://cdn0.woolworths.media/content/wowproductimages/medium/104452.jpg,2020-09-21 17:27:05,,0,,True
2c2d3e0c-ffa6-48cc-a143-0d36e958533d,Woolworths Supermarket,Pantry,Oli & Vine Premium Smokey Paprika Mayonnaise 230ml,104462,$4.20,$1.83 / 100ML,https://www.woolworths.com.au/shop/productdetails/104462/oli-vine-premium-smokey-paprika-mayonnaise,https://cdn0.woolworths.media/content/wowproductimages/medium/104462.jpg,2020-09-21 17:27:05,,0,,True
e09ec95f-1c57-4afe-8a5e-d523ca011a1e,Woolworths Supermarket,Pantry,Smith's Duos Hot Wings & Ranch 150g,104463,$2.75,$1.83 / 100G,https://www.woolworths.com.au/shop/productdetails/104463/smith-s-duos-hot-wings-ranch,https://cdn0.woolworths.media/content/wowproductimages/medium/104463.jpg,2020-09-21 17:27:05,,0,,True
970ea209-af2a-432d-bbd6-41d954303f14,Woolworths Supermarket,Pantry,Praise Vegan Mayo 360g,104499,$3.50,$0.97 / 100G,https://www.woolworths.com.au/shop/productdetails/104499/praise-vegan-mayo,https://cdn0.woolworths.media/content/wowproductimages/medium/104499.jpg,2020-09-21 17:27:05,,0,,True
6a225149-1b5d-4767-9be6-2ca71b0ad345,Woolworths Supermarket,Pantry,Pringles Chicken Souvlaki Flavour Potato Chips 134g,104759,$2.50,$1.87 / 100G,https://www.woolworths.com.au/shop/productdetails/104759/pringles-chicken-souvlaki-flavour-potato-chips,https://cdn0.woolworths.media/content/wowproductimages/medium/104759.jpg,2020-09-21 17:27:05,,0,,True
2ee1274c-8827-45a2-be8e-063492b22947,Woolworths Supermarket,Pantry,Cadbury Caramilk Twirl Bites 110g,104780,$3.00,$2.73 / 100G,https://www.woolworths.com.au/shop/productdetails/104780/cadbury-caramilk-twirl-bites,https://cdn0.woolworths.media/content/wowproductimages/medium/104780.jpg,2020-09-21 17:27:05,,0,,True
80b8773f-080b-498b-9b45-cb4d361d0729,Woolworths Supermarket,Pantry,Arnott's Dare Iced Coffee Slice Biscuits 185g,104874,$2.00,$1.08 / 100G,https://www.woolworths.com.au/shop/productdetails/104874/arnott-s-dare-iced-coffee-slice-biscuits,https://cdn0.woolworths.media/content/wowproductimages/medium/104874.jpg,2020-09-21 17:27:05,,0,,True
fec7da35-20ce-467b-83c1-72acae9c1a4a,Woolworths Supermarket,Pantry,Whole Earth Granules Canister 300g,104980,$6.90,$2.30 / 100G,https://www.woolworths.com.au/shop/productdetails/104980/whole-earth-granules-canister,https://cdn0.woolworths.media/content/wowproductimages/medium/104980.jpg,2020-09-21 17:27:05,,0,,True
469a8b4a-dbd5-4642-aeaf-f309c435d322,Woolworths Supermarket,Pantry,Spc Peaches Reduced Sugar 4 pack,104999,$4.00,$8.33 / 1KG,https://www.woolworths.com.au/shop/productdetails/104999/spc-peaches-reduced-sugar,https://cdn0.woolworths.media/content/wowproductimages/medium/104999.jpg,2020-09-21 17:27:05,,0,,True
4b6a1e9d-446e-48e6-93c9-b11b6d002de1,Woolworths Supermarket,Pantry,Lakanto Monkfruit Sweetener Pure Icing Powder 200g,105055,$9.95,$4.98 / 100G,https://www.woolworths.com.au/shop/productdetails/105055/lakanto-monkfruit-sweetener-pure-icing-powder,https://cdn0.woolworths.media/content/wowproductimages/medium/105055.jpg,2020-09-21 17:27:05,,0,,True
5b7d38bc-d02f-46de-a6f2-f39003398e2d,Woolworths Supermarket,Pantry,Arnott's Teevee Snacks Chocolate Milk 165g,105072,$2.00,$1.21 / 100G,https://www.woolworths.com.au/shop/productdetails/105072/arnott-s-teevee-snacks-chocolate-milk,https://cdn0.woolworths.media/content/wowproductimages/medium/105072.jpg,2020-09-21 17:27:05,,0,,True
cf6bbbb9-b1ab-49e1-9527-9aa37293c290,Woolworths Supermarket,Pantry,Maltesers Pouch 280g,105115,$6.00,$2.14 / 100G,https://www.woolworths.com.au/shop/productdetails/105115/maltesers-pouch,https://cdn0.woolworths.media/content/wowproductimages/medium/105115.jpg,2020-09-21 17:27:05,,0,,True
624ec522-59f1-4147-bc17-0df51c61a2a3,Woolworths Supermarket,Pantry,Spc Apple & Pear Puree 4 pack,105212,$4.00,$8.33 / 1KG,https://www.woolworths.com.au/shop/productdetails/105212/spc-apple-pear-puree,https://cdn0.woolworths.media/content/wowproductimages/medium/105212.jpg,2020-09-21 17:27:05,,0,,True
39e92475-7158-494c-8b64-363fdc089e3e,Woolworths Supermarket,Pantry,Arnott's Scotch Finger Salted Caramel Tart 232g,105384,$3.00,$1.29 / 100G,https://www.woolworths.com.au/shop/productdetails/105384/arnott-s-scotch-finger-salted-caramel-tart,https://cdn0.woolworths.media/content/wowproductimages/medium/105384.jpg,2020-09-21 17:27:05,,0,,True
cb7045be-ae93-417e-8187-48dcf76eec72,Woolworths Supermarket,Pantry,Lindt Lindor Dulce De Leche Chocolate Balls 123g,105587,$4.80,$3.90 / 100G,https://www.woolworths.com.au/shop/productdetails/105587/lindt-lindor-dulce-de-leche-chocolate-balls,https://cdn0.woolworths.media/content/wowproductimages/medium/105587.jpg,2020-09-21 17:27:05,,0,,True
fe64e806-a4b8-44bb-8e85-4f3442fb8e3a,Woolworths Supermarket,Pantry,Lakanto Monkfruit Sweetener Baking Blend 200g,105602,$9.95,$4.98 / 100G,https://www.woolworths.com.au/shop/productdetails/105602/lakanto-monkfruit-sweetener-baking-blend,https://cdn0.woolworths.media/content/wowproductimages/medium/105602.jpg,2020-09-21 17:27:05,,0,,True
f5975c1e-da04-4ad6-a3fc-e7739a636e0f,Woolworths Supermarket,Pantry,Doritos Crackers Flamin Hot 160g,105695,$2.00,$1.25 / 100G,https://www.woolworths.com.au/shop/productdetails/105695/doritos-crackers-flamin-hot,https://cdn0.woolworths.media/content/wowproductimages/medium/105695.jpg,2020-09-21 17:27:05,,0,,True
58a72e7c-07a9-45a9-8dd2-9c2394a5a81f,Woolworths Supermarket,Pantry,M&m's Pretzel 130g,105726,$2.25,$1.73 / 100G,https://www.woolworths.com.au/shop/productdetails/105726/m-m-s-pretzel,https://cdn0.woolworths.media/content/wowproductimages/medium/105726.jpg,2020-09-21 17:27:05,,0,,True
7f3ab3e3-8fcd-4a9d-a81c-1ea873004b37,Woolworths Supermarket,Pantry,Nestle Sweetened Skim Condensed Milk 400g,105913,$3.20,$0.80 / 100G,https://www.woolworths.com.au/shop/productdetails/105913/nestle-sweetened-skim-condensed-milk,https://cdn0.woolworths.media/content/wowproductimages/medium/105913.jpg,2020-09-21 17:27:05,,0,,True
6660ea8b-3178-4501-af7e-cef4c4686392,Woolworths Supermarket,Pantry,Nestle Sweetened Condensed Milk 395g,105914,$3.20,$0.81 / 100G,https://www.woolworths.com.au/shop/productdetails/105914/nestle-sweetened-condensed-milk,https://cdn0.woolworths.media/content/wowproductimages/medium/105914.jpg,2020-09-21 17:27:05,,0,,True
f63cf54f-ab13-42ed-a942-9937459cd3f9,Woolworths Supermarket,Pantry,Kraft Mac & Cheese Wholemeal 205g,105916,$2.90,$1.41 / 100G,https://www.woolworths.com.au/shop/productdetails/105916/kraft-mac-cheese-wholemeal,https://cdn0.woolworths.media/content/wowproductimages/medium/105916.jpg,2020-09-21 17:27:05,,0,,True
da669d03-7468-4f71-9e7a-4a86977c914c,Woolworths Supermarket,Pantry,Aeroplane Jelly Lite Port Wine 2x9g,105926,$1.90,$10.56 / 100G,https://www.woolworths.com.au/shop/productdetails/105926/aeroplane-jelly-lite-port-wine,https://cdn0.woolworths.media/content/wowproductimages/medium/105926.jpg,2020-09-21 17:27:05,,0,,True
1361679d-2c5b-4f64-a2a5-dd89992f3234,Woolworths Supermarket,Pantry,Masterfoods Barbecue Sauce 500ml,099696,$2.50,$0.50 / 100ML,https://www.woolworths.com.au/shop/productdetails/99696/masterfoods-barbecue-sauce,https://cdn0.woolworths.media/content/wowproductimages/medium/099696.jpg,2020-09-21 17:27:05,,0,,True
d6064f8e-5926-4f9d-b0d5-33bc5d4df3db,Woolworths Supermarket,Pantry,Doritos Share Pack Cheese Supreme 170g,826731,$2.75,$1.62 / 100G,https://www.woolworths.com.au/shop/productdetails/826731/doritos-share-pack-cheese-supreme,https://cdn0.woolworths.media/content/wowproductimages/medium/826731.jpg,2020-09-21 17:27:05,,0,,True
10f3fa0f-6158-43a0-bdf1-a279e4d2cfc5,Woolworths Supermarket,Pantry,Arnott's Shortbread 250g,008838,$2.50,$1.00 / 100G,https://www.woolworths.com.au/shop/productdetails/8838/arnott-s-shortbread,https://cdn0.woolworths.media/content/wowproductimages/medium/008838.jpg,2020-09-21 17:27:05,,0,,True
220aefe3-f75e-4e72-a060-460e31b075ca,Woolworths Supermarket,Pantry,Twisties Cheese Chips 90g,081659,$2.00,$2.22 / 100G,https://www.woolworths.com.au/shop/productdetails/81659/twisties-cheese-chips,https://cdn0.woolworths.media/content/wowproductimages/medium/081659.jpg,2020-09-21 17:27:05,,0,,True
cae1e51c-39ff-4c0f-add9-a64fe738dee5,Woolworths Supermarket,Pantry,Bertolli Extra Virgin Olive Oil Originale 750ml,502951,$6.50,$0.87 / 100ML,https://www.woolworths.com.au/shop/productdetails/502951/bertolli-extra-virgin-olive-oil-originale,https://cdn0.woolworths.media/content/wowproductimages/medium/502951.jpg,2020-09-21 17:27:05,,0,,True
2d4c6375-b791-4d7b-a9ec-ffd9414326f0,Woolworths Supermarket,Pantry,Valcom Canned Bamboo Shoots Sliced 225g,097730,$1.10,$4.89 / 1KG,https://www.woolworths.com.au/shop/productdetails/97730/valcom-canned-bamboo-shoots-sliced,https://cdn0.woolworths.media/content/wowproductimages/medium/097730.jpg,2020-09-21 17:27:05,,0,,True
dcb8d13d-75ef-4bbb-807d-ca11779a49b5,Woolworths Supermarket,Pantry,Kellogg's Nutri-grain Protein Breakfast Cereal 290g,701706,$4.95,$1.71 / 100G,https://www.woolworths.com.au/shop/productdetails/701706/kellogg-s-nutri-grain-protein-breakfast-cereal,https://cdn0.woolworths.media/content/wowproductimages/medium/701706.jpg,2020-09-21 17:27:05,,0,,True
87c63175-eef4-40da-9bb3-116e41f27d92,Woolworths Supermarket,Pantry,Arnott's Malt O' Milk 250g,036036,$2.50,$1.00 / 100G,https://www.woolworths.com.au/shop/productdetails/36036/arnott-s-malt-o-milk,https://cdn0.woolworths.media/content/wowproductimages/medium/036036.jpg,2020-09-21 17:27:05,,0,,True
a11df131-b968-4121-bf53-2908a074bcc9,Woolworths Supermarket,Pantry,Smith's Share Pack Crinkle Cut Salt & Vinegar 170g,826738,$2.75,$1.62 / 100G,https://www.woolworths.com.au/shop/productdetails/826738/smith-s-share-pack-crinkle-cut-salt-vinegar,https://cdn0.woolworths.media/content/wowproductimages/medium/826738.jpg,2020-09-21 17:27:05,,0,,True
298d13cd-cd16-4939-b921-3662661da162,Woolworths Supermarket,Pantry,Arnott's Snack Right Sultana 250g,182697,$3.00,$1.20 / 100G,https://www.woolworths.com.au/shop/productdetails/182697/arnott-s-snack-right-sultana,https://cdn0.woolworths.media/content/wowproductimages/medium/182697.jpg,2020-09-21 17:27:05,,0,Was $4.20 11/02/2019,True
e6b8a3e0-4871-45cb-8372-fc93de847395,Woolworths Supermarket,Pantry,Toblerone Milk Chocolate Bar 50g,047011,$1.00,$2.00 / 100G,https://www.woolworths.com.au/shop/productdetails/47011/toblerone-milk-chocolate-bar,https://cdn0.woolworths.media/content/wowproductimages/medium/047011.jpg,2020-09-21 17:27:05,,0,,True
2fbc23b6-1317-4d69-a852-24e9c4604723,Woolworths Supermarket,Pantry,Kooka's Country Cookies Lemon 200g,347837,$2.00,$1.00 / 100G,https://www.woolworths.com.au/shop/productdetails/347837/kooka-s-country-cookies-lemon,https://cdn0.woolworths.media/content/wowproductimages/medium/347837.jpg,2020-09-21 17:27:05,,0,,True
2312e0b8-f181-4633-b4c9-cae10a66cf52,Woolworths Supermarket,Pantry,Uncle Tobys Roll-ups Strawberry Fun Prints 6 pack,324231,$4.00,$4.26 / 100G,https://www.woolworths.com.au/shop/productdetails/324231/uncle-tobys-roll-ups-strawberry-fun-prints,https://cdn0.woolworths.media/content/wowproductimages/medium/324231.jpg,2020-09-21 17:27:05,,0,,True
aec13ddc-f3ea-484a-8257-56b96e0b9543,Woolworths Supermarket,Pantry,Woolworths Corn Sweet Kernels 420g,218926,$1.00,$2.38 / 1KG,https://www.woolworths.com.au/shop/productdetails/218926/woolworths-corn-sweet-kernels,https://cdn0.woolworths.media/content/wowproductimages/medium/218926.jpg,2020-09-21 17:27:05,Average product rating out of 5: 4.1. Product score is based on 215 ratings,215,,True
861c5a05-bdac-41b9-b0d0-fed0bc0e0753,Woolworths Supermarket,Pantry,Moccona Freeze Dried Instant Coffee Classic Medium Roast 400g,208575,$24.00,$6.00 / 100G,https://www.woolworths.com.au/shop/productdetails/208575/moccona-freeze-dried-instant-coffee-classic-medium-roast,https://cdn0.woolworths.media/content/wowproductimages/medium/208575.jpg,2020-09-21 17:27:05,,0,,True
ef47a18d-ba91-4c85-b157-edb5eab7ac4e,Woolworths Supermarket,Pantry,Macro Organic Quinoa Tri Colour 500g,717631,$7.00,$1.40 / 100G,https://www.woolworths.com.au/shop/productdetails/717631/macro-organic-quinoa-tri-colour,https://cdn0.woolworths.media/content/wowproductimages/medium/717631.jpg,2020-09-21 17:27:05,Average product rating out of 5: 4.6. Product score is based on 274 ratings,274,Was $9.99 09/01/2017,True
fcb55f93-601e-4c8c-b573-04d4982065d8,Woolworths Supermarket,Pantry,Arnott's Shapes Cheddar 175g,384244,$2.50,$1.43 / 100G,https://www.woolworths.com.au/shop/productdetails/384244/arnott-s-shapes-cheddar,https://cdn0.woolworths.media/content/wowproductimages/medium/384244.jpg,2020-09-21 17:27:05,,0,,True
772236a6-de49-4cc9-8399-bae8e8ddecd4,Woolworths Supermarket,Pantry,Uncle Ben's Microwave Mexican Style Brown Rice 250g,727257,$3.00,$1.20 / 100G,https://www.woolworths.com.au/shop/productdetails/727257/uncle-ben-s-microwave-mexican-style-brown-rice,https://cdn0.woolworths.media/content/wowproductimages/medium/727257.jpg,2020-09-21 17:27:05,,0,,True
f105b0db-b110-4f5a-bcb6-57457f045445,Woolworths Supermarket,Pantry,Pringles Sour Cream And Onion Chips 134g,479502,$2.50,$1.87 / 100G,https://www.woolworths.com.au/shop/productdetails/479502/pringles-sour-cream-and-onion-chips,https://cdn0.woolworths.media/content/wowproductimages/medium/479502.jpg,2020-09-21 17:27:05,,0,,True
2e58dee5-41c9-44ed-930a-5f67ba24657e,Woolworths Supermarket,Pantry,Oli & Vine Rich Honey Mustard Dressing 250ml,106091,$5.00,$2.00 / 100ML,https://www.woolworths.com.au/shop/productdetails/106091/oli-vine-rich-honey-mustard-dressing,https://cdn0.woolworths.media/content/wowproductimages/medium/106091.jpg,2020-09-21 17:27:05,,0,,True
6de3475f-3564-482d-96f5-fea2a448410e,Woolworths Supermarket,Pantry,Annalisa Beans Butter Lima 400g,106193,$1.50,$3.75 / 1KG,https://www.woolworths.com.au/shop/productdetails/106193/annalisa-beans-butter-lima,https://cdn0.woolworths.media/content/wowproductimages/medium/106193.jpg,2020-09-21 17:27:05,,0,,True
342b281a-b0c8-4fa7-8316-2ed012538bf5,Woolworths Supermarket,Pantry,Cadbury 3d Freddo Adventures Chocolate 25g,106194,$2.50,$10.00 / 100G,https://www.woolworths.com.au/shop/productdetails/106194/cadbury-3d-freddo-adventures-chocolate,https://cdn0.woolworths.media/content/wowproductimages/medium/106194.jpg,2020-09-21 17:27:05,,0,,True
434be387-2ff5-4f10-8e7e-d5e2dba81c5b,Woolworths Supermarket,Pantry,Arnott's Iced Vo Vo Lamington 210g,106202,$2.50,$1.19 / 100G,https://www.woolworths.com.au/shop/productdetails/106202/arnott-s-iced-vo-vo-lamington,https://cdn0.woolworths.media/content/wowproductimages/medium/106202.jpg,2020-09-21 17:27:05,,0,,True
561fc67f-5fc6-4691-a821-79e436a4de7b,Woolworths Supermarket,Pantry,Nobby's Cashews Salted 300g,106246,$9.55,$31.83 / 1KG,https://www.woolworths.com.au/shop/productdetails/106246/nobby-s-cashews-salted,https://cdn0.woolworths.media/content/wowproductimages/medium/106246.jpg,2020-09-21 17:27:05,,0,,True
6cefaee6-af4c-4d47-82d3-772e3eb81cf2,Woolworths Supermarket,Pantry,Wokka Shelf Fresh Thin Hokkien Noodles 440g,106256,$2.70,$0.61 / 100G,https://www.woolworths.com.au/shop/productdetails/106256/wokka-shelf-fresh-thin-hokkien-noodles,https://cdn0.woolworths.media/content/wowproductimages/medium/106256.jpg,2020-09-21 17:27:05,,0,Was $3.05 13/11/2017,True
1ade660b-a8a9-46f0-82a5-95322aaadd59,Woolworths Supermarket,Pantry,Mulino Bianco Baiocchi 200g,106273,$4.50,$2.25 / 100G,https://www.woolworths.com.au/shop/productdetails/106273/mulino-bianco-baiocchi,https://cdn0.woolworths.media/content/wowproductimages/medium/106273.jpg,2020-09-21 17:27:05,,0,,True
77a6f675-0d7b-4b3e-8e1b-2cc7f3a402b2,Woolworths Supermarket,Pantry,Mulino Bianco Cuorcini 200g,106308,$4.50,$2.25 / 100G,https://www.woolworths.com.au/shop/productdetails/106308/mulino-bianco-cuorcini,https://cdn0.woolworths.media/content/wowproductimages/medium/106308.jpg,2020-09-21 17:27:05,,0,,True
460a8087-cf64-4d4c-b4f1-287a0831262a,Woolworths Supermarket,Pantry,Continental Snack Pot Cheesy Rice 79g,106331,$2.00,$2.53 / 100G,https://www.woolworths.com.au/shop/productdetails/106331/continental-snack-pot-cheesy-rice,https://cdn0.woolworths.media/content/wowproductimages/medium/106331.jpg,2020-09-21 17:27:05,,0,,True
f477a6b5-c8d1-4b5b-9027-e66f3b0dfa66,Woolworths Supermarket,Pantry,Harvest Snaps Salt & Vinegar 200g,106507,$5.00,$25.00 / 1KG,https://www.woolworths.com.au/shop/productdetails/106507/harvest-snaps-salt-vinegar,https://cdn0.woolworths.media/content/wowproductimages/medium/106507.jpg,2020-09-21 17:27:05,,0,,True
3fd2a67c-bef0-4a5c-821a-d4091fe284e9,Woolworths Supermarket,Pantry,Mulino Bianco Pan Di Stelle 200g,106508,$4.50,$2.25 / 100G,https://www.woolworths.com.au/shop/productdetails/106508/mulino-bianco-pan-di-stelle,https://cdn0.woolworths.media/content/wowproductimages/medium/106508.jpg,2020-09-21 17:27:05,,0,,True
565dae07-8a19-4506-9a97-7cf837b8832a,Woolworths Supermarket,Pantry,Old El Paso Tortilla Pockets 223g,106518,$4.00,$1.79 / 100G,https://www.woolworths.com.au/shop/productdetails/106518/old-el-paso-tortilla-pockets,https://cdn0.woolworths.media/content/wowproductimages/medium/106518.jpg,2020-09-21 17:27:05,,0,,True
76227491-0d91-4e04-8593-750cb1a5bac8,Woolworths Supermarket,Pantry,Praise Chicken Salt Chip Mayo 250ml,106595,$4.00,$1.60 / 100ML,https://www.woolworths.com.au/shop/productdetails/106595/praise-chicken-salt-chip-mayo,https://cdn0.woolworths.media/content/wowproductimages/medium/106595.jpg,2020-09-21 17:27:05,,0,,True
abc087c0-ab26-49b2-b0c1-cab15eedd464,Woolworths Supermarket,Pantry,"Birch & Waite Golden Goddess Dressing Tahini, Lemon & Garlic 250ml",107517,$5.00,$2.00 / 100ML,https://www.woolworths.com.au/shop/productdetails/107517/birch-waite-golden-goddess-dressing-tahini-lemon-garlic,https://cdn0.woolworths.media/content/wowproductimages/medium/107517.jpg,2020-09-21 17:27:05,,0,,True
7caa1ece-29df-43e2-9b26-c9c1cc2cc24e,Woolworths Supermarket,Pantry,Continental Snack Pot Cheese & Bacon Pasta 70g,107521,$2.00,$2.86 / 100G,https://www.woolworths.com.au/shop/productdetails/107521/continental-snack-pot-cheese-bacon-pasta,https://cdn0.woolworths.media/content/wowproductimages/medium/107521.jpg,2020-09-21 17:27:05,,0,,True
6f577cba-eada-46c1-a0ba-9a17fe9520c3,Woolworths Supermarket,Pantry,Bakers Finest Rsl Anzac Biscuits 300g,107868,$3.00,$1.00 / 100G,https://www.woolworths.com.au/shop/productdetails/107868/bakers-finest-rsl-anzac-biscuits,https://cdn0.woolworths.media/content/wowproductimages/medium/107868.jpg,2020-09-21 17:27:05,,0,,True
3f7de50e-dbf5-4da8-9eb7-a89cccad62cc,Woolworths Supermarket,Pantry,Olina's Lavosh Crackers Natural 100g,107927,$3.50,$3.50 / 100G,https://www.woolworths.com.au/shop/productdetails/107927/olina-s-lavosh-crackers-natural,https://cdn0.woolworths.media/content/wowproductimages/medium/107927.jpg,2020-09-21 17:27:05,,0,,True
f8542908-6dee-4cec-b52f-bb51991cde61,Woolworths Supermarket,Pantry,M&m's Chocolate Pouch 380g,108036,$6.00,$1.58 / 100G,https://www.woolworths.com.au/shop/productdetails/108036/m-m-s-chocolate-pouch,https://cdn0.woolworths.media/content/wowproductimages/medium/108036.jpg,2020-09-21 17:27:05,,0,,True
4da8e16b-2b44-44b8-b17c-51de09011a06,Woolworths Supermarket,Pantry,M&m's Peanut Pouch 380g,108037,$6.00,$1.58 / 100G,https://www.woolworths.com.au/shop/productdetails/108037/m-m-s-peanut-pouch,https://cdn0.woolworths.media/content/wowproductimages/medium/108037.jpg,2020-09-21 17:27:05,,0,,True
9dcb0b2f-7311-42f3-92e2-be514c9c9cd5,Woolworths Supermarket,Pantry,Continental Nutrish Snack Mex It Up Pot 80g,108122,$4.00,$5.00 / 100G,https://www.woolworths.com.au/shop/productdetails/108122/continental-nutrish-snack-mex-it-up-pot,https://cdn0.woolworths.media/content/wowproductimages/medium/108122.jpg,2020-09-21 17:27:05,,0,,True
49bcc8c9-eccd-44d7-858a-8cd2e195fa6a,Woolworths Supermarket,Pantry,Whole Earth Monk Fruit Sweetener Granules 200g,108123,$8.50,$4.25 / 100G,https://www.woolworths.com.au/shop/productdetails/108123/whole-earth-monk-fruit-sweetener-granules,https://cdn0.woolworths.media/content/wowproductimages/medium/108123.jpg,2020-09-21 17:27:05,,0,,True
9da0de76-ef0f-49d1-b502-cdefb8b5965b,Woolworths Supermarket,Pantry,Whole Earth Monk Fruit Sweetener Sticks 40 pack,108124,$4.90,$12.25 / 100EA,https://www.woolworths.com.au/shop/productdetails/108124/whole-earth-monk-fruit-sweetener-sticks,https://cdn0.woolworths.media/content/wowproductimages/medium/108124.jpg,2020-09-21 17:27:05,,0,,True
31773d30-82e1-4a51-b6d4-719130016a7e,Woolworths Supermarket,Pantry,Belvita Soft Bakes Apple & Cinnamon 120g,108197,$3.00,$2.50 / 100G,https://www.woolworths.com.au/shop/productdetails/108197/belvita-soft-bakes-apple-cinnamon,https://cdn0.woolworths.media/content/wowproductimages/medium/108197.jpg,2020-09-21 17:27:05,,0,,True
c3090c58-e5ea-4d72-aaa7-f03acd7082e3,Woolworths Supermarket,Pantry,Cadbury Old Gold Dark Chocolate Almond & Orange Bites 120g,108198,$3.00,$2.50 / 100G,https://www.woolworths.com.au/shop/productdetails/108198/cadbury-old-gold-dark-chocolate-almond-orange-bites,https://cdn0.woolworths.media/content/wowproductimages/medium/108198.jpg,2020-09-21 17:27:05,,0,,True
bdedba6b-001c-47d8-b8cd-6020b8813185,Woolworths Supermarket,Pantry,Arnott's Shapes Chicken Crimpy 175g,384245,$2.50,$1.43 / 100G,https://www.woolworths.com.au/shop/productdetails/384245/arnott-s-shapes-chicken-crimpy,https://cdn0.woolworths.media/content/wowproductimages/medium/384245.jpg,2020-09-21 17:27:05,,0,,True
b7b5160f-02fb-4c46-be72-277a1caa2fc9,Woolworths Supermarket,Pantry,Sunbites Grain Waves Sour Cream & Chives 5 pack,720220,$3.10,$2.82 / 100G,https://www.woolworths.com.au/shop/productdetails/720220/sunbites-grain-waves-sour-cream-chives,https://cdn0.woolworths.media/content/wowproductimages/medium/720220.jpg,2020-09-21 17:27:05,,0,2 for $5.00,True
6b538bf8-8716-4fb9-acc6-d2c2c40fe8d3,Woolworths Supermarket,Pantry,Sunbites Grain Waves Sour Cream & Chives 170g,082361,$3.50,$2.06 / 100G,https://www.woolworths.com.au/shop/productdetails/82361/sunbites-grain-waves-sour-cream-chives,https://cdn0.woolworths.media/content/wowproductimages/medium/082361.jpg,2020-09-21 17:27:05,,0,,True
b8a45402-ce58-4141-9bf6-21f8037c3f14,Woolworths Supermarket,Pantry,Cadbury Dairy Milk Chocolate Fair Trade 350g,757883,$5.00,$1.43 / 100G,https://www.woolworths.com.au/shop/productdetails/757883/cadbury-dairy-milk-chocolate-fair-trade,https://cdn0.woolworths.media/content/wowproductimages/medium/757883.jpg,2020-09-21 17:27:05,,0,Was $6.30 16/01/2017,True
0e091274-ae94-4119-a1b4-68ef3e399451,Woolworths Supermarket,Pantry,Woolworths Rolled Traditional Oats 750g,321220,$1.40,$0.19 / 100G,https://www.woolworths.com.au/shop/productdetails/321220/woolworths-rolled-traditional-oats,https://cdn0.woolworths.media/content/wowproductimages/medium/321220.jpg,2020-09-21 17:27:05,Average product rating out of 5: 4.6. Product score is based on 748 ratings,748,,True
b0b6f6a3-ab9a-4dcc-9712-9eb634dd3739,Woolworths Supermarket,Pantry,Heinz Canned Soup Big Red Tomato 420g,034331,$2.20,$0.52 / 100G,https://www.woolworths.com.au/shop/productdetails/34331/heinz-canned-soup-big-red-tomato,https://cdn0.woolworths.media/content/wowproductimages/medium/034331.jpg,2020-09-21 17:27:05,,0,,True
e498ab37-5125-4365-a500-f29deafbb00d,Woolworths Supermarket,Pantry,Mckenzie's Himalayan Salt Rock Pink 400g,749926,$5.95,$0.15 / 10G,https://www.woolworths.com.au/shop/productdetails/749926/mckenzie-s-himalayan-salt-rock-pink,https://cdn0.woolworths.media/content/wowproductimages/medium/749926.jpg,2020-09-21 17:27:05,,0,,True
be639de0-fc7a-4fd9-90d9-b76312c8f2f5,Woolworths Supermarket,Pantry,Fantastic Rice Crackers Original 100g,035231,$1.50,$1.50 / 100G,https://www.woolworths.com.au/shop/productdetails/35231/fantastic-rice-crackers-original,https://cdn0.woolworths.media/content/wowproductimages/medium/035231.jpg,2020-09-21 17:27:05,,0,,True
cb6e66ae-3257-4844-b977-8dd26eca13f1,Woolworths Supermarket,Pantry,Ardmona Tomatoes Diced No Added Salt 400g,226849,$1.40,$3.50 / 1KG,https://www.woolworths.com.au/shop/productdetails/226849/ardmona-tomatoes-diced-no-added-salt,https://cdn0.woolworths.media/content/wowproductimages/medium/226849.jpg,2020-09-21 17:27:05,,0,,True
af2f5725-8418-491b-8aac-b40221c6fe84,Woolworths Supermarket,Pantry,Macro Organic Quinoa Tri Colour 500g,717631,$7.00,$1.40 / 100G,https://www.woolworths.com.au/shop/productdetails/717631/macro-organic-quinoa-tri-colour,https://cdn0.woolworths.media/content/wowproductimages/medium/717631.jpg,2020-09-21 17:27:05,Average product rating out of 5: 4.6. Product score is based on 274 ratings,274,Was $9.99 09/01/2017,True
1f2140fd-638d-4f8c-86db-e6fcffc0bb57,Woolworths Supermarket,Pantry,Ritz Crackers Original 300g,660562,$2.50,$0.83 / 100G,https://www.woolworths.com.au/shop/productdetails/660562/ritz-crackers-original,https://cdn0.woolworths.media/content/wowproductimages/medium/660562.jpg,2020-09-21 17:27:05,,0,,True
19f6a2cd-823f-4c9d-951b-29dd3ac9ecd8,Woolworths Supermarket,Pantry,Continental Cup A Soup Creamy Chicken With Lots Of Noodles 2 pack,026649,$2.00,$3.33 / 100G,https://www.woolworths.com.au/shop/productdetails/26649/continental-cup-a-soup-creamy-chicken-with-lots-of-noodles,https://cdn0.woolworths.media/content/wowproductimages/medium/026649.jpg,2020-09-21 17:27:05,,0,,True
442a6673-ba32-4804-b1f4-09834d8f0ee4,Woolworths Supermarket,Pantry,Masterfoods Barbecue Sauce 500ml,099696,$2.50,$0.50 / 100ML,https://www.woolworths.com.au/shop/productdetails/99696/masterfoods-barbecue-sauce,https://cdn0.woolworths.media/content/wowproductimages/medium/099696.jpg,2020-09-21 17:27:05,,0,,True
64477ad5-9946-442b-81f4-8eb8ccade2a4,Woolworths Supermarket,Pantry,Mckenzie's Rice Flour 375g,094275,$1.50,$4.00 / 1KG,https://www.woolworths.com.au/shop/productdetails/94275/mckenzie-s-rice-flour,https://cdn0.woolworths.media/content/wowproductimages/medium/094275.jpg,2020-09-21 17:27:05,,0,,True
b9b57d25-7664-45d3-ac42-86149c91476c,Woolworths Supermarket,Pantry,Arnott's Monte Carlo 250g,036031,$3.00,$1.20 / 100G,https://www.woolworths.com.au/shop/productdetails/36031/arnott-s-monte-carlo,https://cdn0.woolworths.media/content/wowproductimages/medium/036031.jpg,2020-09-21 17:27:05,,0,,True
3ea277fd-ff2a-4b7e-a9f0-179c88108d6d,Woolworths Supermarket,Pantry,Essentials Pasta Penne 500g,188800,$0.80,$0.16 / 100G,https://www.woolworths.com.au/shop/productdetails/188800/essentials-pasta-penne,https://cdn0.woolworths.media/content/wowproductimages/medium/188800.jpg,2020-09-21 17:27:05,,0,,True
0a1f9dca-d957-409e-a7d0-7d4ad7130b86,Woolworths Supermarket,Pantry,Cadbury Fry's Turkish Delight 55g bar,098390,$1.00,$1.82 / 100G,https://www.woolworths.com.au/shop/productdetails/98390/cadbury-fry-s-turkish-delight,https://cdn0.woolworths.media/content/wowproductimages/medium/098390.jpg,2020-09-21 17:27:05,,0,,True
81df7023-92a2-4b9c-bad4-67e9a67af7cd,Woolworths Supermarket,Pantry,Indomie Mi Goreng Instant Noodles 5pk 425g,177972,$2.75,$0.65 / 100G,https://www.woolworths.com.au/shop/productdetails/177972/indomie-mi-goreng-instant-noodles,https://cdn0.woolworths.media/content/wowproductimages/medium/177972.jpg,2020-09-21 17:27:05,,0,,True
d5b103a9-7523-459d-8bd5-f77611163f85,Woolworths Supermarket,Pantry,Woolworths Diced Italian Tomatoes No Added Salt 400g,770320,$0.80,$2.00 / 1KG,https://www.woolworths.com.au/shop/productdetails/770320/woolworths-diced-italian-tomatoes-no-added-salt,https://cdn0.woolworths.media/content/wowproductimages/medium/770320.jpg,2020-09-21 17:27:05,Average product rating out of 5: 4.7. Product score is based on 311 ratings,311,,True
470b6ade-7766-47a8-a4bd-2a3aedab5eef,Woolworths Supermarket,Pantry,Essentials Raw Sugar 2kg,018174,$2.10,$0.11 / 100G,https://www.woolworths.com.au/shop/productdetails/18174/essentials-raw-sugar,https://cdn0.woolworths.media/content/wowproductimages/medium/018174.jpg,2020-09-21 17:27:05,,0,,True
33fe21dd-a84d-4668-b453-2714e4f0df68,Woolworths Supermarket,Pantry,The Natural Confectionery Co. Vegan Fruit Mix 200g,108394,$4.00,$2.00 / 100G,https://www.woolworths.com.au/shop/productdetails/108394/the-natural-confectionery-co-vegan-fruit-mix,https://cdn0.woolworths.media/content/wowproductimages/medium/108394.jpg,2020-09-21 17:27:05,,0,,True
76e92879-80f5-4308-aad2-645b6c6519a1,Woolworths Supermarket,Pantry,Lucky Slivered Almonds 230g,108467,$11.00,$47.83 / 1KG,https://www.woolworths.com.au/shop/productdetails/108467/lucky-slivered-almonds,https://cdn0.woolworths.media/content/wowproductimages/medium/108467.jpg,2020-09-21 17:27:05,,0,,True
aad38a9b-7da9-4e16-92b7-a6f3a06fb4de,Woolworths Supermarket,Pantry,Magnifico Mug Shot Tomato & Herb Pasta 64g,108509,$1.30,$2.03 / 100G,https://www.woolworths.com.au/shop/productdetails/108509/magnifico-mug-shot-tomato-herb-pasta,https://cdn0.woolworths.media/content/wowproductimages/medium/108509.jpg,2020-09-21 17:27:05,,0,,True
f3a9efa0-e123-40d6-911b-496f341fc67b,Woolworths Supermarket,Pantry,Cadbury Old Gold Dark Chocolate Roast Peanut & Honeycomb 120g,108515,$3.00,$2.50 / 100G,https://www.woolworths.com.au/shop/productdetails/108515/cadbury-old-gold-dark-chocolate-roast-peanut-honeycomb,https://cdn0.woolworths.media/content/wowproductimages/medium/108515.jpg,2020-09-21 17:27:05,,0,,True
fd2294df-19fd-4fde-ab3a-afb19884069b,Woolworths Supermarket,Pantry,Continental Nutrish Snack Rockin Bangkok 80g,108622,$4.00,$5.00 / 100G,https://www.woolworths.com.au/shop/productdetails/108622/continental-nutrish-snack-rockin-bangkok,https://cdn0.woolworths.media/content/wowproductimages/medium/108622.jpg,2020-09-21 17:27:05,,0,,True
bef9756d-2715-4bda-912a-74ea382f1a1f,Woolworths Supermarket,Pantry,Magnifico Mug Shot Creamy Cheese Pasta 68g,109137,$1.30,$1.91 / 100G,https://www.woolworths.com.au/shop/productdetails/109137/magnifico-mug-shot-creamy-cheese-pasta,https://cdn0.woolworths.media/content/wowproductimages/medium/109137.jpg,2020-09-21 17:27:05,,0,,True
1a54f80a-2bd6-4ee1-b5dd-65d3415ade38,Woolworths Supermarket,Pantry,Meiji Yan Yan Snacks Chocolate 50g,109275,$1.80,$3.60 / 100G,https://www.woolworths.com.au/shop/productdetails/109275/meiji-yan-yan-snacks-chocolate,https://cdn0.woolworths.media/content/wowproductimages/medium/109275.jpg,2020-09-21 17:27:05,,0,,True
cfb292b3-5d8b-407f-9d08-08f6c03a3b7b,Woolworths Supermarket,Pantry,Sunrice Jasmine 2kg,109277,$6.50,$3.25 / 1KG,https://www.woolworths.com.au/shop/productdetails/109277/sunrice-jasmine,https://cdn0.woolworths.media/content/wowproductimages/medium/109277.jpg,2020-09-21 17:27:05,,0,,True
4bdc07b3-bfd3-44cc-9c58-65ad26a97f6d,Woolworths Supermarket,Pantry,Fibre One Salted Caramel & Almond Popcorn Bars 5 pack,109405,$5.50,$5.24 / 100G,https://www.woolworths.com.au/shop/productdetails/109405/fibre-one-salted-caramel-almond-popcorn-bars,https://cdn0.woolworths.media/content/wowproductimages/medium/109405.jpg,2020-09-21 17:27:05,,0,,True
dd36a74a-6f00-44ef-aca2-5e319829bde6,Woolworths Supermarket,Pantry,Darrell Lea Chocolate Raspberry Balls 160g,109918,$4.40,$2.75 / 100G,https://www.woolworths.com.au/shop/productdetails/109918/darrell-lea-chocolate-raspberry-balls,https://cdn0.woolworths.media/content/wowproductimages/medium/109918.jpg,2020-09-21 17:27:05,,0,,True
e40f5ef4-2ac4-4137-811d-80ea291505ad,Woolworths Supermarket,Pantry,Carman's Nutty Delights Dark Choc Cherry & Coconut Bars 8 pack,109953,$6.00,$3.75 / 100G,https://www.woolworths.com.au/shop/productdetails/109953/carman-s-nutty-delights-dark-choc-cherry-coconut-bars,https://cdn0.woolworths.media/content/wowproductimages/medium/109953.jpg,2020-09-21 17:27:05,,0,,True
c710bbcc-cbc5-4b16-90a2-0efa0a28bc80,Woolworths Supermarket,Pantry,Violet Crumble Caramel Bites 170g,109959,$4.40,$2.59 / 100G,https://www.woolworths.com.au/shop/productdetails/109959/violet-crumble-caramel-bites,https://cdn0.woolworths.media/content/wowproductimages/medium/109959.jpg,2020-09-21 17:27:05,,0,,True
b5b0311e-3126-4e14-a105-0af88706139c,Woolworths Supermarket,Pantry,Indomie Mi Goreng Fried Noodles 85g,110285,$0.65,$0.76 / 100G,https://www.woolworths.com.au/shop/productdetails/110285/indomie-mi-goreng-fried-noodles,https://cdn0.woolworths.media/content/wowproductimages/medium/110285.jpg,2020-09-21 17:27:05,,0,,True
6d8d14d3-fe32-44c1-a444-d3a92726f402,Woolworths Supermarket,Pantry,Olina's Simply Seed Crackers Rosemary 80g,110300,$3.50,$4.38 / 100G,https://www.woolworths.com.au/shop/productdetails/110300/olina-s-simply-seed-crackers-rosemary,https://cdn0.woolworths.media/content/wowproductimages/medium/110300.jpg,2020-09-21 17:27:05,,0,,True
78ba13c3-3545-4631-919c-64ed3c2781f3,Woolworths Supermarket,Pantry,Pandaroo Noodles Thin Egg 375g,110323,$2.60,$0.69 / 100G,https://www.woolworths.com.au/shop/productdetails/110323/pandaroo-noodles-thin-egg,https://cdn0.woolworths.media/content/wowproductimages/medium/110323.jpg,2020-09-21 17:27:05,,0,,True
ec38792a-5780-4765-843c-dd38bf791e14,Woolworths Supermarket,Pantry,"Olina's Savoury Crackers Feta, Thyme & Garlic 90g",110521,$4.00,$4.44 / 100G,https://www.woolworths.com.au/shop/productdetails/110521/olina-s-savoury-crackers-feta-thyme-garlic,https://cdn0.woolworths.media/content/wowproductimages/medium/110521.jpg,2020-09-21 17:27:05,,0,,True
76e20f61-2d20-4638-80c6-693483b9c664,Woolworths Supermarket,Pantry,Carman's Nutty Delights Sticky Date & Caramel Bars 8 pack,110554,$6.00,$3.75 / 100G,https://www.woolworths.com.au/shop/productdetails/110554/carman-s-nutty-delights-sticky-date-caramel-bars,https://cdn0.woolworths.media/content/wowproductimages/medium/110554.jpg,2020-09-21 17:27:05,,0,,True
89f87618-da89-463a-8bff-bfd80332c9ec,Woolworths Supermarket,Pantry,Allen's Oak Flavoured Milk Bottles 170g,110670,$2.00,$1.18 / 100G,https://www.woolworths.com.au/shop/productdetails/110670/allen-s-oak-flavoured-milk-bottles,https://cdn0.woolworths.media/content/wowproductimages/medium/110670.jpg,2020-09-21 17:27:05,,0,,True
fabe8708-46ab-472c-ae4d-36aea2d1f503,Woolworths Supermarket,Pantry,Olina's Simply Seed Crackers Herb & Garlic 80g,110689,$3.50,$4.38 / 100G,https://www.woolworths.com.au/shop/productdetails/110689/olina-s-simply-seed-crackers-herb-garlic,https://cdn0.woolworths.media/content/wowproductimages/medium/110689.jpg,2020-09-21 17:27:05,,0,,True
940895a5-5de0-4765-a381-dc171bdf10b3,Woolworths Supermarket,Pantry,Carman's Peanut Butter Brownue Protein Bars 5 pack,110882,$6.30,$3.15 / 100G,https://www.woolworths.com.au/shop/productdetails/110882/carman-s-peanut-butter-brownue-protein-bars,https://cdn0.woolworths.media/content/wowproductimages/medium/110882.jpg,2020-09-21 17:27:05,,0,,True
de705b23-e1e3-4ab9-8687-87111209e0e5,Woolworths Supermarket,Pantry,Uncle Tobys Roll Ups Lemonade Flavour 6 pack,111271,$4.00,$4.26 / 100G,https://www.woolworths.com.au/shop/productdetails/111271/uncle-tobys-roll-ups-lemonade-flavour,https://cdn0.woolworths.media/content/wowproductimages/medium/111271.jpg,2020-09-21 17:27:05,,0,,True
64a31cb4-e0ea-46c2-aeff-e920ae209864,Woolworths Supermarket,Pantry,Olina's Simply Seed Crackers Original 80g,111296,$3.50,$4.38 / 100G,https://www.woolworths.com.au/shop/productdetails/111296/olina-s-simply-seed-crackers-original,https://cdn0.woolworths.media/content/wowproductimages/medium/111296.jpg,2020-09-21 17:27:05,,0,,True
0792b7ce-46af-436e-8cae-d829bf7a15d7,Woolworths Supermarket,Pantry,Pandaroo Coconut Milk 165ml,111319,$1.00,$0.61 / 100ML,https://www.woolworths.com.au/shop/productdetails/111319/pandaroo-coconut-milk,https://cdn0.woolworths.media/content/wowproductimages/medium/111319.jpg,2020-09-21 17:27:05,,0,,True
0ed05c7e-0a34-4a9c-adb0-2bb4f45928e2,Woolworths Supermarket,Pantry,Maille Mustard Dijonnaise 200ml,111321,$4.20,$2.10 / 100ML,https://www.woolworths.com.au/shop/productdetails/111321/maille-mustard-dijonnaise,https://cdn0.woolworths.media/content/wowproductimages/medium/111321.jpg,2020-09-21 17:27:05,,0,,True
09d1937e-dee8-4203-9e5c-81a05e9ef811,Woolworths Supermarket,Pantry,Masterfoods Barbecue Sauce 500ml,099696,$2.50,$0.50 / 100ML,https://www.woolworths.com.au/shop/productdetails/99696/masterfoods-barbecue-sauce,https://cdn0.woolworths.media/content/wowproductimages/medium/099696.jpg,2020-09-21 17:27:05,,0,,True
69a84d4b-cb8d-4d0a-bcd9-1a3054c7cc74,Woolworths Supermarket,Pantry,Doritos Share Pack Cheese Supreme 170g,826731,$2.75,$1.62 / 100G,https://www.woolworths.com.au/shop/productdetails/826731/doritos-share-pack-cheese-supreme,https://cdn0.woolworths.media/content/wowproductimages/medium/826731.jpg,2020-09-21 17:27:05,,0,,True
765101cf-0362-46d9-8d5a-e4dffafe75b9,Woolworths Supermarket,Pantry,Arnott's Shortbread 250g,008838,$2.50,$1.00 / 100G,https://www.woolworths.com.au/shop/productdetails/8838/arnott-s-shortbread,https://cdn0.woolworths.media/content/wowproductimages/medium/008838.jpg,2020-09-21 17:27:05,,0,,True
6b73e968-933e-41f2-8d3d-d8a648ba530e,Woolworths Supermarket,Pantry,Twisties Cheese Chips 90g,081659,$2.00,$2.22 / 100G,https://www.woolworths.com.au/shop/productdetails/81659/twisties-cheese-chips,https://cdn0.woolworths.media/content/wowproductimages/medium/081659.jpg,2020-09-21 17:27:05,,0,,True
2fe84c46-3f0e-40dc-b973-d2318818ff67,Woolworths Supermarket,Pantry,Bertolli Extra Virgin Olive Oil Originale 750ml,502951,$6.50,$0.87 / 100ML,https://www.woolworths.com.au/shop/productdetails/502951/bertolli-extra-virgin-olive-oil-originale,https://cdn0.woolworths.media/content/wowproductimages/medium/502951.jpg,2020-09-21 17:27:05,,0,,True
0b9e6a14-2796-416f-999d-20d03bbdc940,Woolworths Supermarket,Pantry,Valcom Canned Bamboo Shoots Sliced 225g,097730,$1.10,$4.89 / 1KG,https://www.woolworths.com.au/shop/productdetails/97730/valcom-canned-bamboo-shoots-sliced,https://cdn0.woolworths.media/content/wowproductimages/medium/097730.jpg,2020-09-21 17:27:05,,0,,True
9a39238e-c876-4c1c-8dcc-6d6b029aea30,Woolworths Supermarket,Pantry,Kellogg's Nutri-grain Protein Breakfast Cereal 290g,701706,$4.95,$1.71 / 100G,https://www.woolworths.com.au/shop/productdetails/701706/kellogg-s-nutri-grain-protein-breakfast-cereal,https://cdn0.woolworths.media/content/wowproductimages/medium/701706.jpg,2020-09-21 17:27:05,,0,,True
f66904f2-277a-4732-a86f-3ed99b377b6e,Woolworths Supermarket,Pantry,Arnott's Malt O' Milk 250g,036036,$2.50,$1.00 / 100G,https://www.woolworths.com.au/shop/productdetails/36036/arnott-s-malt-o-milk,https://cdn0.woolworths.media/content/wowproductimages/medium/036036.jpg,2020-09-21 17:27:05,,0,,True
6773aead-5fe6-48c2-ad46-5d0ef76973bb,Woolworths Supermarket,Pantry,Smith's Share Pack Crinkle Cut Salt & Vinegar 170g,826738,$2.75,$1.62 / 100G,https://www.woolworths.com.au/shop/productdetails/826738/smith-s-share-pack-crinkle-cut-salt-vinegar,https://cdn0.woolworths.media/content/wowproductimages/medium/826738.jpg,2020-09-21 17:27:05,,0,,True
075498bf-ede6-4bac-903d-df6f5fc63d8c,Woolworths Supermarket,Pantry,Arnott's Snack Right Sultana 250g,182697,$3.00,$1.20 / 100G,https://www.woolworths.com.au/shop/productdetails/182697/arnott-s-snack-right-sultana,https://cdn0.woolworths.media/content/wowproductimages/medium/182697.jpg,2020-09-21 17:27:05,,0,Was $4.20 11/02/2019,True
7f1f9388-3fa6-4ca8-b87d-59552ef9304d,Woolworths Supermarket,Pantry,Toblerone Milk Chocolate Bar 50g,047011,$1.00,$2.00 / 100G,https://www.woolworths.com.au/shop/productdetails/47011/toblerone-milk-chocolate-bar,https://cdn0.woolworths.media/content/wowproductimages/medium/047011.jpg,2020-09-21 17:27:05,,0,,True
84bd8545-178f-44be-9095-ca0cb117662b,Woolworths Supermarket,Pantry,Kooka's Country Cookies Lemon 200g,347837,$2.00,$1.00 / 100G,https://www.woolworths.com.au/shop/productdetails/347837/kooka-s-country-cookies-lemon,https://cdn0.woolworths.media/content/wowproductimages/medium/347837.jpg,2020-09-21 17:27:05,,0,,True
7c3d142e-a6c9-470b-908a-ced2b841b43d,Woolworths Supermarket,Pantry,Uncle Tobys Roll-ups Strawberry Fun Prints 6 pack,324231,$4.00,$4.26 / 100G,https://www.woolworths.com.au/shop/productdetails/324231/uncle-tobys-roll-ups-strawberry-fun-prints,https://cdn0.woolworths.media/content/wowproductimages/medium/324231.jpg,2020-09-21 17:27:05,,0,,True
a8ed13b2-7bd0-463b-9d29-d8c59af7cfba,Woolworths Supermarket,Pantry,Woolworths Corn Sweet Kernels 420g,218926,$1.00,$2.38 / 1KG,https://www.woolworths.com.au/shop/productdetails/218926/woolworths-corn-sweet-kernels,https://cdn0.woolworths.media/content/wowproductimages/medium/218926.jpg,2020-09-21 17:27:05,Average product rating out of 5: 4.1. Product score is based on 215 ratings,215,,True
b711837f-556c-4600-82aa-5cacce0a67ef,Woolworths Supermarket,Pantry,Moccona Freeze Dried Instant Coffee Classic Medium Roast 400g,208575,$24.00,$6.00 / 100G,https://www.woolworths.com.au/shop/productdetails/208575/moccona-freeze-dried-instant-coffee-classic-medium-roast,https://cdn0.woolworths.media/content/wowproductimages/medium/208575.jpg,2020-09-21 17:27:05,,0,,True
f8fc1820-8ccf-4553-aada-f27ca127245e,Woolworths Supermarket,Pantry,Macro Organic Quinoa Tri Colour 500g,717631,$7.00,$1.40 / 100G,https://www.woolworths.com.au/shop/productdetails/717631/macro-organic-quinoa-tri-colour,https://cdn0.woolworths.media/content/wowproductimages/medium/717631.jpg,2020-09-21 17:27:05,Average product rating out of 5: 4.6. Product score is based on 274 ratings,274,Was $9.99 09/01/2017,True
bd55ad83-c18f-4e9a-a41a-73f9179a9b37,Woolworths Supermarket,Pantry,Arnott's Shapes Cheddar 175g,384244,$2.50,$1.43 / 100G,https://www.woolworths.com.au/shop/productdetails/384244/arnott-s-shapes-cheddar,https://cdn0.woolworths.media/content/wowproductimages/medium/384244.jpg,2020-09-21 17:27:05,,0,,True
000b617a-f9f0-4477-875c-a34f0765f185,Woolworths Supermarket,Pantry,Uncle Ben's Microwave Mexican Style Brown Rice 250g,727257,$3.00,$1.20 / 100G,https://www.woolworths.com.au/shop/productdetails/727257/uncle-ben-s-microwave-mexican-style-brown-rice,https://cdn0.woolworths.media/content/wowproductimages/medium/727257.jpg,2020-09-21 17:27:05,,0,,True
3bd7ec04-cdbc-4435-ae5e-fd78758a50d6,Woolworths Supermarket,Pantry,Pringles Sour Cream And Onion Chips 134g,479502,$2.50,$1.87 / 100G,https://www.woolworths.com.au/shop/productdetails/479502/pringles-sour-cream-and-onion-chips,https://cdn0.woolworths.media/content/wowproductimages/medium/479502.jpg,2020-09-21 17:27:05,,0,,True
e268554c-8026-483a-a401-59e130f2ecfd,Woolworths Supermarket,Pantry,Noshu Sugar Free Unicorn Snackles 5 pack,111371,$6.00,$5.45 / 100G,https://www.woolworths.com.au/shop/productdetails/111371/noshu-sugar-free-unicorn-snackles,https://cdn0.woolworths.media/content/wowproductimages/medium/111371.jpg,2020-09-21 17:27:05,,0,,True
e7bd5204-bade-446c-9471-c90218c0cbd3,Woolworths Supermarket,Pantry,Darrell Lea Chocolate Liquorice Balls 160g,111421,$4.40,$2.75 / 100G,https://www.woolworths.com.au/shop/productdetails/111421/darrell-lea-chocolate-liquorice-balls,https://cdn0.woolworths.media/content/wowproductimages/medium/111421.jpg,2020-09-21 17:27:05,,0,,True
8333aaa6-cdeb-4526-bb2c-715bda457f37,Woolworths Supermarket,Pantry,Noshu Sugar Free Marshy Mellow Snackles 5 pack,111446,$6.00,$5.45 / 100G,https://www.woolworths.com.au/shop/productdetails/111446/noshu-sugar-free-marshy-mellow-snackles,https://cdn0.woolworths.media/content/wowproductimages/medium/111446.jpg,2020-09-21 17:27:05,,0,,True
9978278f-2ce4-4b1a-ad2f-e5cc9fb6786c,Woolworths Supermarket,Pantry,Bhuja Original Mix Big Bag 350g,111448,$5.00,$14.29 / 1KG,https://www.woolworths.com.au/shop/productdetails/111448/bhuja-original-mix-big-bag,https://cdn0.woolworths.media/content/wowproductimages/medium/111448.jpg,2020-09-21 17:27:05,,0,,True
6d5f46bb-d4c9-4fd3-a49e-828d685f52e6,Woolworths Supermarket,Pantry,Olina's Simply Seed Crackers Cracked Pepper 80g,111458,$3.50,$4.38 / 100G,https://www.woolworths.com.au/shop/productdetails/111458/olina-s-simply-seed-crackers-cracked-pepper,https://cdn0.woolworths.media/content/wowproductimages/medium/111458.jpg,2020-09-21 17:27:05,,0,,True
e0f6b52d-0a62-471e-a011-531caa0773af,Woolworths Supermarket,Pantry,Queen Natural Peppermint Extract 50ml,111506,$1.10,$0.22 / 10ML,https://www.woolworths.com.au/shop/productdetails/111506/queen-natural-peppermint-extract,https://cdn0.woolworths.media/content/wowproductimages/medium/111506.jpg,2020-09-21 17:27:05,,0,,True
11e8a507-472c-421f-a417-1014239203b7,Woolworths Supermarket,Pantry,Queen Essences Almond Flavour Natural 50ml,111515,$1.10,$0.22 / 10ML,https://www.woolworths.com.au/shop/productdetails/111515/queen-essences-almond-flavour-natural,https://cdn0.woolworths.media/content/wowproductimages/medium/111515.jpg,2020-09-21 17:27:05,,0,,True
2c110ee4-4af9-427c-919a-3d51d6529a27,Woolworths Supermarket,Pantry,Queen Natural Rosewater Essence 50ml,111520,$1.10,$0.22 / 10ML,https://www.woolworths.com.au/shop/productdetails/111520/queen-natural-rosewater-essence,https://cdn0.woolworths.media/content/wowproductimages/medium/111520.jpg,2020-09-21 17:27:05,,0,,True
6ebf1ff5-32bb-4464-8cca-d710b9c8aaf5,Woolworths Supermarket,Pantry,Olina's Lavosh Crackers Rosemary & Sea Salt 100g,111544,$3.50,$3.50 / 100G,https://www.woolworths.com.au/shop/productdetails/111544/olina-s-lavosh-crackers-rosemary-sea-salt,https://cdn0.woolworths.media/content/wowproductimages/medium/111544.jpg,2020-09-21 17:27:05,,0,,True
ca2b6ef1-d340-4e5a-86a4-c64237b1598d,Woolworths Supermarket,Pantry,Vetta Rural Aid Spaghetti Value Pack 750g,111550,$2.80,$0.37 / 100G,https://www.woolworths.com.au/shop/productdetails/111550/vetta-rural-aid-spaghetti-value-pack,https://cdn0.woolworths.media/content/wowproductimages/medium/111550.jpg,2020-09-21 17:27:05,,0,,True
ac8d9de4-9c92-4efe-ad61-a7c8cb591b2c,Woolworths Supermarket,Pantry,Vetta Rural Aid Spirals Value Pack 750g,111551,$2.80,$0.37 / 100G,https://www.woolworths.com.au/shop/productdetails/111551/vetta-rural-aid-spirals-value-pack,https://cdn0.woolworths.media/content/wowproductimages/medium/111551.jpg,2020-09-21 17:27:05,,0,,True
ccb923a9-958e-4820-84be-100bb14e46c1,Woolworths Supermarket,Pantry,Kettle Chunky Flamed Steak 150g,111650,$4.65,$3.10 / 100G,https://www.woolworths.com.au/shop/productdetails/111650/kettle-chunky-flamed-steak,https://cdn0.woolworths.media/content/wowproductimages/medium/111650.jpg,2020-09-21 17:27:05,,0,,True
69eec8eb-acd7-4074-9cb7-12fcb7868bb1,Woolworths Supermarket,Pantry,Csr White Sugar Cubes 450g,112080,$4.50,$1.00 / 100G,https://www.woolworths.com.au/shop/productdetails/112080/csr-white-sugar-cubes,https://cdn0.woolworths.media/content/wowproductimages/medium/112080.jpg,2020-09-21 17:27:05,,0,,True
fdf570df-ebac-4b15-a912-fad7f24762fe,Woolworths Supermarket,Pantry,Vetta Ready Pasta Classic Penne 150g,112386,$2.00,$1.33 / 100G,https://www.woolworths.com.au/shop/productdetails/112386/vetta-ready-pasta-classic-penne,https://cdn0.woolworths.media/content/wowproductimages/medium/112386.jpg,2020-09-21 17:27:05,,0,2 for $3.00 $1.00/100G,True
b9ebf6c1-9285-47a4-a7e9-cac2be6dfe1a,Woolworths Supermarket,Pantry,Captain's Table Water Crackers Rosemary & Thyme 125g,112388,$1.50,$1.20 / 100G,https://www.woolworths.com.au/shop/productdetails/112388/captain-s-table-water-crackers-rosemary-thyme,https://cdn0.woolworths.media/content/wowproductimages/medium/112388.jpg,2020-09-21 17:27:05,,0,,True
c3a6ea0a-9f03-4917-b93b-91d4cb1a2424,Woolworths Supermarket,Pantry,Infuzions Veggie Chips Salt & Cider 100g,112420,$3.50,$3.50 / 100G,https://www.woolworths.com.au/shop/productdetails/112420/infuzions-veggie-chips-salt-cider,https://cdn0.woolworths.media/content/wowproductimages/medium/112420.jpg,2020-09-21 17:27:05,,0,,True
17a15b82-5daa-4d2e-9d49-815a46e6eed4,Woolworths Supermarket,Pantry,"Masterfoods Chilli, Garlic & Ginger Finely Chopped Seasoning 160g",112421,$2.80,$0.18 / 10G,https://www.woolworths.com.au/shop/productdetails/112421/masterfoods-chilli-garlic-ginger-finely-chopped-seasoning,https://cdn0.woolworths.media/content/wowproductimages/medium/112421.jpg,2020-09-21 17:27:05,,0,,True
767f1d92-3a74-49cb-955f-122306299f7d,Woolworths Supermarket,Pantry,Vetta Rural Aid Penne Value Pack 750g,112440,$2.80,$0.37 / 100G,https://www.woolworths.com.au/shop/productdetails/112440/vetta-rural-aid-penne-value-pack,https://cdn0.woolworths.media/content/wowproductimages/medium/112440.jpg,2020-09-21 17:27:05,,0,,True
6791def1-d560-4a79-a71a-e227bf4486f4,Woolworths Supermarket,Pantry,Vetta Rural Aid Fettucine Pasta 500g,112673,$2.25,$0.45 / 100G,https://www.woolworths.com.au/shop/productdetails/112673/vetta-rural-aid-fettucine-pasta,https://cdn0.woolworths.media/content/wowproductimages/medium/112673.jpg,2020-09-21 17:27:05,,0,,True
94db40bb-beb8-4936-9232-77adbe4b71bc,Woolworths Supermarket,Pantry,Vetta Rural Aid Spaghetti Pasta 500g,112674,$2.25,$0.45 / 100G,https://www.woolworths.com.au/shop/productdetails/112674/vetta-rural-aid-spaghetti-pasta,https://cdn0.woolworths.media/content/wowproductimages/medium/112674.jpg,2020-09-21 17:27:05,,0,,True
06b1bd24-43c4-4953-9df6-0c5019256d1a,Woolworths Supermarket,Pantry,Do Good Labs El Mexicana Mix 120g,112679,$3.95,$32.92 / 1KG,https://www.woolworths.com.au/shop/productdetails/112679/do-good-labs-el-mexicana-mix,https://cdn0.woolworths.media/content/wowproductimages/medium/112679.jpg,2020-09-21 17:27:05,,0,,True
6edca0de-fda2-4347-8c7e-cd64bc638fe1,Woolworths Supermarket,Pantry,Uncle Tobys Lemon & Yoghurt Drizzle Muesli Bars 5 pack,112681,$3.50,$2.00 / 100G,https://www.woolworths.com.au/shop/productdetails/112681/uncle-tobys-lemon-yoghurt-drizzle-muesli-bars,https://cdn0.woolworths.media/content/wowproductimages/medium/112681.jpg,2020-09-21 17:27:05,,0,,True
25acc5a3-4f74-4b3c-94bc-6f083e76c2f6,Woolworths Supermarket,Pantry,Vetta Rural Aid Penne Pasta 500g,112694,$2.25,$0.45 / 100G,https://www.woolworths.com.au/shop/productdetails/112694/vetta-rural-aid-penne-pasta,https://cdn0.woolworths.media/content/wowproductimages/medium/112694.jpg,2020-09-21 17:27:05,,0,,True
f5926d39-9f79-469f-985d-d9deaac56373,Woolworths Supermarket,Pantry,Vetta Ready Pasta Fibre Penne 150g,112882,$2.25,$1.50 / 100G,https://www.woolworths.com.au/shop/productdetails/112882/vetta-ready-pasta-fibre-penne,https://cdn0.woolworths.media/content/wowproductimages/medium/112882.jpg,2020-09-21 17:27:05,,0,,True
d57c0218-7ea2-4f5f-9f40-722db90c2c13,Woolworths Supermarket,Pantry,Sunbites Grain Waves Sour Cream & Chives 5 pack,720220,$3.10,$2.82 / 100G,https://www.woolworths.com.au/shop/productdetails/720220/sunbites-grain-waves-sour-cream-chives,https://cdn0.woolworths.media/content/wowproductimages/medium/720220.jpg,2020-09-21 17:27:05,,0,2 for $5.00,True
eda470c3-5b83-4185-aa80-b7ee4d622ff7,Woolworths Supermarket,Pantry,Cobram Estate Extra Virgin Light Olive Oil 750ml,345955,$15.00,$2.00 / 100ML,https://www.woolworths.com.au/shop/productdetails/345955/cobram-estate-extra-virgin-light-olive-oil,https://cdn0.woolworths.media/content/wowproductimages/medium/345955.jpg,2020-09-21 17:27:05,,0,,True
f6745737-68d8-4132-aac0-72ca28cab8cd,Woolworths Supermarket,Pantry,Woolworths Almond Meal 400g,610610,$7.50,$18.75 / 1KG,https://www.woolworths.com.au/shop/productdetails/610610/woolworths-almond-meal,https://cdn0.woolworths.media/content/wowproductimages/medium/610610.jpg,2020-09-21 17:27:05,Average product rating out of 5: 4.6. Product score is based on 326 ratings,326,Was $9.00 22/07/2020,True
80f82743-a2a5-40f5-8473-d8abfbe94b28,Woolworths Supermarket,Pantry,Sanitarium Weet-bix Breakfast Cereal 1.2kg,200695,$5.00,$0.42 / 100G,https://www.woolworths.com.au/shop/productdetails/200695/sanitarium-weet-bix-breakfast-cereal,https://cdn0.woolworths.media/content/wowproductimages/medium/200695.jpg,2020-09-21 17:27:05,,0,,True
88c8a2a9-0744-474f-bd63-ea89c79466b8,Woolworths Supermarket,Pantry,Moccona Freeze Dried Instant Coffee Classic Medium Roast 400g,208575,$24.00,$6.00 / 100G,https://www.woolworths.com.au/shop/productdetails/208575/moccona-freeze-dried-instant-coffee-classic-medium-roast,https://cdn0.woolworths.media/content/wowproductimages/medium/208575.jpg,2020-09-21 17:27:05,,0,,True
cdc23ce3-7302-458f-8684-1674142b8493,Woolworths Supermarket,Pantry,Macro Organic Quinoa Tri Colour 500g,717631,$7.00,$1.40 / 100G,https://www.woolworths.com.au/shop/productdetails/717631/macro-organic-quinoa-tri-colour,https://cdn0.woolworths.media/content/wowproductimages/medium/717631.jpg,2020-09-21 17:27:05,Average product rating out of 5: 4.6. Product score is based on 274 ratings,274,Was $9.99 09/01/2017,True
439b5788-bc39-410f-8609-0998c0e205f9,Woolworths Supermarket,Pantry,Arnott's Monte Carlo 250g,036031,$3.00,$1.20 / 100G,https://www.woolworths.com.au/shop/productdetails/36031/arnott-s-monte-carlo,https://cdn0.woolworths.media/content/wowproductimages/medium/036031.jpg,2020-09-21 17:27:05,,0,,True
f59e04d5-2fe8-47a3-9eeb-f9ba0ed12a09,Woolworths Supermarket,Pantry,Mckenzie's Himalayan Salt Rock Pink 400g,749926,$5.95,$0.15 / 10G,https://www.woolworths.com.au/shop/productdetails/749926/mckenzie-s-himalayan-salt-rock-pink,https://cdn0.woolworths.media/content/wowproductimages/medium/749926.jpg,2020-09-21 17:27:05,,0,,True
c9ae05f5-3fe7-4c3f-b856-2281e2aa4f67,Woolworths Supermarket,Pantry,Cadbury Dairy Milk Chocolate Fair Trade 350g,757883,$5.00,$1.43 / 100G,https://www.woolworths.com.au/shop/productdetails/757883/cadbury-dairy-milk-chocolate-fair-trade,https://cdn0.woolworths.media/content/wowproductimages/medium/757883.jpg,2020-09-21 17:27:05,,0,Was $6.30 16/01/2017,True
4ec48473-fedb-47f0-aa85-877466924db2,Woolworths Supermarket,Pantry,Queen Organic Vanilla Bean Paste 65g,225399,$11.80,$18.15 / 100G,https://www.woolworths.com.au/shop/productdetails/225399/queen-organic-vanilla-bean-paste,https://cdn0.woolworths.media/content/wowproductimages/medium/225399.jpg,2020-09-21 17:27:05,,0,,True
ee6c200e-a1a3-4d9c-8345-a85070552a56,Woolworths Supermarket,Pantry,Nescafe Blend 43 Soluble Instant Coffee 500g,035694,$20.00,$4.00 / 100G,https://www.woolworths.com.au/shop/productdetails/35694/nescafe-blend-43-soluble-instant-coffee,https://cdn0.woolworths.media/content/wowproductimages/medium/035694.jpg,2020-09-21 17:27:05,,0,,True
192a17de-addd-4cac-a4a4-b44c54311152,Woolworths Supermarket,Pantry,Woolworths Diced Italian Tomatoes No Added Salt 400g,770320,$0.80,$2.00 / 1KG,https://www.woolworths.com.au/shop/productdetails/770320/woolworths-diced-italian-tomatoes-no-added-salt,https://cdn0.woolworths.media/content/wowproductimages/medium/770320.jpg,2020-09-21 17:27:05,Average product rating out of 5: 4.7. Product score is based on 311 ratings,311,,True
f59ff215-2e7c-47c5-a643-d4d3df507c24,Woolworths Supermarket,Pantry,Beechworth Pure Honey 1.5kg,250371,$22.00,$1.47 / 100G,https://www.woolworths.com.au/shop/productdetails/250371/beechworth-pure-honey,https://cdn0.woolworths.media/content/wowproductimages/medium/250371.jpg,2020-09-21 17:27:05,,0,,True
84de69a2-1675-4c42-97e5-a6313a12da38,Woolworths Supermarket,Pantry,Vege Chips Chicken Style 100g,793382,$3.80,$3.80 / 100G,https://www.woolworths.com.au/shop/productdetails/793382/vege-chips-chicken-style,https://cdn0.woolworths.media/content/wowproductimages/medium/793382.jpg,2020-09-21 17:27:05,Average product rating out of 5: 4.7. Product score is based on 20 ratings,20,,True
0d309a47-b9fa-4005-81d0-f660122f2e17,Woolworths Supermarket,Pantry,Woolworths White Rice Long Grain 5kg,072779,$6.70,$0.13 / 100G,https://www.woolworths.com.au/shop/productdetails/72779/woolworths-white-rice-long-grain,https://cdn0.woolworths.media/content/wowproductimages/medium/072779.jpg,2020-09-21 17:27:05,Average product rating out of 5: 4.8. Product score is based on 14 ratings,14,,True
a56bf6e5-eddf-401c-85fb-d27e3ac266a7,Woolworths Supermarket,Pantry,Continental Cup A Soup Creamy Chicken With Lots Of Noodles 2 pack,026649,$2.00,$3.33 / 100G,https://www.woolworths.com.au/shop/productdetails/26649/continental-cup-a-soup-creamy-chicken-with-lots-of-noodles,https://cdn0.woolworths.media/content/wowproductimages/medium/026649.jpg,2020-09-21 17:27:05,,0,,True
77fdc204-86cd-4894-a310-ff4bdb8d14e3,Woolworths Supermarket,Pantry,Bertolli Extra Virgin Olive Oil Originale 750ml,502951,$6.50,$0.87 / 100ML,https://www.woolworths.com.au/shop/productdetails/502951/bertolli-extra-virgin-olive-oil-originale,https://cdn0.woolworths.media/content/wowproductimages/medium/502951.jpg,2020-09-21 17:27:05,,0,,True
91cc6857-1044-496d-9980-6482fc816eaf,Woolworths Supermarket,Pantry,Ritz Crackers Original 300g,660562,$2.50,$0.83 / 100G,https://www.woolworths.com.au/shop/productdetails/660562/ritz-crackers-original,https://cdn0.woolworths.media/content/wowproductimages/medium/660562.jpg,2020-09-21 17:27:05,,0,,True
0836b5b2-a052-446b-bfaa-09fdb9478f16,Woolworths Supermarket,Pantry,Woolworths Walnuts Kernel 500g,749540,$11.00,$22.00 / 1KG,https://www.woolworths.com.au/shop/productdetails/749540/woolworths-walnuts-kernel,https://cdn0.woolworths.media/content/wowproductimages/medium/749540.jpg,2020-09-21 17:27:05,Average product rating out of 5: 4.8. Product score is based on 360 ratings,360,,True
3ab83786-2e32-4fae-a2fa-e358abce5c1d,Woolworths Supermarket,Pantry,Woolworths Rolled Traditional Oats 750g,321220,$1.40,$0.19 / 100G,https://www.woolworths.com.au/shop/productdetails/321220/woolworths-rolled-traditional-oats,https://cdn0.woolworths.media/content/wowproductimages/medium/321220.jpg,2020-09-21 17:27:05,Average product rating out of 5: 4.6. Product score is based on 748 ratings,748,,True
a63a262c-5c5c-483f-8ac6-e304a2bcd960,Woolworths Supermarket,Pantry,Vetta Ready Pasta Classic Spirals 150g,112892,$2.00,$1.33 / 100G,https://www.woolworths.com.au/shop/productdetails/112892/vetta-ready-pasta-classic-spirals,https://cdn0.woolworths.media/content/wowproductimages/medium/112892.jpg,2020-09-21 17:27:05,,0,2 for $3.00 $1.00/100G,True
da14a68f-c50a-4d5e-be5a-6169f5a64b24,Woolworths Supermarket,Pantry,Premium Crispbread Black Sesame 300g,112927,$3.00,$1.00 / 100G,https://www.woolworths.com.au/shop/productdetails/112927/premium-crispbread-black-sesame,https://cdn0.woolworths.media/content/wowproductimages/medium/112927.jpg,2020-09-21 17:27:05,,0,,True
ca1eff9b-6d10-4cfe-a449-bf17c55b311f,Woolworths Supermarket,Pantry,Vetta Ready Pasta Classic Macaroni 150g,112950,$2.00,$1.33 / 100G,https://www.woolworths.com.au/shop/productdetails/112950/vetta-ready-pasta-classic-macaroni,https://cdn0.woolworths.media/content/wowproductimages/medium/112950.jpg,2020-09-21 17:27:05,,0,2 for $3.00 $1.00/100G,True
d4596899-fff0-4cc4-b883-202519bac0f7,Woolworths Supermarket,Pantry,Lucky Flaked Almonds 230g,112953,$11.00,$47.83 / 1KG,https://www.woolworths.com.au/shop/productdetails/112953/lucky-flaked-almonds,https://cdn0.woolworths.media/content/wowproductimages/medium/112953.jpg,2020-09-21 17:27:05,,0,,True
120b44b8-8d5a-482a-9a18-3d58c4229b7b,Woolworths Supermarket,Pantry,Vetta Rural Aid Spirals Pasta 500g,112991,$2.25,$0.45 / 100G,https://www.woolworths.com.au/shop/productdetails/112991/vetta-rural-aid-spirals-pasta,https://cdn0.woolworths.media/content/wowproductimages/medium/112991.jpg,2020-09-21 17:27:05,,0,,True
c2a6f538-ae96-4cef-b609-3223e533c3ad,Woolworths Supermarket,Pantry,Lucky Toasted Pine Nuts 50g,112995,$4.50,$90.00 / 1KG,https://www.woolworths.com.au/shop/productdetails/112995/lucky-toasted-pine-nuts,https://cdn0.woolworths.media/content/wowproductimages/medium/112995.jpg,2020-09-21 17:27:05,,0,,True
c95424a3-5d9f-4e8a-9f22-7f0168132ed2,Woolworths Supermarket,Pantry,Kettle Flat Bread Crackers Sea Salt 150g,113002,$3.50,$2.33 / 100G,https://www.woolworths.com.au/shop/productdetails/113002/kettle-flat-bread-crackers-sea-salt,https://cdn0.woolworths.media/content/wowproductimages/medium/113002.jpg,2020-09-21 17:27:05,,0,,True
37395002-db9d-4051-ab14-5ca6a297a88c,Woolworths Supermarket,Pantry,Kettle Flat Bread Crackers Caramelised Onion 150g,113004,$3.50,$2.33 / 100G,https://www.woolworths.com.au/shop/productdetails/113004/kettle-flat-bread-crackers-caramelised-onion,https://cdn0.woolworths.media/content/wowproductimages/medium/113004.jpg,2020-09-21 17:27:05,,0,,True
3455375a-6dfd-48c8-a5ae-26925c27fba4,Woolworths Supermarket,Pantry,Kettle Flat Bread Crackers Burnt Fig 150g,113023,$3.50,$2.33 / 100G,https://www.woolworths.com.au/shop/productdetails/113023/kettle-flat-bread-crackers-burnt-fig,https://cdn0.woolworths.media/content/wowproductimages/medium/113023.jpg,2020-09-21 17:27:05,,0,,True
1f8cef21-445d-402d-ac83-53e0819eac43,Woolworths Supermarket,Pantry,Bhuja Cracker Mix 180g,113027,$4.00,$22.22 / 1KG,https://www.woolworths.com.au/shop/productdetails/113027/bhuja-cracker-mix,https://cdn0.woolworths.media/content/wowproductimages/medium/113027.jpg,2020-09-21 17:27:05,,0,,True
89da66ce-5aa4-4a65-8037-70b8f1364a4c,Woolworths Supermarket,Pantry,Infuzions Veggie Straws Sour Cream & Herb Flavour 100g,113028,$3.50,$3.50 / 100G,https://www.woolworths.com.au/shop/productdetails/113028/infuzions-veggie-straws-sour-cream-herb-flavour,https://cdn0.woolworths.media/content/wowproductimages/medium/113028.jpg,2020-09-21 17:27:05,,0,,True
1eaf0f7e-8f48-498d-8c35-121b6a1050fa,Woolworths Supermarket,Pantry,Infuzions Potato Mix Thai Sweet Chilli Flavour 100g,113111,$3.50,$3.50 / 100G,https://www.woolworths.com.au/shop/productdetails/113111/infuzions-potato-mix-thai-sweet-chilli-flavour,https://cdn0.woolworths.media/content/wowproductimages/medium/113111.jpg,2020-09-21 17:27:05,,0,,True
8cfaace0-4d80-4dc6-8cf9-fe25c1a9819a,Woolworths Supermarket,Pantry,The Natural Chip Co. Veggie Rings Cheese 5 pack,113218,$3.35,$3.72 / 100G,https://www.woolworths.com.au/shop/productdetails/113218/the-natural-chip-co-veggie-rings-cheese,https://cdn0.woolworths.media/content/wowproductimages/medium/113218.jpg,2020-09-21 17:27:05,,0,2 for $5.00,True
28205f91-17cc-468f-bda2-7bae0a214a30,Woolworths Supermarket,Pantry,Continental Recipe Base Creamy Tuna Mornay 30g,113305,$1.60,$5.33 / 100G,https://www.woolworths.com.au/shop/productdetails/113305/continental-recipe-base-creamy-tuna-mornay,https://cdn0.woolworths.media/content/wowproductimages/medium/113305.jpg,2020-09-21 17:27:05,,0,2 for $3.00,True
642faaad-cfd0-4456-8429-5f897b5546be,Woolworths Supermarket,Pantry,Captain's Table Water Crackers Chilli Salt 125g,113444,$1.50,$1.20 / 100G,https://www.woolworths.com.au/shop/productdetails/113444/captain-s-table-water-crackers-chilli-salt,https://cdn0.woolworths.media/content/wowproductimages/medium/113444.jpg,2020-09-21 17:27:05,,0,,True
b22c619b-6560-410e-aaec-3f0d03218c15,Woolworths Supermarket,Pantry,Masterfoods Garlic Basil & Parsley Finely Chopped Seasoning 160g,113470,$2.80,$1.75 / 100G,https://www.woolworths.com.au/shop/productdetails/113470/masterfoods-garlic-basil-parsley-finely-chopped-seasoning,https://cdn0.woolworths.media/content/wowproductimages/medium/113470.jpg,2020-09-21 17:27:05,,0,,True
b76bfb54-1bff-49bb-9801-090f6d53e7a8,Woolworths Supermarket,Pantry,Bhuja Original Mix 180g,113570,$4.00,$22.22 / 1KG,https://www.woolworths.com.au/shop/productdetails/113570/bhuja-original-mix,https://cdn0.woolworths.media/content/wowproductimages/medium/113570.jpg,2020-09-21 17:27:05,,0,,True
8dee166f-0e7b-460a-9b93-79bb11e78a43,Woolworths Supermarket,Pantry,Bhuja Nut Mix 140g,113612,$4.00,$28.57 / 1KG,https://www.woolworths.com.au/shop/productdetails/113612/bhuja-nut-mix,https://cdn0.woolworths.media/content/wowproductimages/medium/113612.jpg,2020-09-21 17:27:05,,0,,True
0a8c9e41-0b29-498e-b0a8-4ecb8d492f3d,Woolworths Supermarket,Pantry,Kellogg's Lcms Fruit Tingles Snack Bars 6 pack,113615,$3.00,$2.50 / 100G,https://www.woolworths.com.au/shop/productdetails/113615/kellogg-s-lcms-fruit-tingles-snack-bars,https://cdn0.woolworths.media/content/wowproductimages/medium/113615.jpg,2020-09-21 17:27:05,,0,,True
66468611-3b6f-47c5-b174-95b011620ff4,Woolworths Supermarket,Pantry,Kellogg's Lcms Coco Pops White Choc Snack Bars 12 pack,113621,$5.50,$2.29 / 100G,https://www.woolworths.com.au/shop/productdetails/113621/kellogg-s-lcms-coco-pops-white-choc-snack-bars,https://cdn0.woolworths.media/content/wowproductimages/medium/113621.jpg,2020-09-21 17:27:05,,0,,True
e7979c0f-824b-430a-afe2-8c1c41f9989f,Woolworths Supermarket,Pantry,"Masterfoods Lemon, Garlic & Oregano Finely Chopped Seasoning 160g",113622,$2.80,$1.75 / 100G,https://www.woolworths.com.au/shop/productdetails/113622/masterfoods-lemon-garlic-oregano-finely-chopped-seasoning,https://cdn0.woolworths.media/content/wowproductimages/medium/113622.jpg,2020-09-21 17:27:05,,0,,True
1d789b9c-2e3e-4c9d-a0a6-5aa322c572f2,Woolworths Supermarket,Pantry,Kellogg's Lcms Fairy Bread Snack Bars 12 pack,113654,$5.50,$2.29 / 100G,https://www.woolworths.com.au/shop/productdetails/113654/kellogg-s-lcms-fairy-bread-snack-bars,https://cdn0.woolworths.media/content/wowproductimages/medium/113654.jpg,2020-09-21 17:27:05,,0,,True
e310318c-176a-4d04-9ac4-f05840f0ab64,Woolworths Supermarket,Pantry,Table Of Plenty Panko Crumbs Deep South Cajun Blend 150g,113659,$4.50,$0.30 / 10G,https://www.woolworths.com.au/shop/productdetails/113659/table-of-plenty-panko-crumbs-deep-south-cajun-blend,https://cdn0.woolworths.media/content/wowproductimages/medium/113659.jpg,2020-09-21 17:27:05,,0,,True
bb2f673c-a2c4-4150-bafd-a77e2e291604,Woolworths Supermarket,Pantry,Snappy Rice Crackers Mixed 250g,113714,$2.60,$1.04 / 100G,https://www.woolworths.com.au/shop/productdetails/113714/snappy-rice-crackers-mixed,https://cdn0.woolworths.media/content/wowproductimages/medium/113714.jpg,2020-09-21 17:27:05,,0,,True
c752ebc3-31c6-441e-8f57-9a7d98b16ec5,Woolworths Supermarket,Pantry,Arnott's Shapes Chicken Crimpy 175g,384245,$2.50,$1.43 / 100G,https://www.woolworths.com.au/shop/productdetails/384245/arnott-s-shapes-chicken-crimpy,https://cdn0.woolworths.media/content/wowproductimages/medium/384245.jpg,2020-09-21 17:27:05,,0,,True
5faa0973-dd20-49de-9f2f-a8c1ad235ad5,Woolworths Supermarket,Pantry,Sunbites Grain Waves Sour Cream & Chives 170g,082361,$3.50,$2.06 / 100G,https://www.woolworths.com.au/shop/productdetails/82361/sunbites-grain-waves-sour-cream-chives,https://cdn0.woolworths.media/content/wowproductimages/medium/082361.jpg,2020-09-21 17:27:05,,0,,True
030e4997-8267-458f-83c8-61a84a0f4f1c,Woolworths Supermarket,Pantry,Indomie Mi Goreng Instant Noodles 5pk 425g,177972,$2.75,$0.65 / 100G,https://www.woolworths.com.au/shop/productdetails/177972/indomie-mi-goreng-instant-noodles,https://cdn0.woolworths.media/content/wowproductimages/medium/177972.jpg,2020-09-21 17:27:05,,0,,True
d436a04d-f4b5-4d4b-b594-f31aaa4d0f70,Woolworths Supermarket,Pantry,Woolworths Rolled Traditional Oats 750g,321220,$1.40,$0.19 / 100G,https://www.woolworths.com.au/shop/productdetails/321220/woolworths-rolled-traditional-oats,https://cdn0.woolworths.media/content/wowproductimages/medium/321220.jpg,2020-09-21 17:27:05,Average product rating out of 5: 4.6. Product score is based on 748 ratings,748,,True
faaeaa52-f80a-44c7-9dbf-40d9d5394502,Woolworths Supermarket,Pantry,Heinz Canned Soup Big Red Tomato 420g,034331,$2.20,$0.52 / 100G,https://www.woolworths.com.au/shop/productdetails/34331/heinz-canned-soup-big-red-tomato,https://cdn0.woolworths.media/content/wowproductimages/medium/034331.jpg,2020-09-21 17:27:05,,0,,True
09711660-eed2-48fe-9000-96e421eecbd2,Woolworths Supermarket,Pantry,Ardmona Tomatoes Diced No Added Salt 400g,226849,$1.40,$3.50 / 1KG,https://www.woolworths.com.au/shop/productdetails/226849/ardmona-tomatoes-diced-no-added-salt,https://cdn0.woolworths.media/content/wowproductimages/medium/226849.jpg,2020-09-21 17:27:05,,0,,True
daeb6b56-c4e6-4208-8c9c-7650da4fe240,Woolworths Supermarket,Pantry,Essentials Pasta Penne 500g,188800,$0.80,$0.16 / 100G,https://www.woolworths.com.au/shop/productdetails/188800/essentials-pasta-penne,https://cdn0.woolworths.media/content/wowproductimages/medium/188800.jpg,2020-09-21 17:27:05,,0,,True
fe546193-d4b8-4fbc-8875-5f575937b54e,Woolworths Supermarket,Pantry,Arnott's Monte Carlo 250g,036031,$3.00,$1.20 / 100G,https://www.woolworths.com.au/shop/productdetails/36031/arnott-s-monte-carlo,https://cdn0.woolworths.media/content/wowproductimages/medium/036031.jpg,2020-09-21 17:27:05,,0,,True
b6f67b75-7b34-442d-8382-c8d0e64c945c,Woolworths Supermarket,Pantry,Mckenzie's Rice Flour 375g,094275,$1.50,$4.00 / 1KG,https://www.woolworths.com.au/shop/productdetails/94275/mckenzie-s-rice-flour,https://cdn0.woolworths.media/content/wowproductimages/medium/094275.jpg,2020-09-21 17:27:05,,0,,True
e85b13ed-155d-472f-a818-3dd055d49150,Woolworths Supermarket,Pantry,Cadbury Fry's Turkish Delight 55g bar,098390,$1.00,$1.82 / 100G,https://www.woolworths.com.au/shop/productdetails/98390/cadbury-fry-s-turkish-delight,https://cdn0.woolworths.media/content/wowproductimages/medium/098390.jpg,2020-09-21 17:27:05,,0,,True
b1908a36-45e4-4a9c-a7e9-c643e6402481,Woolworths Supermarket,Pantry,Masterfoods Barbecue Sauce 500ml,099696,$2.50,$0.50 / 100ML,https://www.woolworths.com.au/shop/productdetails/99696/masterfoods-barbecue-sauce,https://cdn0.woolworths.media/content/wowproductimages/medium/099696.jpg,2020-09-21 17:27:05,,0,,True
bef275b3-1f6e-4392-bb3d-798511a5da7c,Woolworths Supermarket,Pantry,Mckenzie's Himalayan Salt Rock Pink 400g,749926,$5.95,$0.15 / 10G,https://www.woolworths.com.au/shop/productdetails/749926/mckenzie-s-himalayan-salt-rock-pink,https://cdn0.woolworths.media/content/wowproductimages/medium/749926.jpg,2020-09-21 17:27:05,,0,,True
4af552b1-7ff3-4e90-bf29-c9ddf3e19935,Woolworths Supermarket,Pantry,Continental Cup A Soup Creamy Chicken With Lots Of Noodles 2 pack,026649,$2.00,$3.33 / 100G,https://www.woolworths.com.au/shop/productdetails/26649/continental-cup-a-soup-creamy-chicken-with-lots-of-noodles,https://cdn0.woolworths.media/content/wowproductimages/medium/026649.jpg,2020-09-21 17:27:05,,0,,True
a85d06ec-9378-4b8b-85f8-3c3b33fa48b9,Woolworths Supermarket,Pantry,Macro Organic Quinoa Tri Colour 500g,717631,$7.00,$1.40 / 100G,https://www.woolworths.com.au/shop/productdetails/717631/macro-organic-quinoa-tri-colour,https://cdn0.woolworths.media/content/wowproductimages/medium/717631.jpg,2020-09-21 17:27:05,Average product rating out of 5: 4.6. Product score is based on 274 ratings,274,Was $9.99 09/01/2017,True
4a71e131-44f3-4ff4-b463-bdcc51e87f48,Woolworths Supermarket,Pantry,Ritz Crackers Original 300g,660562,$2.50,$0.83 / 100G,https://www.woolworths.com.au/shop/productdetails/660562/ritz-crackers-original,https://cdn0.woolworths.media/content/wowproductimages/medium/660562.jpg,2020-09-21 17:27:05,,0,,True
afc65ad6-5c35-4a17-ae0f-ed6260a2efcd,Woolworths Supermarket,Pantry,Woolworths Diced Italian Tomatoes No Added Salt 400g,770320,$0.80,$2.00 / 1KG,https://www.woolworths.com.au/shop/productdetails/770320/woolworths-diced-italian-tomatoes-no-added-salt,https://cdn0.woolworths.media/content/wowproductimages/medium/770320.jpg,2020-09-21 17:27:05,Average product rating out of 5: 4.7. Product score is based on 311 ratings,311,,True
51a03000-de7e-4c34-a134-ae4a60dd2af0,Woolworths Supermarket,Pantry,Essentials Raw Sugar 2kg,018174,$2.10,$0.11 / 100G,https://www.woolworths.com.au/shop/productdetails/18174/essentials-raw-sugar,https://cdn0.woolworths.media/content/wowproductimages/medium/018174.jpg,2020-09-21 17:27:05,,0,,True
894dc6b1-1dfb-47f4-a423-89a571a46204,Woolworths Supermarket,Pantry,Fantastic Rice Crackers Original 100g,035231,$1.50,$1.50 / 100G,https://www.woolworths.com.au/shop/productdetails/35231/fantastic-rice-crackers-original,https://cdn0.woolworths.media/content/wowproductimages/medium/035231.jpg,2020-09-21 17:27:05,,0,,True
6db19e13-2135-4ec0-99fc-651f5a3dec13,Woolworths Supermarket,Pantry,Cadbury Dairy Milk Chocolate Fair Trade 350g,757883,$5.00,$1.43 / 100G,https://www.woolworths.com.au/shop/productdetails/757883/cadbury-dairy-milk-chocolate-fair-trade,https://cdn0.woolworths.media/content/wowproductimages/medium/757883.jpg,2020-09-21 17:27:05,,0,Was $6.30 16/01/2017,True
8e6a6293-c07b-4b69-ae9f-a6962785db48,Woolworths Supermarket,Pantry,Sunbites Grain Waves Sour Cream & Chives 5 pack,720220,$3.10,$2.82 / 100G,https://www.woolworths.com.au/shop/productdetails/720220/sunbites-grain-waves-sour-cream-chives,https://cdn0.woolworths.media/content/wowproductimages/medium/720220.jpg,2020-09-21 17:27:05,,0,2 for $5.00,True
8283a50b-cd56-4ec7-9fbf-87ecbe14757f,Woolworths Supermarket,Pantry,Heinz Classic Canned Soup Italian Minestrone 535g,113792,$2.50,$0.47 / 100G,https://www.woolworths.com.au/shop/productdetails/113792/heinz-classic-canned-soup-italian-minestrone,https://cdn0.woolworths.media/content/wowproductimages/medium/113792.jpg,2020-09-21 17:27:05,,0,Was $3.59 17/04/2017,True
2af02db3-70ab-47de-9a6b-647d1e08477f,Woolworths Supermarket,Pantry,Real Foods Corn Thins Sesame 150g,113797,$2.00,$1.33 / 100G,https://www.woolworths.com.au/shop/productdetails/113797/real-foods-corn-thins-sesame,https://cdn0.woolworths.media/content/wowproductimages/medium/113797.jpg,2020-09-21 17:27:05,,0,,True
dc19404e-75df-4ee3-9188-0993b06c62c4,Woolworths Supermarket,Pantry,Doritos Salsa Mild 300g,113816,$2.50,$0.83 / 100G,https://www.woolworths.com.au/shop/productdetails/113816/doritos-salsa-mild,https://cdn0.woolworths.media/content/wowproductimages/medium/113816.jpg,2020-09-21 17:27:05,,0,Was $2.99 21/05/2018,True
f8e153b7-2a7a-4566-b2ad-b835911f7cbb,Woolworths Supermarket,Pantry,Doritos Salsa Medium 300g,113817,$2.50,$0.83 / 100G,https://www.woolworths.com.au/shop/productdetails/113817/doritos-salsa-medium,https://cdn0.woolworths.media/content/wowproductimages/medium/113817.jpg,2020-09-21 17:27:05,,0,Was $2.99 21/05/2018,True
d9fa9c07-d3bd-453b-a657-b6be6031f7cd,Woolworths Supermarket,Pantry,Heinz Canned Soup Big Red Tomato 820g,113847,$3.69,$0.45 / 100G,https://www.woolworths.com.au/shop/productdetails/113847/heinz-canned-soup-big-red-tomato,https://cdn0.woolworths.media/content/wowproductimages/medium/113847.jpg,2020-09-21 17:27:05,,0,,True
40baeadd-b8b7-4409-8fc4-f91c9b844e51,Woolworths Supermarket,Pantry,Poppin Microwave Popcorn Lite Butter Flavour 85g,113891,$1.75,$2.06 / 100G,https://www.woolworths.com.au/shop/productdetails/113891/poppin-microwave-popcorn-lite-butter-flavour,https://cdn0.woolworths.media/content/wowproductimages/medium/113891.jpg,2020-09-21 17:27:05,,0,,True
49150333-d9d6-4b00-9367-c7f626eef4ae,Woolworths Supermarket,Pantry,Kellogg's Lcms Caramel Popcorn Snack Bars 6 pack,113935,$3.00,$2.78 / 100G,https://www.woolworths.com.au/shop/productdetails/113935/kellogg-s-lcms-caramel-popcorn-snack-bars,https://cdn0.woolworths.media/content/wowproductimages/medium/113935.jpg,2020-09-21 17:27:05,,0,,True
d3d53e38-23c1-4892-ab56-c0bb76af835e,Woolworths Supermarket,Pantry,Infuzions Prawn Crackers Bbq Rib Flavour 100g,113942,$3.50,$3.50 / 100G,https://www.woolworths.com.au/shop/productdetails/113942/infuzions-prawn-crackers-bbq-rib-flavour,https://cdn0.woolworths.media/content/wowproductimages/medium/113942.jpg,2020-09-21 17:27:05,,0,,True
38c08ec1-306e-4dc6-b1a6-0ccbb46c58c4,Woolworths Supermarket,Pantry,Masterfoods Smoked & Charred Texan Style Rub 50g,113949,$4.50,$0.90 / 10G,https://www.woolworths.com.au/shop/productdetails/113949/masterfoods-smoked-charred-texan-style-rub,https://cdn0.woolworths.media/content/wowproductimages/medium/113949.jpg,2020-09-21 17:27:05,,0,,True
55fed45e-296a-4b89-a1da-fb347786a3c7,Woolworths Supermarket,Pantry,Nature Valley Sweet & Salty Nut Roasted Peanut Bars 4 pack,113950,$4.00,,https://www.woolworths.com.au/shop/productdetails/113950/nature-valley-sweet-salty-nut-roasted-peanut-bars,https://cdn0.woolworths.media/content/wowproductimages/medium/113950.jpg,2020-09-21 17:27:05,,0,,True
4939116f-feb3-463f-ae42-7e4582d2765f,Woolworths Supermarket,Pantry,Trident Laksa Flavour Thai Noodle Soup 50g,114000,$1.10,$2.20 / 100G,https://www.woolworths.com.au/shop/productdetails/114000/trident-laksa-flavour-thai-noodle-soup,https://cdn0.woolworths.media/content/wowproductimages/medium/114000.jpg,2020-09-21 17:27:05,,0,,True
a68e8b39-2fe3-4354-8767-0f71d482b885,Woolworths Supermarket,Pantry,Nice & Natural Probiotic Oat Bars Cranberries & Coconut 5 pack,114153,$3.60,$2.06 / 100G,https://www.woolworths.com.au/shop/productdetails/114153/nice-natural-probiotic-oat-bars-cranberries-coconut,https://cdn0.woolworths.media/content/wowproductimages/medium/114153.jpg,2020-09-21 17:27:05,,0,,True
443d630d-44ec-40de-8f6e-6e0f4c5d6123,Woolworths Supermarket,Pantry,Edgell Corn Kernels 125g,114170,$1.05,$8.40 / 1KG,https://www.woolworths.com.au/shop/productdetails/114170/edgell-corn-kernels,https://cdn0.woolworths.media/content/wowproductimages/medium/114170.jpg,2020-09-21 17:27:05,,0,,True
d14bf843-e74a-42a1-8605-719c5f7ff402,Woolworths Supermarket,Pantry,Masterfoods Smoked & Charred Alabama Style Rub 52g,114235,$4.50,$0.87 / 10G,https://www.woolworths.com.au/shop/productdetails/114235/masterfoods-smoked-charred-alabama-style-rub,https://cdn0.woolworths.media/content/wowproductimages/medium/114235.jpg,2020-09-21 17:27:05,,0,,True
dd4f95d1-252e-48a4-b86f-3b686cb90d91,Woolworths Supermarket,Pantry,Table Of Plenty Panko Crumbs Italian Herb Blend 150g,114286,$4.50,$0.30 / 10G,https://www.woolworths.com.au/shop/productdetails/114286/table-of-plenty-panko-crumbs-italian-herb-blend,https://cdn0.woolworths.media/content/wowproductimages/medium/114286.jpg,2020-09-21 17:27:05,,0,,True
cc3df15b-38eb-4ea0-8e98-5557a4e5249d,Woolworths Supermarket,Pantry,Kellogg's Lcms Variety Bars 15 pack,114287,$7.00,$2.12 / 100G,https://www.woolworths.com.au/shop/productdetails/114287/kellogg-s-lcms-variety-bars,https://cdn0.woolworths.media/content/wowproductimages/medium/114287.jpg,2020-09-21 17:27:05,,0,Was $8.00 25/08/2020,True
61212611-f581-451a-82e6-8c0ccc25a5ca,Woolworths Supermarket,Pantry,Nando's Peri Peri Bag & Bake Lemon & Herb Extra Mild 20g,114379,$3.50,$1.75 / 10G,https://www.woolworths.com.au/shop/productdetails/114379/nando-s-peri-peri-bag-bake-lemon-herb-extra-mild,https://cdn0.woolworths.media/content/wowproductimages/medium/114379.jpg,2020-09-21 17:27:05,,0,,True
30ffef6c-059f-4e6c-b97f-786c27ce6d72,Woolworths Supermarket,Pantry,Just Rooibos African Tea Bags 40 pack,114407,$6.00,$0.15 / 1EA,https://www.woolworths.com.au/shop/productdetails/114407/just-rooibos-african-tea-bags,https://cdn0.woolworths.media/content/wowproductimages/medium/114407.jpg,2020-09-21 17:27:05,,0,,True
b8ec5301-6a66-4dd7-8e53-e85c496abff4,Woolworths Supermarket,Pantry,Kellogg's Lcms Dino Bars 6 pack,114484,$3.00,$2.27 / 100G,https://www.woolworths.com.au/shop/productdetails/114484/kellogg-s-lcms-dino-bars,https://cdn0.woolworths.media/content/wowproductimages/medium/114484.jpg,2020-09-21 17:27:05,,0,,True
c8576ace-91ad-47e0-a3d1-2852d3e5b004,Woolworths Supermarket,Pantry,Nature Valley Sweet & Salty Nut Dark Chocolate Bars 4 pack,114599,$4.00,$3.33 / 100G,https://www.woolworths.com.au/shop/productdetails/114599/nature-valley-sweet-salty-nut-dark-chocolate-bars,https://cdn0.woolworths.media/content/wowproductimages/medium/114599.jpg,2020-09-21 17:27:05,,0,,True
bd3c0ca0-c9c3-49e3-bb0b-7a0e5fcbf3ba,Woolworths Supermarket,Pantry,Lindt Lindor Milk Chocolate Balls 333g,114682,$12.00,$3.60 / 100G,https://www.woolworths.com.au/shop/productdetails/114682/lindt-lindor-milk-chocolate-balls,https://cdn0.woolworths.media/content/wowproductimages/medium/114682.jpg,2020-09-21 17:27:05,,0,,True
1ec812a0-3513-4d39-acb2-771f6c9880c4,Woolworths Supermarket,Pantry,Lindt Lindor Assorted Chocolate Balls 333g,114683,$12.00,$3.60 / 100G,https://www.woolworths.com.au/shop/productdetails/114683/lindt-lindor-assorted-chocolate-balls,https://cdn0.woolworths.media/content/wowproductimages/medium/114683.jpg,2020-09-21 17:27:05,,0,,True
2ab726fc-9735-4577-8631-ce1cac614c93,Woolworths Supermarket,Pantry,Leggos Tomato Paste Sachet 4x50g,115012,$2.30,$1.15 / 100G,https://www.woolworths.com.au/shop/productdetails/115012/leggos-tomato-paste-sachet,https://cdn0.woolworths.media/content/wowproductimages/medium/115012.jpg,2020-09-21 17:27:05,,0,,True
65f5b9cb-cdb9-4455-8408-37d3301cd72f,Woolworths Supermarket,Pantry,Leggos Tomato Paste No Added Salt Sachets 200g,115013,$2.30,$1.15 / 100G,https://www.woolworths.com.au/shop/productdetails/115013/leggos-tomato-paste-no-added-salt-sachets,https://cdn0.woolworths.media/content/wowproductimages/medium/115013.jpg,2020-09-21 17:27:05,,0,,True
d8a7cbb8-0f07-4932-b98b-49c8521bb4c3,Woolworths Supermarket,Pantry,Masterfoods Barbecue Sauce 500ml,099696,$2.50,$0.50 / 100ML,https://www.woolworths.com.au/shop/productdetails/99696/masterfoods-barbecue-sauce,https://cdn0.woolworths.media/content/wowproductimages/medium/099696.jpg,2020-09-21 17:27:05,,0,,True
f3086381-1b61-469b-a07f-00d738a77247,Woolworths Supermarket,Pantry,Doritos Share Pack Cheese Supreme 170g,826731,$2.75,$1.62 / 100G,https://www.woolworths.com.au/shop/productdetails/826731/doritos-share-pack-cheese-supreme,https://cdn0.woolworths.media/content/wowproductimages/medium/826731.jpg,2020-09-21 17:27:05,,0,,True
e0a3e238-bf25-44d9-b3dc-e695e5e7ee7e,Woolworths Supermarket,Pantry,Arnott's Shortbread 250g,008838,$2.50,$1.00 / 100G,https://www.woolworths.com.au/shop/productdetails/8838/arnott-s-shortbread,https://cdn0.woolworths.media/content/wowproductimages/medium/008838.jpg,2020-09-21 17:27:05,,0,,True
ef9a9261-11e1-4ed9-808f-f3e596abc95f,Woolworths Supermarket,Pantry,Twisties Cheese Chips 90g,081659,$2.00,$2.22 / 100G,https://www.woolworths.com.au/shop/productdetails/81659/twisties-cheese-chips,https://cdn0.woolworths.media/content/wowproductimages/medium/081659.jpg,2020-09-21 17:27:05,,0,,True
6b962592-a20b-400e-ba78-2baa4a5560bf,Woolworths Supermarket,Pantry,Bertolli Extra Virgin Olive Oil Originale 750ml,502951,$6.50,$0.87 / 100ML,https://www.woolworths.com.au/shop/productdetails/502951/bertolli-extra-virgin-olive-oil-originale,https://cdn0.woolworths.media/content/wowproductimages/medium/502951.jpg,2020-09-21 17:27:05,,0,,True
6f190be5-8b58-4f9e-a797-ca940d6a4af3,Woolworths Supermarket,Pantry,Valcom Canned Bamboo Shoots Sliced 225g,097730,$1.10,$4.89 / 1KG,https://www.woolworths.com.au/shop/productdetails/97730/valcom-canned-bamboo-shoots-sliced,https://cdn0.woolworths.media/content/wowproductimages/medium/097730.jpg,2020-09-21 17:27:05,,0,,True
23dff1d9-09f1-48a6-b75d-44f8805a397e,Woolworths Supermarket,Pantry,Kellogg's Nutri-grain Protein Breakfast Cereal 290g,701706,$4.95,$1.71 / 100G,https://www.woolworths.com.au/shop/productdetails/701706/kellogg-s-nutri-grain-protein-breakfast-cereal,https://cdn0.woolworths.media/content/wowproductimages/medium/701706.jpg,2020-09-21 17:27:05,,0,,True
d08fbc96-9f65-46c0-ba9b-58d264b519ab,Woolworths Supermarket,Pantry,Arnott's Malt O' Milk 250g,036036,$2.50,$1.00 / 100G,https://www.woolworths.com.au/shop/productdetails/36036/arnott-s-malt-o-milk,https://cdn0.woolworths.media/content/wowproductimages/medium/036036.jpg,2020-09-21 17:27:05,,0,,True
0a9a63d8-33f6-4b70-a5c5-168404f4a4b2,Woolworths Supermarket,Pantry,Smith's Share Pack Crinkle Cut Salt & Vinegar 170g,826738,$2.75,$1.62 / 100G,https://www.woolworths.com.au/shop/productdetails/826738/smith-s-share-pack-crinkle-cut-salt-vinegar,https://cdn0.woolworths.media/content/wowproductimages/medium/826738.jpg,2020-09-21 17:27:05,,0,,True
2092743a-2f6b-476f-8d23-8c2f55dfb0ab,Woolworths Supermarket,Pantry,Arnott's Snack Right Sultana 250g,182697,$3.00,$1.20 / 100G,https://www.woolworths.com.au/shop/productdetails/182697/arnott-s-snack-right-sultana,https://cdn0.woolworths.media/content/wowproductimages/medium/182697.jpg,2020-09-21 17:27:05,,0,Was $4.20 11/02/2019,True
020377bf-8fa9-41e7-8f2d-661a9a4481a4,Woolworths Supermarket,Pantry,Toblerone Milk Chocolate Bar 50g,047011,$1.00,$2.00 / 100G,https://www.woolworths.com.au/shop/productdetails/47011/toblerone-milk-chocolate-bar,https://cdn0.woolworths.media/content/wowproductimages/medium/047011.jpg,2020-09-21 17:27:05,,0,,True
4132faa4-8334-44d4-9bf6-4bbbe6fb4aee,Woolworths Supermarket,Pantry,Kooka's Country Cookies Lemon 200g,347837,$2.00,$1.00 / 100G,https://www.woolworths.com.au/shop/productdetails/347837/kooka-s-country-cookies-lemon,https://cdn0.woolworths.media/content/wowproductimages/medium/347837.jpg,2020-09-21 17:27:05,,0,,True
9d750246-2242-4a8f-869f-421756c16314,Woolworths Supermarket,Pantry,Uncle Tobys Roll-ups Strawberry Fun Prints 6 pack,324231,$4.00,$4.26 / 100G,https://www.woolworths.com.au/shop/productdetails/324231/uncle-tobys-roll-ups-strawberry-fun-prints,https://cdn0.woolworths.media/content/wowproductimages/medium/324231.jpg,2020-09-21 17:27:05,,0,,True
8544392f-f018-4315-97ab-86af8ec2e058,Woolworths Supermarket,Pantry,Woolworths Corn Sweet Kernels 420g,218926,$1.00,$2.38 / 1KG,https://www.woolworths.com.au/shop/productdetails/218926/woolworths-corn-sweet-kernels,https://cdn0.woolworths.media/content/wowproductimages/medium/218926.jpg,2020-09-21 17:27:05,Average product rating out of 5: 4.1. Product score is based on 215 ratings,215,,True
a37c6127-66d1-4c72-9ab0-1a6a06206d9c,Woolworths Supermarket,Pantry,Moccona Freeze Dried Instant Coffee Classic Medium Roast 400g,208575,$24.00,$6.00 / 100G,https://www.woolworths.com.au/shop/productdetails/208575/moccona-freeze-dried-instant-coffee-classic-medium-roast,https://cdn0.woolworths.media/content/wowproductimages/medium/208575.jpg,2020-09-21 17:27:05,,0,,True
f11d84be-efa9-44e4-bd19-967fa2341ab7,Woolworths Supermarket,Pantry,Macro Organic Quinoa Tri Colour 500g,717631,$7.00,$1.40 / 100G,https://www.woolworths.com.au/shop/productdetails/717631/macro-organic-quinoa-tri-colour,https://cdn0.woolworths.media/content/wowproductimages/medium/717631.jpg,2020-09-21 17:27:05,Average product rating out of 5: 4.6. Product score is based on 274 ratings,274,Was $9.99 09/01/2017,True
4a37c3c6-0f89-416d-9065-e94c8de660ab,Woolworths Supermarket,Pantry,Arnott's Shapes Cheddar 175g,384244,$2.50,$1.43 / 100G,https://www.woolworths.com.au/shop/productdetails/384244/arnott-s-shapes-cheddar,https://cdn0.woolworths.media/content/wowproductimages/medium/384244.jpg,2020-09-21 17:27:05,,0,,True
68b343a4-6173-4178-8339-8f49850f30a3,Woolworths Supermarket,Pantry,Uncle Ben's Microwave Mexican Style Brown Rice 250g,727257,$3.00,$1.20 / 100G,https://www.woolworths.com.au/shop/productdetails/727257/uncle-ben-s-microwave-mexican-style-brown-rice,https://cdn0.woolworths.media/content/wowproductimages/medium/727257.jpg,2020-09-21 17:27:05,,0,,True
618866ad-1562-4fe0-9dfa-1c8a8241c1f4,Woolworths Supermarket,Pantry,Pringles Sour Cream And Onion Chips 134g,479502,$2.50,$1.87 / 100G,https://www.woolworths.com.au/shop/productdetails/479502/pringles-sour-cream-and-onion-chips,https://cdn0.woolworths.media/content/wowproductimages/medium/479502.jpg,2020-09-21 17:27:05,,0,,True
c8042f8e-e4c2-422a-ad2e-4fe555b43645,Woolworths Supermarket,Pantry,No Nasties Sugar Free-zies Frozen 2 Summer Fruity Flavours 60ml x15 pack,115099,$6.50,$0.72 / 100ML,https://www.woolworths.com.au/shop/productdetails/115099/no-nasties-sugar-free-zies-frozen-2-summer-fruity-flavours,https://cdn0.woolworths.media/content/wowproductimages/medium/115099.jpg,2020-09-21 17:27:05,,0,,True
696cd771-3968-402e-87c8-40784d6ae3fc,Woolworths Supermarket,Pantry,Masterfoods Onion Salt 178g,115148,$3.50,$0.20 / 10G,https://www.woolworths.com.au/shop/productdetails/115148/masterfoods-onion-salt,https://cdn0.woolworths.media/content/wowproductimages/medium/115148.jpg,2020-09-21 17:27:05,,0,,True
9d285b1c-1fb5-430d-ada4-5a06a08c6399,Woolworths Supermarket,Pantry,Queen Natural Vanilla Concentrated Extract 50ml,115233,$7.40,$1.48 / 10ML,https://www.woolworths.com.au/shop/productdetails/115233/queen-natural-vanilla-concentrated-extract,https://cdn0.woolworths.media/content/wowproductimages/medium/115233.jpg,2020-09-21 17:27:05,,0,,True
4857741d-546b-477b-9f66-69252b97a963,Woolworths Supermarket,Pantry,Essentials Icing Sugar Mixture 1kg,115632,$2.70,$0.27 / 100G,https://www.woolworths.com.au/shop/productdetails/115632/essentials-icing-sugar-mixture,https://cdn0.woolworths.media/content/wowproductimages/medium/115632.jpg,2020-09-21 17:27:05,Average product rating out of 5: 4.8. Product score is based on 586 ratings,586,,True
7db8b7db-ddc2-4363-a376-ff96916398fd,Woolworths Supermarket,Pantry,"Dolmio Express Pasta Sauce Tomato, Onion & Roast Garlic Pouch 170g",115657,$3.00,$1.76 / 100G,https://www.woolworths.com.au/shop/productdetails/115657/dolmio-express-pasta-sauce-tomato-onion-roast-garlic-pouch,https://cdn0.woolworths.media/content/wowproductimages/medium/115657.jpg,2020-09-21 17:27:05,,0,,True
45882a58-255a-4253-bb5f-b7569a5597b6,Woolworths Supermarket,Pantry,Murray River Organics 100% Organic Ultimate Mix 180g,115658,$6.00,$33.33 / 1KG,https://www.woolworths.com.au/shop/productdetails/115658/murray-river-organics-100-organic-ultimate-mix,https://cdn0.woolworths.media/content/wowproductimages/medium/115658.jpg,2020-09-21 17:27:05,,0,,True
5eedf55c-264e-436a-8ad9-b7a7b88f302c,Woolworths Supermarket,Pantry,Dolmio Express Pasta Sauce Pouch Tomato & Spicy Pepper 170g,115738,$3.00,$1.76 / 100G,https://www.woolworths.com.au/shop/productdetails/115738/dolmio-express-pasta-sauce-pouch-tomato-spicy-pepper,https://cdn0.woolworths.media/content/wowproductimages/medium/115738.jpg,2020-09-21 17:27:05,,0,,True
18bb4e1f-e24f-42e8-b8cd-52f15f6ea239,Woolworths Supermarket,Pantry,Nando's Peri Peri Bag & Bake Medium 20g,115752,$3.50,$1.75 / 10G,https://www.woolworths.com.au/shop/productdetails/115752/nando-s-peri-peri-bag-bake-medium,https://cdn0.woolworths.media/content/wowproductimages/medium/115752.jpg,2020-09-21 17:27:05,,0,,True
a958c09f-81f2-4f22-926f-e744b5996742,Woolworths Supermarket,Pantry,Tasti Peanut Butter Bars Value Pack 12 pack,116269,$5.00,$1.19 / 100G,https://www.woolworths.com.au/shop/productdetails/116269/tasti-peanut-butter-bars-value-pack,https://cdn0.woolworths.media/content/wowproductimages/medium/116269.jpg,2020-09-21 17:27:05,,0,Was $6.15 25/08/2020,True
13411246-28c4-4878-b304-011e45c493ea,Woolworths Supermarket,Pantry,Nice & Natural Probiotics Oat Bar Apricot & Pumpkin Seeds 5 pack,116284,$3.60,$2.06 / 100G,https://www.woolworths.com.au/shop/productdetails/116284/nice-natural-probiotics-oat-bar-apricot-pumpkin-seeds,https://cdn0.woolworths.media/content/wowproductimages/medium/116284.jpg,2020-09-21 17:27:05,,0,,True
b532ca6a-cd14-48c2-ac58-a129c2369b7f,Woolworths Supermarket,Pantry,"Nice & Natural Probiotic Oat Bars Peanut, Almonds & Vanilla 5 pack",116311,$3.60,$2.06 / 100G,https://www.woolworths.com.au/shop/productdetails/116311/nice-natural-probiotic-oat-bars-peanut-almonds-vanilla,https://cdn0.woolworths.media/content/wowproductimages/medium/116311.jpg,2020-09-21 17:27:05,,0,,True
d3b682bd-4cf6-4f80-9748-b9372250e827,Woolworths Supermarket,Pantry,Murray River Organics 100% Organic Deluxe Fruit Mix 180g,116423,$10.00,$55.56 / 1KG,https://www.woolworths.com.au/shop/productdetails/116423/murray-river-organics-100-organic-deluxe-fruit-mix,https://cdn0.woolworths.media/content/wowproductimages/medium/116423.jpg,2020-09-21 17:27:05,,0,,True
0d9340ba-148d-45d5-a273-a85bf725c0bd,Woolworths Supermarket,Pantry,Tasti Salted Caramel Bars Value Pack 12 pack,116427,$5.00,$1.19 / 100G,https://www.woolworths.com.au/shop/productdetails/116427/tasti-salted-caramel-bars-value-pack,https://cdn0.woolworths.media/content/wowproductimages/medium/116427.jpg,2020-09-21 17:27:05,,0,Was $6.15 25/08/2020,True
00f304ef-a025-4425-ae98-6f698b0d6ccf,Woolworths Supermarket,Pantry,Dolmio Express Pasta Sauce Tomato & Mozzarella Pouch 170g,116455,$3.00,$1.76 / 100G,https://www.woolworths.com.au/shop/productdetails/116455/dolmio-express-pasta-sauce-tomato-mozzarella-pouch,https://cdn0.woolworths.media/content/wowproductimages/medium/116455.jpg,2020-09-21 17:27:05,,0,,True
c54fed66-9fe7-4a03-8fce-de193f6ef268,Woolworths Supermarket,Pantry,Kellogg's Lcms Butter Flavoured Popcorn Snack Bars 6 pack,116552,$3.00,$2.78 / 100G,https://www.woolworths.com.au/shop/productdetails/116552/kellogg-s-lcms-butter-flavoured-popcorn-snack-bars,https://cdn0.woolworths.media/content/wowproductimages/medium/116552.jpg,2020-09-21 17:27:05,,0,,True
a06d91ee-d0d9-49a8-818e-34f7e28b089b,Woolworths Supermarket,Pantry,Angas Park Protein Boost Super Blend 200g,116553,$5.50,$27.50 / 1KG,https://www.woolworths.com.au/shop/productdetails/116553/angas-park-protein-boost-super-blend,https://cdn0.woolworths.media/content/wowproductimages/medium/116553.jpg,2020-09-21 17:27:05,,0,,True
9e8e7dde-06c7-4a99-bf9c-59a80aafa5a6,Woolworths Supermarket,Pantry,Tasti Protein & Probiotics With Matcha Mango & Coconut 5 pack,116568,$5.80,$3.31 / 100G,https://www.woolworths.com.au/shop/productdetails/116568/tasti-protein-probiotics-with-matcha-mango-coconut,https://cdn0.woolworths.media/content/wowproductimages/medium/116568.jpg,2020-09-21 17:27:05,,0,,True
1ee56c09-2c93-4133-918b-fbef1c4c6d2e,Woolworths Supermarket,Pantry,Weight Watchers Apple Crumble Bars 6 pack,116692,$3.50,$1.94 / 100G,https://www.woolworths.com.au/shop/productdetails/116692/weight-watchers-apple-crumble-bars,https://cdn0.woolworths.media/content/wowproductimages/medium/116692.jpg,2020-09-21 17:27:05,,0,,True
ca955e52-595d-4380-b633-5d811022bf66,Woolworths Supermarket,Pantry,Tasti Protein & Probiotics With Lsa Manuka Honey & Almond Bars 5 pack,116694,$5.80,$3.31 / 100G,https://www.woolworths.com.au/shop/productdetails/116694/tasti-protein-probiotics-with-lsa-manuka-honey-almond-bars,https://cdn0.woolworths.media/content/wowproductimages/medium/116694.jpg,2020-09-21 17:27:05,,0,,True
6deccca2-94e0-4c7d-8224-676ec17950d1,Woolworths Supermarket,Pantry,Kellogg's Crunchy Nut White Chocolate Bars 6 pack,116710,$5.00,$3.09 / 100G,https://www.woolworths.com.au/shop/productdetails/116710/kellogg-s-crunchy-nut-white-chocolate-bars,https://cdn0.woolworths.media/content/wowproductimages/medium/116710.jpg,2020-09-21 17:27:05,,0,,True
7e534754-2168-4d2d-b750-b1a1966786ad,Woolworths Supermarket,Pantry,Masterfoods Sweet Chilli Sauce Mild 500ml,116737,$2.50,$0.50 / 100ML,https://www.woolworths.com.au/shop/productdetails/116737/masterfoods-sweet-chilli-sauce-mild,https://cdn0.woolworths.media/content/wowproductimages/medium/116737.jpg,2020-09-21 17:27:05,,0,,True
2902e4a8-5f47-4ed5-84c2-31bed61b250e,Woolworths Supermarket,Pantry,Barkers Rich Chocolate Sauce 365g,116773,$5.00,$1.37 / 100G,https://www.woolworths.com.au/shop/productdetails/116773/barkers-rich-chocolate-sauce,https://cdn0.woolworths.media/content/wowproductimages/medium/116773.jpg,2020-09-21 17:27:05,,0,,True
d251ce10-4957-45ed-8bff-225938798063,Woolworths Supermarket,Pantry,Wokka Noodles Thin Egg Style Stir Fry 440g,116839,$2.70,$0.61 / 100G,https://www.woolworths.com.au/shop/productdetails/116839/wokka-noodles-thin-egg-style-stir-fry,https://cdn0.woolworths.media/content/wowproductimages/medium/116839.jpg,2020-09-21 17:27:05,,0,Was $3.05 13/11/2017,True
4d66172c-5dc1-4796-ad8f-309a32063ee6,Woolworths Supermarket,Pantry,No Nasties Sugar Free-zies Marvel's Avengers Fruity Sour Flavours 60ml x15 pack,116919,$6.50,$0.72 / 100ML,https://www.woolworths.com.au/shop/productdetails/116919/no-nasties-sugar-free-zies-marvel-s-avengers-fruity-sour-flavours,https://cdn0.woolworths.media/content/wowproductimages/medium/116919.jpg,2020-09-21 17:27:05,,0,,True
945d40ae-5b18-4412-9759-92c6bc316dfc,Woolworths Supermarket,Pantry,Arnott's Shapes Chicken Crimpy 175g,384245,$2.50,$1.43 / 100G,https://www.woolworths.com.au/shop/productdetails/384245/arnott-s-shapes-chicken-crimpy,https://cdn0.woolworths.media/content/wowproductimages/medium/384245.jpg,2020-09-21 17:27:05,,0,,True
8bb08522-2588-4a7a-a1cc-d6907d0fcd08,Woolworths Supermarket,Pantry,Fantastic Rice Crackers Original 100g,035231,$1.50,$1.50 / 100G,https://www.woolworths.com.au/shop/productdetails/35231/fantastic-rice-crackers-original,https://cdn0.woolworths.media/content/wowproductimages/medium/035231.jpg,2020-09-21 17:27:05,,0,,True
1541186d-655e-497e-b926-2bc3872ac691,Woolworths Supermarket,Pantry,Sunbites Grain Waves Sour Cream & Chives 170g,082361,$3.50,$2.06 / 100G,https://www.woolworths.com.au/shop/productdetails/82361/sunbites-grain-waves-sour-cream-chives,https://cdn0.woolworths.media/content/wowproductimages/medium/082361.jpg,2020-09-21 17:27:05,,0,,True
d3728f66-5446-49f8-a870-3a5f689fa426,Woolworths Supermarket,Pantry,Woolworths Diced Italian Tomatoes No Added Salt 400g,770320,$0.80,$2.00 / 1KG,https://www.woolworths.com.au/shop/productdetails/770320/woolworths-diced-italian-tomatoes-no-added-salt,https://cdn0.woolworths.media/content/wowproductimages/medium/770320.jpg,2020-09-21 17:27:05,Average product rating out of 5: 4.7. Product score is based on 311 ratings,311,,True
270e48d3-975e-4805-b83a-694b37887038,Woolworths Supermarket,Pantry,Ritz Crackers Original 300g,660562,$2.50,$0.83 / 100G,https://www.woolworths.com.au/shop/productdetails/660562/ritz-crackers-original,https://cdn0.woolworths.media/content/wowproductimages/medium/660562.jpg,2020-09-21 17:27:05,,0,,True
606323b1-0a40-4766-9d1e-4a3c914ce84b,Woolworths Supermarket,Pantry,Continental Cup A Soup Creamy Chicken With Lots Of Noodles 2 pack,026649,$2.00,$3.33 / 100G,https://www.woolworths.com.au/shop/productdetails/26649/continental-cup-a-soup-creamy-chicken-with-lots-of-noodles,https://cdn0.woolworths.media/content/wowproductimages/medium/026649.jpg,2020-09-21 17:27:05,,0,,True
3a37832a-3604-4cc6-929a-16cf4d01c9db,Woolworths Supermarket,Pantry,Heinz Canned Soup Big Red Tomato 420g,034331,$2.20,$0.52 / 100G,https://www.woolworths.com.au/shop/productdetails/34331/heinz-canned-soup-big-red-tomato,https://cdn0.woolworths.media/content/wowproductimages/medium/034331.jpg,2020-09-21 17:27:05,,0,,True
1b876cfb-8897-4348-83b0-5b3c5ce83924,Woolworths Supermarket,Pantry,Arnott's Monte Carlo 250g,036031,$3.00,$1.20 / 100G,https://www.woolworths.com.au/shop/productdetails/36031/arnott-s-monte-carlo,https://cdn0.woolworths.media/content/wowproductimages/medium/036031.jpg,2020-09-21 17:27:05,,0,,True
533377ae-a32b-438d-b78a-49d1899d2638,Woolworths Supermarket,Pantry,Ardmona Tomatoes Diced No Added Salt 400g,226849,$1.40,$3.50 / 1KG,https://www.woolworths.com.au/shop/productdetails/226849/ardmona-tomatoes-diced-no-added-salt,https://cdn0.woolworths.media/content/wowproductimages/medium/226849.jpg,2020-09-21 17:27:05,,0,,True
14cbbbc9-5a32-4366-920d-172ee4774394,Woolworths Supermarket,Pantry,Woolworths Rolled Traditional Oats 750g,321220,$1.40,$0.19 / 100G,https://www.woolworths.com.au/shop/productdetails/321220/woolworths-rolled-traditional-oats,https://cdn0.woolworths.media/content/wowproductimages/medium/321220.jpg,2020-09-21 17:27:05,Average product rating out of 5: 4.6. Product score is based on 748 ratings,748,,True
5684980f-dff2-4291-96f0-b75ad1abbe24,Woolworths Supermarket,Pantry,Cadbury Dairy Milk Chocolate Fair Trade 350g,757883,$5.00,$1.43 / 100G,https://www.woolworths.com.au/shop/productdetails/757883/cadbury-dairy-milk-chocolate-fair-trade,https://cdn0.woolworths.media/content/wowproductimages/medium/757883.jpg,2020-09-21 17:27:05,,0,Was $6.30 16/01/2017,True
75a1f389-33f0-48b9-8653-a9d36defd4b7,Woolworths Supermarket,Pantry,Macro Organic Quinoa Tri Colour 500g,717631,$7.00,$1.40 / 100G,https://www.woolworths.com.au/shop/productdetails/717631/macro-organic-quinoa-tri-colour,https://cdn0.woolworths.media/content/wowproductimages/medium/717631.jpg,2020-09-21 17:27:05,Average product rating out of 5: 4.6. Product score is based on 274 ratings,274,Was $9.99 09/01/2017,True
d73f6041-0399-4399-8539-6ccbdf676d5a,Woolworths Supermarket,Pantry,Masterfoods Barbecue Sauce 500ml,099696,$2.50,$0.50 / 100ML,https://www.woolworths.com.au/shop/productdetails/99696/masterfoods-barbecue-sauce,https://cdn0.woolworths.media/content/wowproductimages/medium/099696.jpg,2020-09-21 17:27:05,,0,,True
dce27b0a-bf42-4681-b985-04685a0312e5,Woolworths Supermarket,Pantry,Essentials Raw Sugar 2kg,018174,$2.10,$0.11 / 100G,https://www.woolworths.com.au/shop/productdetails/18174/essentials-raw-sugar,https://cdn0.woolworths.media/content/wowproductimages/medium/018174.jpg,2020-09-21 17:27:05,,0,,True
991bcd63-04b6-482b-80c1-276f73f1e65b,Woolworths Supermarket,Pantry,Cadbury Fry's Turkish Delight 55g bar,098390,$1.00,$1.82 / 100G,https://www.woolworths.com.au/shop/productdetails/98390/cadbury-fry-s-turkish-delight,https://cdn0.woolworths.media/content/wowproductimages/medium/098390.jpg,2020-09-21 17:27:05,,0,,True
8a0f3a63-c517-4bcc-9653-ba2a27c9fe33,Woolworths Supermarket,Pantry,Mckenzie's Himalayan Salt Rock Pink 400g,749926,$5.95,$0.15 / 10G,https://www.woolworths.com.au/shop/productdetails/749926/mckenzie-s-himalayan-salt-rock-pink,https://cdn0.woolworths.media/content/wowproductimages/medium/749926.jpg,2020-09-21 17:27:05,,0,,True
c5de09db-6053-4dec-8248-938eb6301047,Woolworths Supermarket,Pantry,Mckenzie's Rice Flour 375g,094275,$1.50,$4.00 / 1KG,https://www.woolworths.com.au/shop/productdetails/94275/mckenzie-s-rice-flour,https://cdn0.woolworths.media/content/wowproductimages/medium/094275.jpg,2020-09-21 17:27:05,,0,,True
9572f222-1b87-4355-a44e-7c8d1a13dac7,Woolworths Supermarket,Pantry,Indomie Mi Goreng Instant Noodles 5pk 425g,177972,$2.75,$0.65 / 100G,https://www.woolworths.com.au/shop/productdetails/177972/indomie-mi-goreng-instant-noodles,https://cdn0.woolworths.media/content/wowproductimages/medium/177972.jpg,2020-09-21 17:27:05,,0,,True
50899add-3972-42ea-ba58-cd59da2e7f1f,Woolworths Supermarket,Pantry,Essentials Pasta Penne 500g,188800,$0.80,$0.16 / 100G,https://www.woolworths.com.au/shop/productdetails/188800/essentials-pasta-penne,https://cdn0.woolworths.media/content/wowproductimages/medium/188800.jpg,2020-09-21 17:27:05,,0,,True
a8093c94-9d0c-4817-9187-646acffd561a,Woolworths Supermarket,Pantry,Sunbites Grain Waves Sour Cream & Chives 5 pack,720220,$3.10,$2.82 / 100G,https://www.woolworths.com.au/shop/productdetails/720220/sunbites-grain-waves-sour-cream-chives,https://cdn0.woolworths.media/content/wowproductimages/medium/720220.jpg,2020-09-21 17:27:05,,0,2 for $5.00,True
b69fa63b-a2c2-4fad-b5cc-453395de120f,Woolworths Supermarket,Pantry,Kez's Brownie Bar Protein Boost Choc Peppermint Crunch 45g,117086,$3.00,$6.67 / 100G,https://www.woolworths.com.au/shop/productdetails/117086/kez-s-brownie-bar-protein-boost-choc-peppermint-crunch,https://cdn0.woolworths.media/content/wowproductimages/medium/117086.jpg,2020-09-21 17:27:05,,0,,True
e8aab6fe-e9d2-4fe7-87d7-0b0597c464bf,Woolworths Supermarket,Pantry,Vegeta Chicken Stock Powder 200g,117241,$3.70,$0.19 / 10G,https://www.woolworths.com.au/shop/productdetails/117241/vegeta-chicken-stock-powder,https://cdn0.woolworths.media/content/wowproductimages/medium/117241.jpg,2020-09-21 17:27:05,,0,,True
8e60ebe9-2dd3-47ef-8b36-8b0e8cd44d63,Woolworths Supermarket,Pantry,Kez's Brownie Bar Protein Boost Fudgy Choc Crunch 45g,117301,$3.00,$6.67 / 100G,https://www.woolworths.com.au/shop/productdetails/117301/kez-s-brownie-bar-protein-boost-fudgy-choc-crunch,https://cdn0.woolworths.media/content/wowproductimages/medium/117301.jpg,2020-09-21 17:27:05,,0,,True
a9c57f38-179d-4da9-8101-44c205c86ce2,Woolworths Supermarket,Pantry,Masterfoods Ground Cardamom 35g,117307,$4.50,$1.29 / 10G,https://www.woolworths.com.au/shop/productdetails/117307/masterfoods-ground-cardamom,https://cdn0.woolworths.media/content/wowproductimages/medium/117307.jpg,2020-09-21 17:27:05,,0,,True
3e7f82ac-6ac9-455d-8cd9-f178a05e3ffc,Woolworths Supermarket,Pantry,Kez's Gluten Free Princetons Chocolate Cream 125g,117367,$7.00,$5.60 / 100G,https://www.woolworths.com.au/shop/productdetails/117367/kez-s-gluten-free-princetons-chocolate-cream,https://cdn0.woolworths.media/content/wowproductimages/medium/117367.jpg,2020-09-21 17:27:05,,0,,True
7973dd1e-cb89-43d2-938a-6e5785dde4ed,Woolworths Supermarket,Pantry,Allen's Sourz Snakes Alive 170g,117374,$2.00,$1.18 / 100G,https://www.woolworths.com.au/shop/productdetails/117374/allen-s-sourz-snakes-alive,https://cdn0.woolworths.media/content/wowproductimages/medium/117374.jpg,2020-09-21 17:27:05,,0,,True
1bfbedbf-ccfc-44f0-846e-8454e1f99a7f,Woolworths Supermarket,Pantry,Pana Mylk Chocolate 45g,117605,$6.00,$13.33 / 100G,https://www.woolworths.com.au/shop/productdetails/117605/pana-mylk-chocolate,https://cdn0.woolworths.media/content/wowproductimages/medium/117605.jpg,2020-09-21 17:27:05,,0,Was $7.00 24/05/2018,True
9aa7e7c8-78d5-43c8-8a9c-a7a33b4e6d7b,Woolworths Supermarket,Pantry,Kez's Brownie Bar All Natural Fudgy Chocolate 45g,117623,$3.00,$6.67 / 100G,https://www.woolworths.com.au/shop/productdetails/117623/kez-s-brownie-bar-all-natural-fudgy-chocolate,https://cdn0.woolworths.media/content/wowproductimages/medium/117623.jpg,2020-09-21 17:27:05,,0,,True
8555b9c0-caae-4fa7-bb50-f8b83c127b80,Woolworths Supermarket,Pantry,Ceres Organics Coconut Wafer Rolls Original 22 pack,117647,$4.50,$5.63 / 100G,https://www.woolworths.com.au/shop/productdetails/117647/ceres-organics-coconut-wafer-rolls-original,https://cdn0.woolworths.media/content/wowproductimages/medium/117647.jpg,2020-09-21 17:27:05,,0,,True
833203da-78fa-44d2-b67b-d98ca89c023c,Woolworths Supermarket,Pantry,Ceres Organics Coconut Wafer Rolls Espresso 22 pack,117677,$4.50,$5.63 / 100G,https://www.woolworths.com.au/shop/productdetails/117677/ceres-organics-coconut-wafer-rolls-espresso,https://cdn0.woolworths.media/content/wowproductimages/medium/117677.jpg,2020-09-21 17:27:05,,0,,True
46e6bc7a-8b53-4cac-9bee-af06d614b1ab,Woolworths Supermarket,Pantry,Lakanto Maple Flavoured Syrup 375ml,117686,$13.95,$3.72 / 100ML,https://www.woolworths.com.au/shop/productdetails/117686/lakanto-maple-flavoured-syrup,https://cdn0.woolworths.media/content/wowproductimages/medium/117686.jpg,2020-09-21 17:27:05,,0,,True
fbb23992-43c3-4bc6-a77e-d64492fc3c31,Woolworths Supermarket,Pantry,Steeves Maples Sugar Free Syrup 250ml,117805,$5.00,$2.00 / 100ML,https://www.woolworths.com.au/shop/productdetails/117805/steeves-maples-sugar-free-syrup,https://cdn0.woolworths.media/content/wowproductimages/medium/117805.jpg,2020-09-21 17:27:05,,0,,True
d7231877-378a-464c-841a-f579bfbe8eaa,Woolworths Supermarket,Pantry,Arnott's Tee Vee Snacks Malt Sticks 175g,117822,$2.00,$1.14 / 100G,https://www.woolworths.com.au/shop/productdetails/117822/arnott-s-tee-vee-snacks-malt-sticks,https://cdn0.woolworths.media/content/wowproductimages/medium/117822.jpg,2020-09-21 17:27:05,,0,,True
3952fe1d-0fed-434d-b64c-d6a3904e3465,Woolworths Supermarket,Pantry,Arnott's Tim Tam Chewy Caramel 175g,117833,$3.65,$2.09 / 100G,https://www.woolworths.com.au/shop/productdetails/117833/arnott-s-tim-tam-chewy-caramel,https://cdn0.woolworths.media/content/wowproductimages/medium/117833.jpg,2020-09-21 17:27:05,,0,,True
1c43ee53-b4cb-49f5-9fff-53066ae6657a,Woolworths Supermarket,Pantry,Saxa Black Whole Peppercorns 190g,118118,$6.00,$0.32 / 10G,https://www.woolworths.com.au/shop/productdetails/118118/saxa-black-whole-peppercorns,https://cdn0.woolworths.media/content/wowproductimages/medium/118118.jpg,2020-09-21 17:27:05,,0,,True
90ff71fa-dc3a-46a0-8ca6-2d20f5c406c3,Woolworths Supermarket,Pantry,Saxa Blended Whole Peppercorns 190g,118156,$6.00,$0.32 / 10G,https://www.woolworths.com.au/shop/productdetails/118156/saxa-blended-whole-peppercorns,https://cdn0.woolworths.media/content/wowproductimages/medium/118156.jpg,2020-09-21 17:27:05,,0,,True
e18238d7-0310-433e-83a4-53aef9398828,Woolworths Supermarket,Pantry,Masterfoods Sweet Plum Marinade 375g,118614,$2.50,$0.67 / 100G,https://www.woolworths.com.au/shop/productdetails/118614/masterfoods-sweet-plum-marinade,https://cdn0.woolworths.media/content/wowproductimages/medium/118614.jpg,2020-09-21 17:27:05,,0,Was $3.39 24/10/16,True
09720ebb-d7ce-426d-a15c-d2cc49231240,Woolworths Supermarket,Pantry,Sunrice Rice Cakes Original Rice Cakes 150g,121516,$2.00,$1.33 / 100G,https://www.woolworths.com.au/shop/productdetails/121516/sunrice-rice-cakes-original-rice-cakes,https://cdn0.woolworths.media/content/wowproductimages/medium/121516.jpg,2020-09-21 17:27:05,,0,,True
6f0cca07-fa22-430c-a44a-55b5b171b668,Woolworths Supermarket,Pantry,Pandaroo Vermicelli Bean Thread 250g,121530,$1.75,$0.70 / 100G,https://www.woolworths.com.au/shop/productdetails/121530/pandaroo-vermicelli-bean-thread,https://cdn0.woolworths.media/content/wowproductimages/medium/121530.jpg,2020-09-21 17:27:05,,0,,True
b5477c82-0ba2-4c18-949e-92e1d6c5444f,Woolworths Supermarket,Pantry,Pandaroo Ingredients Rice Paper Spring Roll 150g,121531,$2.15,$1.43 / 100G,https://www.woolworths.com.au/shop/productdetails/121531/pandaroo-ingredients-rice-paper-spring-roll,https://cdn0.woolworths.media/content/wowproductimages/medium/121531.jpg,2020-09-21 17:27:05,,0,,True
aee97f8f-a63a-4b7a-8e37-2e495a8c9277,Woolworths Supermarket,Pantry,Ingham's Coating Mix Seasoning Chicken 75g,122188,$1.05,$1.40 / 100G,https://www.woolworths.com.au/shop/productdetails/122188/ingham-s-coating-mix-seasoning-chicken,https://cdn0.woolworths.media/content/wowproductimages/medium/122188.jpg,2020-09-21 17:27:05,,0,,True
44011dfe-16b8-458e-bb86-3158bd049948,Woolworths Supermarket,Pantry,Nissin Noodles Instant Tonkotsu 100g,122361,$1.20,$1.20 / 100G,https://www.woolworths.com.au/shop/productdetails/122361/nissin-noodles-instant-tonkotsu,https://cdn0.woolworths.media/content/wowproductimages/medium/122361.jpg,2020-09-21 17:27:05,,0,,True
3b457b98-ac4f-4a64-a4ae-03b44a97203b,Woolworths Supermarket,Pantry,Pandaroo Thai Rice Noodles 200g,125623,$1.60,$0.80 / 100G,https://www.woolworths.com.au/shop/productdetails/125623/pandaroo-thai-rice-noodles,https://cdn0.woolworths.media/content/wowproductimages/medium/125623.jpg,2020-09-21 17:27:05,,0,,True
4f97a7f5-1874-4475-a5a6-31a78ae168a9,Woolworths Supermarket,Pantry,Lindt Lindor Chocolate Balls Assorted 235g box,126395,$12.00,$5.11 / 100G,https://www.woolworths.com.au/shop/productdetails/126395/lindt-lindor-chocolate-balls-assorted,https://cdn0.woolworths.media/content/wowproductimages/medium/126395.jpg,2020-09-21 17:27:05,,0,,True
946e9695-f539-4f0a-abd5-ff1c71c1822e,Woolworths Supermarket,Pantry,Arnott's Shapes Chicken Crimpy 175g,384245,$2.50,$1.43 / 100G,https://www.woolworths.com.au/shop/productdetails/384245/arnott-s-shapes-chicken-crimpy,https://cdn0.woolworths.media/content/wowproductimages/medium/384245.jpg,2020-09-21 17:27:05,,0,,True
90dec26e-1f15-4b30-92e8-a704dced2bca,Woolworths Supermarket,Pantry,Cadbury Dairy Milk Chocolate Fair Trade 350g,757883,$5.00,$1.43 / 100G,https://www.woolworths.com.au/shop/productdetails/757883/cadbury-dairy-milk-chocolate-fair-trade,https://cdn0.woolworths.media/content/wowproductimages/medium/757883.jpg,2020-09-21 17:27:05,,0,Was $6.30 16/01/2017,True
282e49ea-0a54-4c40-9f32-dc39d4f921ec,Woolworths Supermarket,Pantry,Indomie Mi Goreng Instant Noodles 5pk 425g,177972,$2.75,$0.65 / 100G,https://www.woolworths.com.au/shop/productdetails/177972/indomie-mi-goreng-instant-noodles,https://cdn0.woolworths.media/content/wowproductimages/medium/177972.jpg,2020-09-21 17:27:05,,0,,True
7eee14f7-1629-4a93-9d56-7000e73b8619,Woolworths Supermarket,Pantry,Fantastic Rice Crackers Original 100g,035231,$1.50,$1.50 / 100G,https://www.woolworths.com.au/shop/productdetails/35231/fantastic-rice-crackers-original,https://cdn0.woolworths.media/content/wowproductimages/medium/035231.jpg,2020-09-21 17:27:05,,0,,True
5c08947d-a497-49fe-892d-fffb70c28ece,Woolworths Supermarket,Pantry,Essentials Pasta Penne 500g,188800,$0.80,$0.16 / 100G,https://www.woolworths.com.au/shop/productdetails/188800/essentials-pasta-penne,https://cdn0.woolworths.media/content/wowproductimages/medium/188800.jpg,2020-09-21 17:27:05,,0,,True
fa215691-2acd-453d-8875-29c09b045e71,Woolworths Supermarket,Pantry,Mckenzie's Himalayan Salt Rock Pink 400g,749926,$5.95,$0.15 / 10G,https://www.woolworths.com.au/shop/productdetails/749926/mckenzie-s-himalayan-salt-rock-pink,https://cdn0.woolworths.media/content/wowproductimages/medium/749926.jpg,2020-09-21 17:27:05,,0,,True
b929f861-e58e-4aa1-a1dc-96319cf08fa7,Woolworths Supermarket,Pantry,Heinz Canned Soup Big Red Tomato 420g,034331,$2.20,$0.52 / 100G,https://www.woolworths.com.au/shop/productdetails/34331/heinz-canned-soup-big-red-tomato,https://cdn0.woolworths.media/content/wowproductimages/medium/034331.jpg,2020-09-21 17:27:05,,0,,True
0b9074f9-e358-4953-96d6-40c00122fcf3,Woolworths Supermarket,Pantry,Ritz Crackers Original 300g,660562,$2.50,$0.83 / 100G,https://www.woolworths.com.au/shop/productdetails/660562/ritz-crackers-original,https://cdn0.woolworths.media/content/wowproductimages/medium/660562.jpg,2020-09-21 17:27:05,,0,,True
a8f0981d-c247-4576-8a24-8ab215c45aaf,Woolworths Supermarket,Pantry,Woolworths Rolled Traditional Oats 750g,321220,$1.40,$0.19 / 100G,https://www.woolworths.com.au/shop/productdetails/321220/woolworths-rolled-traditional-oats,https://cdn0.woolworths.media/content/wowproductimages/medium/321220.jpg,2020-09-21 17:27:05,Average product rating out of 5: 4.6. Product score is based on 748 ratings,748,,True
88f16898-8a38-4ac9-a7ee-19d1ecf0fe26,Woolworths Supermarket,Pantry,Masterfoods Barbecue Sauce 500ml,099696,$2.50,$0.50 / 100ML,https://www.woolworths.com.au/shop/productdetails/99696/masterfoods-barbecue-sauce,https://cdn0.woolworths.media/content/wowproductimages/medium/099696.jpg,2020-09-21 17:27:05,,0,,True
46726628-0e0a-4cd7-9545-d9584bab1237,Woolworths Supermarket,Pantry,Macro Organic Quinoa Tri Colour 500g,717631,$7.00,$1.40 / 100G,https://www.woolworths.com.au/shop/productdetails/717631/macro-organic-quinoa-tri-colour,https://cdn0.woolworths.media/content/wowproductimages/medium/717631.jpg,2020-09-21 17:27:05,Average product rating out of 5: 4.6. Product score is based on 274 ratings,274,Was $9.99 09/01/2017,True
29faac1d-084f-4d6c-b0e6-96a9dbfde324,Woolworths Supermarket,Pantry,Woolworths Diced Italian Tomatoes No Added Salt 400g,770320,$0.80,$2.00 / 1KG,https://www.woolworths.com.au/shop/productdetails/770320/woolworths-diced-italian-tomatoes-no-added-salt,https://cdn0.woolworths.media/content/wowproductimages/medium/770320.jpg,2020-09-21 17:27:05,Average product rating out of 5: 4.7. Product score is based on 311 ratings,311,,True
f7316639-972d-45c4-b9a5-b83870f346ca,Woolworths Supermarket,Pantry,Cadbury Fry's Turkish Delight 55g bar,098390,$1.00,$1.82 / 100G,https://www.woolworths.com.au/shop/productdetails/98390/cadbury-fry-s-turkish-delight,https://cdn0.woolworths.media/content/wowproductimages/medium/098390.jpg,2020-09-21 17:27:05,,0,,True
53ba2c1f-245a-4967-815b-793c7e019167,Woolworths Supermarket,Pantry,Ardmona Tomatoes Diced No Added Salt 400g,226849,$1.40,$3.50 / 1KG,https://www.woolworths.com.au/shop/productdetails/226849/ardmona-tomatoes-diced-no-added-salt,https://cdn0.woolworths.media/content/wowproductimages/medium/226849.jpg,2020-09-21 17:27:05,,0,,True
0009b92b-7f14-4ea7-aadb-baabfc146392,Woolworths Supermarket,Pantry,Arnott's Monte Carlo 250g,036031,$3.00,$1.20 / 100G,https://www.woolworths.com.au/shop/productdetails/36031/arnott-s-monte-carlo,https://cdn0.woolworths.media/content/wowproductimages/medium/036031.jpg,2020-09-21 17:27:05,,0,,True
761f476a-bf98-419b-818e-6311f22080fb,Woolworths Supermarket,Pantry,Mckenzie's Rice Flour 375g,094275,$1.50,$4.00 / 1KG,https://www.woolworths.com.au/shop/productdetails/94275/mckenzie-s-rice-flour,https://cdn0.woolworths.media/content/wowproductimages/medium/094275.jpg,2020-09-21 17:27:05,,0,,True
29f25883-25f7-4dff-88d1-aaf490c6d185,Woolworths Supermarket,Pantry,Essentials Raw Sugar 2kg,018174,$2.10,$0.11 / 100G,https://www.woolworths.com.au/shop/productdetails/18174/essentials-raw-sugar,https://cdn0.woolworths.media/content/wowproductimages/medium/018174.jpg,2020-09-21 17:27:05,,0,,True
53dc4bf3-9cfe-4708-9e3d-6cd4b4f78aba,Woolworths Supermarket,Pantry,Continental Cup A Soup Creamy Chicken With Lots Of Noodles 2 pack,026649,$2.00,$3.33 / 100G,https://www.woolworths.com.au/shop/productdetails/26649/continental-cup-a-soup-creamy-chicken-with-lots-of-noodles,https://cdn0.woolworths.media/content/wowproductimages/medium/026649.jpg,2020-09-21 17:27:05,,0,,True
a9a87ae5-f032-457e-a98d-7644515b901c,Woolworths Supermarket,Pantry,Sunbites Grain Waves Sour Cream & Chives 170g,082361,$3.50,$2.06 / 100G,https://www.woolworths.com.au/shop/productdetails/82361/sunbites-grain-waves-sour-cream-chives,https://cdn0.woolworths.media/content/wowproductimages/medium/082361.jpg,2020-09-21 17:27:05,,0,,True
f094b4a5-5eea-4f34-bf9a-bbca9b06adf9,Woolworths Supermarket,Pantry,Sunbites Grain Waves Sour Cream & Chives 5 pack,720220,$3.10,$2.82 / 100G,https://www.woolworths.com.au/shop/productdetails/720220/sunbites-grain-waves-sour-cream-chives,https://cdn0.woolworths.media/content/wowproductimages/medium/720220.jpg,2020-09-21 17:27:05,,0,2 for $5.00,True
b2c1e3e9-45a9-40a5-879b-ec1a7be48060,Woolworths Supermarket,Pantry,Lindt Lindor Chocolate Balls Milk 150g box,126397,$14.00,$9.33 / 100G,https://www.woolworths.com.au/shop/productdetails/126397/lindt-lindor-chocolate-balls-milk,https://cdn0.woolworths.media/content/wowproductimages/medium/126397.jpg,2020-09-21 17:27:05,,0,,True
e7c1329c-3df8-4d36-b935-d75b5a0600f4,Woolworths Supermarket,Pantry,Lindt Lindor Chocolate Balls Assorted 150g box,126399,$14.00,$9.33 / 100G,https://www.woolworths.com.au/shop/productdetails/126399/lindt-lindor-chocolate-balls-assorted,https://cdn0.woolworths.media/content/wowproductimages/medium/126399.jpg,2020-09-21 17:27:05,,0,,True
83ecaae4-3d9e-4a04-aa19-8cb98328d74c,Woolworths Supermarket,Pantry,Praise Traditional Creamy Mayonnaise 365g,128898,$1.70,$0.47 / 100G,https://www.woolworths.com.au/shop/productdetails/128898/praise-traditional-creamy-mayonnaise,https://cdn0.woolworths.media/content/wowproductimages/medium/128898.jpg,2020-09-21 17:27:05,,0,,True
ab3015b4-a884-4e3d-abc0-b33b78e5456d,Woolworths Supermarket,Pantry,Woolworths Green Basil bunch,133621,$3.00,$3.00 / 1EA,https://www.woolworths.com.au/shop/productdetails/133621/woolworths-green-basil,https://cdn0.woolworths.media/content/wowproductimages/medium/133621.jpg,2020-09-21 17:27:05,,0,2 for $5.00,True
cd72a262-77c3-4c9b-8c14-05a8750b9658,Woolworths Supermarket,Pantry,Spam Turkey Oven Roasted 340g,135885,$5.50,$16.18 / 1KG,https://www.woolworths.com.au/shop/productdetails/135885/spam-turkey-oven-roasted,https://cdn0.woolworths.media/content/wowproductimages/medium/135885.jpg,2020-09-21 17:27:05,,0,,True
e29ab0a1-0346-4926-b060-720b9c0d2ca6,Woolworths Supermarket,Pantry,Wrigley's Extra White Peppermint Chewing Gum Sugar Free 4x10 Piece 56g,135903,$3.50,$6.25 / 100G,https://www.woolworths.com.au/shop/productdetails/135903/wrigley-s-extra-white-peppermint-chewing-gum-sugar-free-4x10-piece,https://cdn0.woolworths.media/content/wowproductimages/medium/135903.jpg,2020-09-21 17:27:05,,0,,True
a4b9a346-a263-4b31-960f-66c61b9cb1f6,Woolworths Supermarket,Pantry,John West Tempters Tuna Mild Indian Curry 95g,135984,$1.15,$12.11 / 1KG,https://www.woolworths.com.au/shop/productdetails/135984/john-west-tempters-tuna-mild-indian-curry,https://cdn0.woolworths.media/content/wowproductimages/medium/135984.jpg,2020-09-21 17:27:05,,0,,True
7294d14c-ff23-41c8-a53b-eb4fda3db015,Woolworths Supermarket,Pantry,Praise Traditional Mayonnaise Squeeze Bottle 490g,136644,$3.50,$0.71 / 100G,https://www.woolworths.com.au/shop/productdetails/136644/praise-traditional-mayonnaise-squeeze-bottle,https://cdn0.woolworths.media/content/wowproductimages/medium/136644.jpg,2020-09-21 17:27:05,,0,Was $4.20 17/07/2017,True
9895bfd9-24a1-42b7-8c41-efc951eb2a61,Woolworths Supermarket,Pantry,Praise 99% Fat Free Squeeze Mayonnaise 555g,136649,$3.50,$0.63 / 100G,https://www.woolworths.com.au/shop/productdetails/136649/praise-99-fat-free-squeeze-mayonnaise,https://cdn0.woolworths.media/content/wowproductimages/medium/136649.jpg,2020-09-21 17:27:05,,0,Was $4.20 17/07/2017,True
b950ed36-c03e-4022-844e-3c7773de1cfd,Woolworths Supermarket,Pantry,Woolworths Fresh Herb Coriander bunch,137091,$3.00,$3.00 / 1EA,https://www.woolworths.com.au/shop/productdetails/137091/woolworths-fresh-herb-coriander,https://cdn0.woolworths.media/content/wowproductimages/medium/137091.jpg,2020-09-21 17:27:05,,0,2 for $5.00,True
2a530098-bd3f-4528-90e4-bb76f686e532,Woolworths Supermarket,Pantry,Cottee's Instant Pudding Vanilla 100g,137364,$1.45,$1.45 / 100G,https://www.woolworths.com.au/shop/productdetails/137364/cottee-s-instant-pudding-vanilla,https://cdn0.woolworths.media/content/wowproductimages/medium/137364.jpg,2020-09-21 17:27:05,,0,,True
7a697c88-bfc6-4e82-94e3-3e86a846fa0f,Woolworths Supermarket,Pantry,Captain's Table Water Cracker 125g,140784,$1.50,$1.20 / 100G,https://www.woolworths.com.au/shop/productdetails/140784/captain-s-table-water-cracker,https://cdn0.woolworths.media/content/wowproductimages/medium/140784.jpg,2020-09-21 17:27:05,,0,,True
f19db7ad-a240-49d7-bfe4-6cfc8f7676d9,Woolworths Supermarket,Pantry,Captain's Table Cracker Cracked Pepper 125g,140786,$1.50,$1.20 / 100G,https://www.woolworths.com.au/shop/productdetails/140786/captain-s-table-cracker-cracked-pepper,https://cdn0.woolworths.media/content/wowproductimages/medium/140786.jpg,2020-09-21 17:27:05,,0,,True
d5808964-e0ac-4aba-92c5-6474eff56e6d,Woolworths Supermarket,Pantry,Masterfoods Mustard Mild American Squeeze 550g,141604,$4.15,$0.75 / 100G,https://www.woolworths.com.au/shop/productdetails/141604/masterfoods-mustard-mild-american-squeeze,https://cdn0.woolworths.media/content/wowproductimages/medium/141604.jpg,2020-09-21 17:27:05,,0,,True
510dd3d1-78b1-44ab-8adf-d208cf9e063a,Woolworths Supermarket,Pantry,Paradise Plain Rich Tea 200g,141864,$1.50,$0.75 / 100G,https://www.woolworths.com.au/shop/productdetails/141864/paradise-plain-rich-tea,https://cdn0.woolworths.media/content/wowproductimages/medium/141864.jpg,2020-09-21 17:27:05,,0,,True
94fe3c7b-2655-44c7-9122-efa57ca90dcb,Woolworths Supermarket,Pantry,Continental Flavoured Rice Chicken 120g,141917,$2.10,$1.75 / 100G,https://www.woolworths.com.au/shop/productdetails/141917/continental-flavoured-rice-chicken,https://cdn0.woolworths.media/content/wowproductimages/medium/141917.jpg,2020-09-21 17:27:05,,0,,True
567a11ca-9c8b-4c17-9532-5d453874a840,Woolworths Supermarket,Pantry,Saxa Pepper Grinder Four Seasons 35g,142080,$5.00,$1.43 / 10G,https://www.woolworths.com.au/shop/productdetails/142080/saxa-pepper-grinder-four-seasons,https://cdn0.woolworths.media/content/wowproductimages/medium/142080.jpg,2020-09-21 17:27:05,,0,,True
ade46def-bdd8-4bb0-95f9-f5bcd00a54cc,Woolworths Supermarket,Pantry,Saxa Natural Sea Salt Grinder 90g,142081,$5.00,$0.56 / 10G,https://www.woolworths.com.au/shop/productdetails/142081/saxa-natural-sea-salt-grinder,https://cdn0.woolworths.media/content/wowproductimages/medium/142081.jpg,2020-09-21 17:27:05,,0,,True
31ebb8f7-dcca-485c-b0de-8aa4d4eceac1,Woolworths Supermarket,Pantry,Masterfoods Squeezy Hot Chilli Sauce 250ml,142142,$2.70,$1.08 / 100ML,https://www.woolworths.com.au/shop/productdetails/142142/masterfoods-squeezy-hot-chilli-sauce,https://cdn0.woolworths.media/content/wowproductimages/medium/142142.jpg,2020-09-21 17:27:05,,0,,True
99943604-e8b8-4a63-b0f6-3ede7dd78481,Woolworths Supermarket,Pantry,Maille Hollandaise Cream Sauce With Lemon Juice 200ml,142145,$4.20,$2.10 / 100ML,https://www.woolworths.com.au/shop/productdetails/142145/maille-hollandaise-cream-sauce-with-lemon-juice,https://cdn0.woolworths.media/content/wowproductimages/medium/142145.jpg,2020-09-21 17:27:05,,0,,True
bd7fc205-f7eb-402e-bed3-958afde3f4b2,Woolworths Supermarket,Pantry,Queen Pure Maple Syrup 250ml,142574,$9.00,$3.60 / 100ML,https://www.woolworths.com.au/shop/productdetails/142574/queen-pure-maple-syrup,https://cdn0.woolworths.media/content/wowproductimages/medium/142574.jpg,2020-09-21 17:27:05,,0,,True
0956d15d-91f0-4a21-95cd-d57580dde72c,Woolworths Supermarket,Pantry,Cadbury Dream White Chocolate White Chocolate 50g bar,142709,$1.00,$2.00 / 100G,https://www.woolworths.com.au/shop/productdetails/142709/cadbury-dream-white-chocolate-white-chocolate,https://cdn0.woolworths.media/content/wowproductimages/medium/142709.jpg,2020-09-21 17:27:05,,0,,True
8c7734e0-4830-46d1-9647-84846dec9d54,Woolworths Supermarket,Pantry,Wrigley's Airwaves Menthol & Eucalyptus Chewing Gum Sugar Free 56g,142797,$3.50,$6.25 / 100G,https://www.woolworths.com.au/shop/productdetails/142797/wrigley-s-airwaves-menthol-eucalyptus-chewing-gum-sugar-free,https://cdn0.woolworths.media/content/wowproductimages/medium/142797.jpg,2020-09-21 17:27:05,,0,,True
0dd3c5ed-6899-4a6c-b2b7-bf0cbe5014fc,Woolworths Supermarket,Pantry,Continental Cup A Soup Asian Laksa 2 pack,142839,$2.00,$3.08 / 100G,https://www.woolworths.com.au/shop/productdetails/142839/continental-cup-a-soup-asian-laksa,https://cdn0.woolworths.media/content/wowproductimages/medium/142839.jpg,2020-09-21 17:27:05,,0,,True
fee343bc-55ef-4b5f-81f9-b083d1595707,Woolworths Supermarket,Pantry,Masterfoods Barbecue Sauce 500ml,099696,$2.50,$0.50 / 100ML,https://www.woolworths.com.au/shop/productdetails/99696/masterfoods-barbecue-sauce,https://cdn0.woolworths.media/content/wowproductimages/medium/099696.jpg,2020-09-21 17:27:05,,0,,True
8a26657e-ac15-411b-a904-b7e807ed168c,Woolworths Supermarket,Pantry,Doritos Share Pack Cheese Supreme 170g,826731,$2.75,$1.62 / 100G,https://www.woolworths.com.au/shop/productdetails/826731/doritos-share-pack-cheese-supreme,https://cdn0.woolworths.media/content/wowproductimages/medium/826731.jpg,2020-09-21 17:27:05,,0,,True
491325a8-1459-492e-bdc6-900026d8dac5,Woolworths Supermarket,Pantry,Arnott's Shortbread 250g,008838,$2.50,$1.00 / 100G,https://www.woolworths.com.au/shop/productdetails/8838/arnott-s-shortbread,https://cdn0.woolworths.media/content/wowproductimages/medium/008838.jpg,2020-09-21 17:27:05,,0,,True
36bd1a35-48bc-427b-b9bf-0e7d7a43c617,Woolworths Supermarket,Pantry,Twisties Cheese Chips 90g,081659,$2.00,$2.22 / 100G,https://www.woolworths.com.au/shop/productdetails/81659/twisties-cheese-chips,https://cdn0.woolworths.media/content/wowproductimages/medium/081659.jpg,2020-09-21 17:27:05,,0,,True
d14b4b83-1e27-4514-9d95-0c627bb66d9e,Woolworths Supermarket,Pantry,Bertolli Extra Virgin Olive Oil Originale 750ml,502951,$6.50,$0.87 / 100ML,https://www.woolworths.com.au/shop/productdetails/502951/bertolli-extra-virgin-olive-oil-originale,https://cdn0.woolworths.media/content/wowproductimages/medium/502951.jpg,2020-09-21 17:27:05,,0,,True
7b485406-1661-4d57-b8b9-b00b5db0f91d,Woolworths Supermarket,Pantry,Valcom Canned Bamboo Shoots Sliced 225g,097730,$1.10,$4.89 / 1KG,https://www.woolworths.com.au/shop/productdetails/97730/valcom-canned-bamboo-shoots-sliced,https://cdn0.woolworths.media/content/wowproductimages/medium/097730.jpg,2020-09-21 17:27:05,,0,,True
a7dbc448-5209-4b6f-b36d-eb15518c2789,Woolworths Supermarket,Pantry,Kellogg's Nutri-grain Protein Breakfast Cereal 290g,701706,$4.95,$1.71 / 100G,https://www.woolworths.com.au/shop/productdetails/701706/kellogg-s-nutri-grain-protein-breakfast-cereal,https://cdn0.woolworths.media/content/wowproductimages/medium/701706.jpg,2020-09-21 17:27:05,,0,,True
d90f5fd9-de49-45ac-ba24-c788d4a1ce85,Woolworths Supermarket,Pantry,Arnott's Malt O' Milk 250g,036036,$2.50,$1.00 / 100G,https://www.woolworths.com.au/shop/productdetails/36036/arnott-s-malt-o-milk,https://cdn0.woolworths.media/content/wowproductimages/medium/036036.jpg,2020-09-21 17:27:05,,0,,True
983f5ae8-ad97-4ed9-85fd-ff63e35a665c,Woolworths Supermarket,Pantry,Smith's Share Pack Crinkle Cut Salt & Vinegar 170g,826738,$2.75,$1.62 / 100G,https://www.woolworths.com.au/shop/productdetails/826738/smith-s-share-pack-crinkle-cut-salt-vinegar,https://cdn0.woolworths.media/content/wowproductimages/medium/826738.jpg,2020-09-21 17:27:05,,0,,True
36605908-a0cd-4587-8396-101e70cdb463,Woolworths Supermarket,Pantry,Arnott's Snack Right Sultana 250g,182697,$3.00,$1.20 / 100G,https://www.woolworths.com.au/shop/productdetails/182697/arnott-s-snack-right-sultana,https://cdn0.woolworths.media/content/wowproductimages/medium/182697.jpg,2020-09-21 17:27:05,,0,Was $4.20 11/02/2019,True
185162da-3032-4260-ad30-f49516ed210e,Woolworths Supermarket,Pantry,Toblerone Milk Chocolate Bar 50g,047011,$1.00,$2.00 / 100G,https://www.woolworths.com.au/shop/productdetails/47011/toblerone-milk-chocolate-bar,https://cdn0.woolworths.media/content/wowproductimages/medium/047011.jpg,2020-09-21 17:27:05,,0,,True
ded9b572-141c-45bd-85fa-9915c9d630b5,Woolworths Supermarket,Pantry,Kooka's Country Cookies Lemon 200g,347837,$2.00,$1.00 / 100G,https://www.woolworths.com.au/shop/productdetails/347837/kooka-s-country-cookies-lemon,https://cdn0.woolworths.media/content/wowproductimages/medium/347837.jpg,2020-09-21 17:27:05,,0,,True
90dc417b-8088-4199-bef8-202eb7ee4a0a,Woolworths Supermarket,Pantry,Uncle Tobys Roll-ups Strawberry Fun Prints 6 pack,324231,$4.00,$4.26 / 100G,https://www.woolworths.com.au/shop/productdetails/324231/uncle-tobys-roll-ups-strawberry-fun-prints,https://cdn0.woolworths.media/content/wowproductimages/medium/324231.jpg,2020-09-21 17:27:05,,0,,True
bf17f9a8-42b3-4499-ac6f-98027fdb24c1,Woolworths Supermarket,Pantry,Woolworths Corn Sweet Kernels 420g,218926,$1.00,$2.38 / 1KG,https://www.woolworths.com.au/shop/productdetails/218926/woolworths-corn-sweet-kernels,https://cdn0.woolworths.media/content/wowproductimages/medium/218926.jpg,2020-09-21 17:27:05,Average product rating out of 5: 4.1. Product score is based on 215 ratings,215,,True
c92eba14-52de-4e36-8caa-3bf94877d07d,Woolworths Supermarket,Pantry,Moccona Freeze Dried Instant Coffee Classic Medium Roast 400g,208575,$24.00,$6.00 / 100G,https://www.woolworths.com.au/shop/productdetails/208575/moccona-freeze-dried-instant-coffee-classic-medium-roast,https://cdn0.woolworths.media/content/wowproductimages/medium/208575.jpg,2020-09-21 17:27:05,,0,,True
855103ac-2917-4665-afe1-57e9c014b93c,Woolworths Supermarket,Pantry,Macro Organic Quinoa Tri Colour 500g,717631,$7.00,$1.40 / 100G,https://www.woolworths.com.au/shop/productdetails/717631/macro-organic-quinoa-tri-colour,https://cdn0.woolworths.media/content/wowproductimages/medium/717631.jpg,2020-09-21 17:27:05,Average product rating out of 5: 4.6. Product score is based on 274 ratings,274,Was $9.99 09/01/2017,True
a6391970-99ff-4900-86f8-07eaebd3608f,Woolworths Supermarket,Pantry,Arnott's Shapes Cheddar 175g,384244,$2.50,$1.43 / 100G,https://www.woolworths.com.au/shop/productdetails/384244/arnott-s-shapes-cheddar,https://cdn0.woolworths.media/content/wowproductimages/medium/384244.jpg,2020-09-21 17:27:05,,0,,True
d6093d4e-1d43-4beb-8675-aab09d59e48f,Woolworths Supermarket,Pantry,Uncle Ben's Microwave Mexican Style Brown Rice 250g,727257,$3.00,$1.20 / 100G,https://www.woolworths.com.au/shop/productdetails/727257/uncle-ben-s-microwave-mexican-style-brown-rice,https://cdn0.woolworths.media/content/wowproductimages/medium/727257.jpg,2020-09-21 17:27:05,,0,,True
0adda20e-21c1-4112-96ad-d2f2cb95f2eb,Woolworths Supermarket,Pantry,Pringles Sour Cream And Onion Chips 134g,479502,$2.50,$1.87 / 100G,https://www.woolworths.com.au/shop/productdetails/479502/pringles-sour-cream-and-onion-chips,https://cdn0.woolworths.media/content/wowproductimages/medium/479502.jpg,2020-09-21 17:27:05,,0,,True
bd897c63-faaf-465e-850c-a42a20321dc8,Woolworths Supermarket,Pantry,Mint Fresh Herb bunch,142948,$3.00,$3.00 / 1EA,https://www.woolworths.com.au/shop/productdetails/142948/mint-fresh-herb,https://cdn0.woolworths.media/content/wowproductimages/medium/142948.jpg,2020-09-21 17:27:05,,0,2 for $5.00,True
545662a2-3ec9-4533-8bea-90abe433a676,Woolworths Supermarket,Pantry,Campbell's Real Chicken Liquid Stock Salt Reduced 1l,144283,$3.00,$0.30 / 100ML,https://www.woolworths.com.au/shop/productdetails/144283/campbell-s-real-chicken-liquid-stock-salt-reduced,https://cdn0.woolworths.media/content/wowproductimages/medium/144283.jpg,2020-09-21 17:27:05,,0,,True
95c6cb70-1674-4f67-bf9c-e37dd6cce44a,Woolworths Supermarket,Pantry,Campbell's Country Ladle Canned Soup Beef & Vegetable 500g,144709,$3.50,$0.70 / 100G,https://www.woolworths.com.au/shop/productdetails/144709/campbell-s-country-ladle-canned-soup-beef-vegetable,https://cdn0.woolworths.media/content/wowproductimages/medium/144709.jpg,2020-09-21 17:27:05,,0,,True
7a4ab74a-afe0-4596-8809-6c75232fbc01,Woolworths Supermarket,Pantry,Woolworths Fresh Parsley bunch,144784,$3.00,$3.00 / 1EA,https://www.woolworths.com.au/shop/productdetails/144784/woolworths-fresh-parsley,https://cdn0.woolworths.media/content/wowproductimages/medium/144784.jpg,2020-09-21 17:27:05,,0,2 for $5.00,True
9bf2c949-1e6c-454b-a99b-f9391642a4df,Woolworths Supermarket,Pantry,Woolworths Parsley Continental Fresh Herb bunch,144785,$3.00,$3.00 / 1EA,https://www.woolworths.com.au/shop/productdetails/144785/woolworths-parsley-continental-fresh-herb,https://cdn0.woolworths.media/content/wowproductimages/medium/144785.jpg,2020-09-21 17:27:05,,0,2 for $5.00,True
47eed223-44b1-414a-b7ff-625d7705998d,Woolworths Supermarket,Pantry,Sirena Tuna In Springwater 95g,144821,$2.70,$28.42 / 1KG,https://www.woolworths.com.au/shop/productdetails/144821/sirena-tuna-in-springwater,https://cdn0.woolworths.media/content/wowproductimages/medium/144821.jpg,2020-09-21 17:27:05,,0,,True
a8bb9c37-4fc2-4790-b65a-c67449385ec5,Woolworths Supermarket,Pantry,Continental Value Pack Flavoured Rice Chicken 190g,145951,$3.00,$1.58 / 100G,https://www.woolworths.com.au/shop/productdetails/145951/continental-value-pack-flavoured-rice-chicken,https://cdn0.woolworths.media/content/wowproductimages/medium/145951.jpg,2020-09-21 17:27:05,,0,,True
0e0d9f93-0862-4370-a635-a7c6059c046f,Woolworths Supermarket,Pantry,Carman's Original Fruit Free Muesli 500g,146325,$6.00,$1.20 / 100G,https://www.woolworths.com.au/shop/productdetails/146325/carman-s-original-fruit-free-muesli,https://cdn0.woolworths.media/content/wowproductimages/medium/146325.jpg,2020-09-21 17:27:05,,0,,True
f9cca72a-2038-4928-bbd3-7a633ecb6f02,Woolworths Supermarket,Pantry,Carman's Classic Fruit & Nut Muesli 500g,146326,$6.00,$1.20 / 100G,https://www.woolworths.com.au/shop/productdetails/146326/carman-s-classic-fruit-nut-muesli,https://cdn0.woolworths.media/content/wowproductimages/medium/146326.jpg,2020-09-21 17:27:05,,0,,True
19014689-0b88-4951-a5d6-7b9212c03939,Woolworths Supermarket,Pantry,Carman's Natural Bircher Muesli 500g,146327,$6.00,$1.20 / 100G,https://www.woolworths.com.au/shop/productdetails/146327/carman-s-natural-bircher-muesli,https://cdn0.woolworths.media/content/wowproductimages/medium/146327.jpg,2020-09-21 17:27:05,,0,,True
7b8c8338-ebcb-4ebe-99cd-f64214d14f6c,Woolworths Supermarket,Pantry,Barilla Pasta Sauce Napoletana 400g,146359,$2.00,$0.50 / 100G,https://www.woolworths.com.au/shop/productdetails/146359/barilla-pasta-sauce-napoletana,https://cdn0.woolworths.media/content/wowproductimages/medium/146359.jpg,2020-09-21 17:27:05,,0,,True
2e904aa8-f98e-4dc7-8cbe-fe90331cec03,Woolworths Supermarket,Pantry,Caffe Aurora Ground Coffee Italian Style 2 pack,147188,$8.00,$1.60 / 100G,https://www.woolworths.com.au/shop/productdetails/147188/caffe-aurora-ground-coffee-italian-style,https://cdn0.woolworths.media/content/wowproductimages/medium/147188.jpg,2020-09-21 17:27:05,,0,Was $10.20 30/10/2017,True
750059a0-93a3-4bc6-ab8f-8f59f04430ca,Woolworths Supermarket,Pantry,Nutella Hazelnut Spread 400g,147312,$5.00,$1.25 / 100G,https://www.woolworths.com.au/shop/productdetails/147312/nutella-hazelnut-spread,https://cdn0.woolworths.media/content/wowproductimages/medium/147312.jpg,2020-09-21 17:27:05,,0,,True
0ea06825-2ceb-4779-b801-623f5b7a0c70,Woolworths Supermarket,Pantry,Nutella Hazelnut Spread 750g,147314,$8.75,$1.17 / 100G,https://www.woolworths.com.au/shop/productdetails/147314/nutella-hazelnut-spread,https://cdn0.woolworths.media/content/wowproductimages/medium/147314.jpg,2020-09-21 17:27:05,,0,,True
30126feb-e6d3-4285-9df7-6ea318bb809a,Woolworths Supermarket,Pantry,Patak's Cook To Eat Pappadums Plain Plain 100g,147567,$3.00,$3.00 / 100G,https://www.woolworths.com.au/shop/productdetails/147567/patak-s-cook-to-eat-pappadums-plain-plain,https://cdn0.woolworths.media/content/wowproductimages/medium/147567.jpg,2020-09-21 17:27:05,,0,,True
d9d4bd58-62ad-4da1-be67-54e31ef0a494,Woolworths Supermarket,Pantry,Nestle Coffee Mate Coffee Flavouring Hazelnut 10 pack,147697,$4.00,$2.67 / 100ML,https://www.woolworths.com.au/shop/productdetails/147697/nestle-coffee-mate-coffee-flavouring-hazelnut,https://cdn0.woolworths.media/content/wowproductimages/medium/147697.jpg,2020-09-21 17:27:05,,0,,True
c7cdac57-fba5-4521-8a19-fce1dd756755,Woolworths Supermarket,Pantry,Beechworth Pure Honey 500g,147757,$8.75,$1.75 / 100G,https://www.woolworths.com.au/shop/productdetails/147757/beechworth-pure-honey,https://cdn0.woolworths.media/content/wowproductimages/medium/147757.jpg,2020-09-21 17:27:05,,0,,True
215455a0-9bab-494c-a2c5-f243438845fe,Woolworths Supermarket,Pantry,Always Fresh Olives Spanish Stuffed 700g,147810,$4.30,$6.14 / 1KG,https://www.woolworths.com.au/shop/productdetails/147810/always-fresh-olives-spanish-stuffed,https://cdn0.woolworths.media/content/wowproductimages/medium/147810.jpg,2020-09-21 17:27:05,,0,,True
6162e859-73a6-46c9-a154-d4dc8cb78a7c,Woolworths Supermarket,Pantry,Three Threes Mightymite Spread 290g,148103,$3.15,$1.09 / 100G,https://www.woolworths.com.au/shop/productdetails/148103/three-threes-mightymite-spread,https://cdn0.woolworths.media/content/wowproductimages/medium/148103.jpg,2020-09-21 17:27:05,,0,,True
282d68ab-6414-4c8d-8e49-3449e5277441,Woolworths Supermarket,Pantry,Bushells Black Tea Extra Strong 100 pack,148131,$4.50,$0.05 / 1EA,https://www.woolworths.com.au/shop/productdetails/148131/bushells-black-tea-extra-strong,https://cdn0.woolworths.media/content/wowproductimages/medium/148131.jpg,2020-09-21 17:27:05,,0,Was $5.25 13/08/2018,True
96ad4d52-97b0-424d-837d-482815f890ac,Woolworths Supermarket,Pantry,Lee Kum Kee Soy Sauce 150ml,152363,$2.10,$1.40 / 100ML,https://www.woolworths.com.au/shop/productdetails/152363/lee-kum-kee-soy-sauce,https://cdn0.woolworths.media/content/wowproductimages/medium/152363.jpg,2020-09-21 17:27:05,,0,,True
a3d270a9-c787-4733-b0a9-10ed782310c6,Woolworths Supermarket,Pantry,Eatrite Rice Crackers Tamari Seaweed 100g,153158,$3.70,$3.70 / 100G,https://www.woolworths.com.au/shop/productdetails/153158/eatrite-rice-crackers-tamari-seaweed,https://cdn0.woolworths.media/content/wowproductimages/medium/153158.jpg,2020-09-21 17:27:05,Average product rating out of 5: 4.8. Product score is based on 16 ratings,16,,True
c680edb7-9a6e-458f-bff3-238ff4b79e21,Woolworths Supermarket,Pantry,Wokka Noodles Golden Hokkien Shelf Fresh 440g,153757,$2.70,$0.61 / 100G,https://www.woolworths.com.au/shop/productdetails/153757/wokka-noodles-golden-hokkien-shelf-fresh,https://cdn0.woolworths.media/content/wowproductimages/medium/153757.jpg,2020-09-21 17:27:05,,0,Was $3.05 13/11/2017,True
38f76e97-b90d-4cf4-8e84-b72367110e08,Woolworths Supermarket,Pantry,Tetley Decaffeinated Tea Bags 100 pack,156690,$6.00,$0.06 / 1EA,https://www.woolworths.com.au/shop/productdetails/156690/tetley-decaffeinated-tea-bags,https://cdn0.woolworths.media/content/wowproductimages/medium/156690.jpg,2020-09-21 17:27:05,,0,Was $8.00 30/07/2018,True
3a105368-53a6-44ff-9aba-48bbd7468d51,Woolworths Supermarket,Pantry,Sunbites Grain Waves Sour Cream & Chives 5 pack,720220,$3.10,$2.82 / 100G,https://www.woolworths.com.au/shop/productdetails/720220/sunbites-grain-waves-sour-cream-chives,https://cdn0.woolworths.media/content/wowproductimages/medium/720220.jpg,2020-09-21 17:27:05,,0,2 for $5.00,True
633e3cf4-d6f7-436e-ab33-208802ad2cbb,Woolworths Supermarket,Pantry,Ritz Crackers Original 300g,660562,$2.50,$0.83 / 100G,https://www.woolworths.com.au/shop/productdetails/660562/ritz-crackers-original,https://cdn0.woolworths.media/content/wowproductimages/medium/660562.jpg,2020-09-21 17:27:05,,0,,True
72c94fca-8e61-47ee-9544-a9c47ab3bbd6,Woolworths Supermarket,Pantry,Cobram Estate Extra Virgin Light Olive Oil 750ml,345955,$15.00,$2.00 / 100ML,https://www.woolworths.com.au/shop/productdetails/345955/cobram-estate-extra-virgin-light-olive-oil,https://cdn0.woolworths.media/content/wowproductimages/medium/345955.jpg,2020-09-21 17:27:05,,0,,True
423d2143-06d4-4813-9606-fddc2c193db2,Woolworths Supermarket,Pantry,Woolworths Diced Italian Tomatoes No Added Salt 400g,770320,$0.80,$2.00 / 1KG,https://www.woolworths.com.au/shop/productdetails/770320/woolworths-diced-italian-tomatoes-no-added-salt,https://cdn0.woolworths.media/content/wowproductimages/medium/770320.jpg,2020-09-21 17:27:05,Average product rating out of 5: 4.7. Product score is based on 311 ratings,311,,True
fc9b8d4e-c369-45c9-a7ae-d41a3248bdb3,Woolworths Supermarket,Pantry,Moccona Freeze Dried Instant Coffee Classic Medium Roast 400g,208575,$24.00,$6.00 / 100G,https://www.woolworths.com.au/shop/productdetails/208575/moccona-freeze-dried-instant-coffee-classic-medium-roast,https://cdn0.woolworths.media/content/wowproductimages/medium/208575.jpg,2020-09-21 17:27:05,,0,,True
b51de08c-df53-461e-8109-d97d0e2282c7,Woolworths Supermarket,Pantry,Queen Organic Vanilla Bean Paste 65g,225399,$11.80,$18.15 / 100G,https://www.woolworths.com.au/shop/productdetails/225399/queen-organic-vanilla-bean-paste,https://cdn0.woolworths.media/content/wowproductimages/medium/225399.jpg,2020-09-21 17:27:05,,0,,True
fe84efa3-4eaa-4591-aa00-8e71675272f1,Woolworths Supermarket,Pantry,Woolworths White Rice Long Grain 5kg,072779,$6.70,$0.13 / 100G,https://www.woolworths.com.au/shop/productdetails/72779/woolworths-white-rice-long-grain,https://cdn0.woolworths.media/content/wowproductimages/medium/072779.jpg,2020-09-21 17:27:05,Average product rating out of 5: 4.8. Product score is based on 14 ratings,14,,True
473ada1d-210d-4ccc-951a-a3fcdc60ff95,Woolworths Supermarket,Pantry,Macro Organic Quinoa Tri Colour 500g,717631,$7.00,$1.40 / 100G,https://www.woolworths.com.au/shop/productdetails/717631/macro-organic-quinoa-tri-colour,https://cdn0.woolworths.media/content/wowproductimages/medium/717631.jpg,2020-09-21 17:27:05,Average product rating out of 5: 4.6. Product score is based on 274 ratings,274,Was $9.99 09/01/2017,True
8900d966-1688-41d3-835b-54d6dd8fbcdf,Woolworths Supermarket,Pantry,Mckenzie's Himalayan Salt Rock Pink 400g,749926,$5.95,$0.15 / 10G,https://www.woolworths.com.au/shop/productdetails/749926/mckenzie-s-himalayan-salt-rock-pink,https://cdn0.woolworths.media/content/wowproductimages/medium/749926.jpg,2020-09-21 17:27:05,,0,,True
0a25d6d0-8228-42bb-9a72-b5bc426c9211,Woolworths Supermarket,Pantry,Arnott's Monte Carlo 250g,036031,$3.00,$1.20 / 100G,https://www.woolworths.com.au/shop/productdetails/36031/arnott-s-monte-carlo,https://cdn0.woolworths.media/content/wowproductimages/medium/036031.jpg,2020-09-21 17:27:05,,0,,True
954bb04c-f293-47a2-9d82-0d31d787014e,Woolworths Supermarket,Pantry,Woolworths Almond Meal 400g,610610,$7.50,$18.75 / 1KG,https://www.woolworths.com.au/shop/productdetails/610610/woolworths-almond-meal,https://cdn0.woolworths.media/content/wowproductimages/medium/610610.jpg,2020-09-21 17:27:05,Average product rating out of 5: 4.6. Product score is based on 326 ratings,326,Was $9.00 22/07/2020,True
5393eff9-9037-42e0-a908-6a94a2ced5a5,Woolworths Supermarket,Pantry,Sanitarium Weet-bix Breakfast Cereal 1.2kg,200695,$5.00,$0.42 / 100G,https://www.woolworths.com.au/shop/productdetails/200695/sanitarium-weet-bix-breakfast-cereal,https://cdn0.woolworths.media/content/wowproductimages/medium/200695.jpg,2020-09-21 17:27:05,,0,,True
8f232465-7391-409e-845a-edb153bb77d1,Woolworths Supermarket,Pantry,Beechworth Pure Honey 1.5kg,250371,$22.00,$1.47 / 100G,https://www.woolworths.com.au/shop/productdetails/250371/beechworth-pure-honey,https://cdn0.woolworths.media/content/wowproductimages/medium/250371.jpg,2020-09-21 17:27:05,,0,,True
c17e7945-4a1e-4494-8841-0fdb71c044ce,Woolworths Supermarket,Pantry,Cadbury Dairy Milk Chocolate Fair Trade 350g,757883,$5.00,$1.43 / 100G,https://www.woolworths.com.au/shop/productdetails/757883/cadbury-dairy-milk-chocolate-fair-trade,https://cdn0.woolworths.media/content/wowproductimages/medium/757883.jpg,2020-09-21 17:27:05,,0,Was $6.30 16/01/2017,True
9d6ce5c1-aa39-449b-8b56-e726e6059bf2,Woolworths Supermarket,Pantry,Continental Cup A Soup Creamy Chicken With Lots Of Noodles 2 pack,026649,$2.00,$3.33 / 100G,https://www.woolworths.com.au/shop/productdetails/26649/continental-cup-a-soup-creamy-chicken-with-lots-of-noodles,https://cdn0.woolworths.media/content/wowproductimages/medium/026649.jpg,2020-09-21 17:27:05,,0,,True
b6eebbc1-292d-4d27-aae9-aafc91e40ce0,Woolworths Supermarket,Pantry,Nescafe Blend 43 Soluble Instant Coffee 500g,035694,$20.00,$4.00 / 100G,https://www.woolworths.com.au/shop/productdetails/35694/nescafe-blend-43-soluble-instant-coffee,https://cdn0.woolworths.media/content/wowproductimages/medium/035694.jpg,2020-09-21 17:27:05,,0,,True
3198fe63-6ffa-4051-8b62-a1eecf6c12c6,Woolworths Supermarket,Pantry,Woolworths Walnuts Kernel 500g,749540,$11.00,$22.00 / 1KG,https://www.woolworths.com.au/shop/productdetails/749540/woolworths-walnuts-kernel,https://cdn0.woolworths.media/content/wowproductimages/medium/749540.jpg,2020-09-21 17:27:05,Average product rating out of 5: 4.8. Product score is based on 360 ratings,360,,True
36e0ea78-182b-4bb3-871e-895b4f9b7d6c,Woolworths Supermarket,Pantry,Bertolli Extra Virgin Olive Oil Originale 750ml,502951,$6.50,$0.87 / 100ML,https://www.woolworths.com.au/shop/productdetails/502951/bertolli-extra-virgin-olive-oil-originale,https://cdn0.woolworths.media/content/wowproductimages/medium/502951.jpg,2020-09-21 17:27:05,,0,,True
c676e627-cf67-4b3a-b864-580aaaee5f24,Woolworths Supermarket,Pantry,Vege Chips Chicken Style 100g,793382,$3.80,$3.80 / 100G,https://www.woolworths.com.au/shop/productdetails/793382/vege-chips-chicken-style,https://cdn0.woolworths.media/content/wowproductimages/medium/793382.jpg,2020-09-21 17:27:05,Average product rating out of 5: 4.7. Product score is based on 20 ratings,20,,True
2778a3a6-b707-456a-82da-867e46c6edb6,Woolworths Supermarket,Pantry,Woolworths Rolled Traditional Oats 750g,321220,$1.40,$0.19 / 100G,https://www.woolworths.com.au/shop/productdetails/321220/woolworths-rolled-traditional-oats,https://cdn0.woolworths.media/content/wowproductimages/medium/321220.jpg,2020-09-21 17:27:05,Average product rating out of 5: 4.6. Product score is based on 748 ratings,748,,True
00c71623-6105-4ae5-95d2-ac407caa4e22,Woolworths Supermarket,Pantry,Saxa Pepper Grinder Black Peppercorn 45g,158306,$5.00,$1.11 / 10G,https://www.woolworths.com.au/shop/productdetails/158306/saxa-pepper-grinder-black-peppercorn,https://cdn0.woolworths.media/content/wowproductimages/medium/158306.jpg,2020-09-21 17:27:05,,0,,True
db95d757-2f85-4716-8af1-b04a1c5c1ff8,Woolworths Supermarket,Pantry,Heinz Baked Beans Tomato Sauce 3x220g,158435,$4.00,$0.61 / 100G,https://www.woolworths.com.au/shop/productdetails/158435/heinz-baked-beans-tomato-sauce,https://cdn0.woolworths.media/content/wowproductimages/medium/158435.jpg,2020-09-21 17:27:05,,0,,True
908709ea-0ad2-4c02-912d-4c60d87f99c4,Woolworths Supermarket,Pantry,Heinz Spaghetti Tomato Sauce & Cheese 3x220g,158436,$4.00,$0.61 / 100G,https://www.woolworths.com.au/shop/productdetails/158436/heinz-spaghetti-tomato-sauce-cheese,https://cdn0.woolworths.media/content/wowproductimages/medium/158436.jpg,2020-09-21 17:27:05,,0,,True
4caed3b3-8ba2-4eca-8f8e-1c13fe39a4d3,Woolworths Supermarket,Pantry,Nature's Cuppa Freeze Dried Coffee Caffeine Free 125g,159844,$5.00,$4.00 / 100G,https://www.woolworths.com.au/shop/productdetails/159844/nature-s-cuppa-freeze-dried-coffee-caffeine-free,https://cdn0.woolworths.media/content/wowproductimages/medium/159844.jpg,2020-09-21 17:27:05,,0,,True
52ff3cec-7af6-4d60-a9d8-51f6ca6f4d24,Woolworths Supermarket,Pantry,Altimate Extra Thick Ice Cream Wafers 80g,160683,$2.60,$3.25 / 100G,https://www.woolworths.com.au/shop/productdetails/160683/altimate-extra-thick-ice-cream-wafers,https://cdn0.woolworths.media/content/wowproductimages/medium/160683.jpg,2020-09-21 17:27:05,,0,,True
541b7211-6dfb-4b4a-b815-3084200efbc7,Woolworths Supermarket,Pantry,Vittoria Espresso Coffee Beans 1kg,162140,$19.00,$1.90 / 100G,https://www.woolworths.com.au/shop/productdetails/162140/vittoria-espresso-coffee-beans,https://cdn0.woolworths.media/content/wowproductimages/medium/162140.jpg,2020-09-21 17:27:05,,0,,True
15da5b37-f657-4126-8ea5-cc9a6ae5f2f8,Woolworths Supermarket,Pantry,Buderim Ginger Glace 125g,164508,$3.85,$30.80 / 1KG,https://www.woolworths.com.au/shop/productdetails/164508/buderim-ginger-glace,https://cdn0.woolworths.media/content/wowproductimages/medium/164508.jpg,2020-09-21 17:27:05,,0,,True
b4b1cc2d-d01c-4e07-91e1-787e4b3268ff,Woolworths Supermarket,Pantry,Continental Cup A Soup Creamy Chicken & Corn With Croutons 2 pack,166227,$2.00,$3.33 / 100G,https://www.woolworths.com.au/shop/productdetails/166227/continental-cup-a-soup-creamy-chicken-corn-with-croutons,https://cdn0.woolworths.media/content/wowproductimages/medium/166227.jpg,2020-09-21 17:27:05,,0,,True
3095c16f-246b-4ffa-928c-e5a2394ecf4b,Woolworths Supermarket,Pantry,Continental Cup A Soup Creamy Chicken With Croutons 2 pack,166232,$2.00,$3.33 / 100G,https://www.woolworths.com.au/shop/productdetails/166232/continental-cup-a-soup-creamy-chicken-with-croutons,https://cdn0.woolworths.media/content/wowproductimages/medium/166232.jpg,2020-09-21 17:27:05,,0,,True
98e66ad2-0ef5-4ed2-9861-3525534a6a71,Woolworths Supermarket,Pantry,Continental Cup A Soup Creamy Mushroom With Croutons 2 pack,166239,$2.00,$4.00 / 100G,https://www.woolworths.com.au/shop/productdetails/166239/continental-cup-a-soup-creamy-mushroom-with-croutons,https://cdn0.woolworths.media/content/wowproductimages/medium/166239.jpg,2020-09-21 17:27:05,,0,,True
54f7323c-573b-485a-8a06-2da391719250,Woolworths Supermarket,Pantry,Continental Cup A Soup Asian Thai Red Curry 60g,167443,$2.00,$3.33 / 100G,https://www.woolworths.com.au/shop/productdetails/167443/continental-cup-a-soup-asian-thai-red-curry,https://cdn0.woolworths.media/content/wowproductimages/medium/167443.jpg,2020-09-21 17:27:05,,0,,True
5ca292cd-91e5-4137-8c9b-3d007c4b25ac,Woolworths Supermarket,Pantry,Campbell's Country Ladle Canned Soup Potato & Leek 505g,167572,$3.50,$0.69 / 100G,https://www.woolworths.com.au/shop/productdetails/167572/campbell-s-country-ladle-canned-soup-potato-leek,https://cdn0.woolworths.media/content/wowproductimages/medium/167572.jpg,2020-09-21 17:27:05,,0,,True
3ad121f9-14cb-4429-b4ab-d0b23f1a9063,Woolworths Supermarket,Pantry,Heinz Classic Canned Soup Pea & Ham 535g,167602,$2.50,$0.47 / 100G,https://www.woolworths.com.au/shop/productdetails/167602/heinz-classic-canned-soup-pea-ham,https://cdn0.woolworths.media/content/wowproductimages/medium/167602.jpg,2020-09-21 17:27:05,,0,Was $3.59 17/04/2017,True
519fba0e-cfa1-4494-bfda-5883cac91d53,Woolworths Supermarket,Pantry,Heinz Big N Chunky Canned Soup Beef & Vegetable 535g,167626,$2.50,$0.47 / 100G,https://www.woolworths.com.au/shop/productdetails/167626/heinz-big-n-chunky-canned-soup-beef-vegetable,https://cdn0.woolworths.media/content/wowproductimages/medium/167626.jpg,2020-09-21 17:27:05,,0,Was $3.89 17/04/2017,True
2ad0a0fb-5ab2-49f1-b5c5-b624689f4c8e,Woolworths Supermarket,Pantry,Heinz Big N Chunky Canned Soup Chicken & Corn 535g,167628,$2.50,$0.47 / 100G,https://www.woolworths.com.au/shop/productdetails/167628/heinz-big-n-chunky-canned-soup-chicken-corn,https://cdn0.woolworths.media/content/wowproductimages/medium/167628.jpg,2020-09-21 17:27:05,,0,Was $3.89 17/04/2017,True
cb710a57-937f-4bef-b57d-9034bb24335f,Woolworths Supermarket,Pantry,Sanitarium Up&go Liquid Breakfast Choc Ice 6 pack,167863,$9.00,$6.00 / 1L,https://www.woolworths.com.au/shop/productdetails/167863/sanitarium-up-go-liquid-breakfast-choc-ice,https://cdn0.woolworths.media/content/wowproductimages/medium/167863.jpg,2020-09-21 17:27:05,,0,,True
f4f0ac2e-ecd2-4009-a1be-355a65ed144e,Woolworths Supermarket,Pantry,Pandaroo Ingredients Mushroom Chinese Sliced 40g,167884,$2.75,$68.75 / 1KG,https://www.woolworths.com.au/shop/productdetails/167884/pandaroo-ingredients-mushroom-chinese-sliced,https://cdn0.woolworths.media/content/wowproductimages/medium/167884.jpg,2020-09-21 17:27:05,,0,,True
0558f18f-b613-434e-8d54-c41ceee0e05c,Woolworths Supermarket,Pantry,Abc Chilli Sauce Extra Hot 340ml,168680,$2.80,$0.84 / 100ML,https://www.woolworths.com.au/shop/productdetails/168680/abc-chilli-sauce-extra-hot,https://cdn0.woolworths.media/content/wowproductimages/medium/168680.jpg,2020-09-21 17:27:05,,0,,True
30b50f1a-083d-4ec6-8f3a-7b1d9c5e4557,Woolworths Supermarket,Pantry,Farmers Co. Bush Foods Breakfast Cereal 500g,170793,$5.35,$1.07 / 100G,https://www.woolworths.com.au/shop/productdetails/170793/farmers-co-bush-foods-breakfast-cereal,https://cdn0.woolworths.media/content/wowproductimages/medium/170793.jpg,2020-09-21 17:27:05,,0,,True
b3afbccb-bc63-4612-b3c3-71971599dea8,Woolworths Supermarket,Pantry,Kellogg's All-bran High Fibre Breakfast Cereal 350g,171265,$4.40,$1.26 / 100G,https://www.woolworths.com.au/shop/productdetails/171265/kellogg-s-all-bran-high-fibre-breakfast-cereal,https://cdn0.woolworths.media/content/wowproductimages/medium/171265.jpg,2020-09-21 17:27:05,,0,,True
88cf4661-837c-40cd-8a9e-3cc2eaf11bf3,Woolworths Supermarket,Pantry,Masterfoods Chinese Beef Stir Fry Recipe Base 175g,172092,$2.20,$1.26 / 100G,https://www.woolworths.com.au/shop/productdetails/172092/masterfoods-chinese-beef-stir-fry-recipe-base,https://cdn0.woolworths.media/content/wowproductimages/medium/172092.jpg,2020-09-21 17:27:05,,0,3 for $6.00,True
2a379e16-6ff1-4154-b675-4772b144fa1f,Woolworths Supermarket,Pantry,Masterfoods Stir Fry Recipe Base Creamy Thai Chicken 175g,172100,$2.20,$1.26 / 100G,https://www.woolworths.com.au/shop/productdetails/172100/masterfoods-stir-fry-recipe-base-creamy-thai-chicken,https://cdn0.woolworths.media/content/wowproductimages/medium/172100.jpg,2020-09-21 17:27:05,,0,3 for $6.00,True
65af8a51-6725-4e3d-b9e9-2793487cb5ce,Woolworths Supermarket,Pantry,Woolworths Shredded Coconut 250g,172405,$1.75,$7.00 / 1KG,https://www.woolworths.com.au/shop/productdetails/172405/woolworths-shredded-coconut,https://cdn0.woolworths.media/content/wowproductimages/medium/172405.jpg,2020-09-21 17:27:05,Average product rating out of 5: 4.7. Product score is based on 131 ratings,131,,True
68c31069-f53c-4b12-abf4-bc05124a436b,Woolworths Supermarket,Pantry,Campbell's Real Vegetable Liquid Stock Salt Reduced 1l,172638,$3.00,$0.30 / 100ML,https://www.woolworths.com.au/shop/productdetails/172638/campbell-s-real-vegetable-liquid-stock-salt-reduced,https://cdn0.woolworths.media/content/wowproductimages/medium/172638.jpg,2020-09-21 17:27:05,,0,,True
61dcbe8c-220f-460c-9dbb-b12742b3ed87,Woolworths Supermarket,Pantry,Sunbites Grain Waves Sour Cream & Chives 5 pack,720220,$3.10,$2.82 / 100G,https://www.woolworths.com.au/shop/productdetails/720220/sunbites-grain-waves-sour-cream-chives,https://cdn0.woolworths.media/content/wowproductimages/medium/720220.jpg,2020-09-21 17:27:05,,0,2 for $5.00,True
cee4b0e0-3463-4835-9bd3-243d60778f73,Woolworths Supermarket,Pantry,Cobram Estate Extra Virgin Light Olive Oil 750ml,345955,$15.00,$2.00 / 100ML,https://www.woolworths.com.au/shop/productdetails/345955/cobram-estate-extra-virgin-light-olive-oil,https://cdn0.woolworths.media/content/wowproductimages/medium/345955.jpg,2020-09-21 17:27:05,,0,,True
be49fb89-a49c-4556-9d29-a9e075616e9d,Woolworths Supermarket,Pantry,Macro Organic Quinoa Tri Colour 500g,717631,$7.00,$1.40 / 100G,https://www.woolworths.com.au/shop/productdetails/717631/macro-organic-quinoa-tri-colour,https://cdn0.woolworths.media/content/wowproductimages/medium/717631.jpg,2020-09-21 17:27:05,Average product rating out of 5: 4.6. Product score is based on 274 ratings,274,Was $9.99 09/01/2017,True
b18367e1-eb3d-4c3d-b3d8-591f2e306762,Woolworths Supermarket,Pantry,Nescafe Blend 43 Soluble Instant Coffee 500g,035694,$20.00,$4.00 / 100G,https://www.woolworths.com.au/shop/productdetails/35694/nescafe-blend-43-soluble-instant-coffee,https://cdn0.woolworths.media/content/wowproductimages/medium/035694.jpg,2020-09-21 17:27:05,,0,,True
1f28fd35-9342-4c1c-8c4a-38cb65c966d0,Woolworths Supermarket,Pantry,Woolworths Almond Meal 400g,610610,$7.50,$18.75 / 1KG,https://www.woolworths.com.au/shop/productdetails/610610/woolworths-almond-meal,https://cdn0.woolworths.media/content/wowproductimages/medium/610610.jpg,2020-09-21 17:27:05,Average product rating out of 5: 4.6. Product score is based on 326 ratings,326,Was $9.00 22/07/2020,True
478c78fb-615a-46ff-ba75-78d122edaf83,Woolworths Supermarket,Pantry,Arnott's Monte Carlo 250g,036031,$3.00,$1.20 / 100G,https://www.woolworths.com.au/shop/productdetails/36031/arnott-s-monte-carlo,https://cdn0.woolworths.media/content/wowproductimages/medium/036031.jpg,2020-09-21 17:27:05,,0,,True
d3e0792c-00a6-4411-89c0-e9820388364b,Woolworths Supermarket,Pantry,Continental Cup A Soup Creamy Chicken With Lots Of Noodles 2 pack,026649,$2.00,$3.33 / 100G,https://www.woolworths.com.au/shop/productdetails/26649/continental-cup-a-soup-creamy-chicken-with-lots-of-noodles,https://cdn0.woolworths.media/content/wowproductimages/medium/026649.jpg,2020-09-21 17:27:05,,0,,True
3d3fdf54-29ea-4732-85f6-9bc1ee6858bd,Woolworths Supermarket,Pantry,Cadbury Dairy Milk Chocolate Fair Trade 350g,757883,$5.00,$1.43 / 100G,https://www.woolworths.com.au/shop/productdetails/757883/cadbury-dairy-milk-chocolate-fair-trade,https://cdn0.woolworths.media/content/wowproductimages/medium/757883.jpg,2020-09-21 17:27:05,,0,Was $6.30 16/01/2017,True
9d4ad275-f1a3-484d-9847-a1dfa66bffc0,Woolworths Supermarket,Pantry,Moccona Freeze Dried Instant Coffee Classic Medium Roast 400g,208575,$24.00,$6.00 / 100G,https://www.woolworths.com.au/shop/productdetails/208575/moccona-freeze-dried-instant-coffee-classic-medium-roast,https://cdn0.woolworths.media/content/wowproductimages/medium/208575.jpg,2020-09-21 17:27:05,,0,,True
a0a38557-44d5-4d07-8c08-4b0c49585772,Woolworths Supermarket,Pantry,Woolworths Diced Italian Tomatoes No Added Salt 400g,770320,$0.80,$2.00 / 1KG,https://www.woolworths.com.au/shop/productdetails/770320/woolworths-diced-italian-tomatoes-no-added-salt,https://cdn0.woolworths.media/content/wowproductimages/medium/770320.jpg,2020-09-21 17:27:05,Average product rating out of 5: 4.7. Product score is based on 311 ratings,311,,True
5bb07095-4071-4640-9720-6d87b23ca111,Woolworths Supermarket,Pantry,Beechworth Pure Honey 1.5kg,250371,$22.00,$1.47 / 100G,https://www.woolworths.com.au/shop/productdetails/250371/beechworth-pure-honey,https://cdn0.woolworths.media/content/wowproductimages/medium/250371.jpg,2020-09-21 17:27:05,,0,,True
77b99015-2203-4048-b972-124db971b676,Woolworths Supermarket,Pantry,Queen Organic Vanilla Bean Paste 65g,225399,$11.80,$18.15 / 100G,https://www.woolworths.com.au/shop/productdetails/225399/queen-organic-vanilla-bean-paste,https://cdn0.woolworths.media/content/wowproductimages/medium/225399.jpg,2020-09-21 17:27:05,,0,,True
2d0fc067-330c-44dd-82d6-fff461e87301,Woolworths Supermarket,Pantry,Mckenzie's Himalayan Salt Rock Pink 400g,749926,$5.95,$0.15 / 10G,https://www.woolworths.com.au/shop/productdetails/749926/mckenzie-s-himalayan-salt-rock-pink,https://cdn0.woolworths.media/content/wowproductimages/medium/749926.jpg,2020-09-21 17:27:05,,0,,True
ed34b2bb-eca5-465c-88d4-4edeaebdcea1,Woolworths Supermarket,Pantry,Woolworths White Rice Long Grain 5kg,072779,$6.70,$0.13 / 100G,https://www.woolworths.com.au/shop/productdetails/72779/woolworths-white-rice-long-grain,https://cdn0.woolworths.media/content/wowproductimages/medium/072779.jpg,2020-09-21 17:27:05,Average product rating out of 5: 4.8. Product score is based on 14 ratings,14,,True
44763685-c23a-4451-9a20-b9191ec25f9d,Woolworths Supermarket,Pantry,Bertolli Extra Virgin Olive Oil Originale 750ml,502951,$6.50,$0.87 / 100ML,https://www.woolworths.com.au/shop/productdetails/502951/bertolli-extra-virgin-olive-oil-originale,https://cdn0.woolworths.media/content/wowproductimages/medium/502951.jpg,2020-09-21 17:27:05,,0,,True
32011495-a4ec-4b21-a0df-bc8ce2915ade,Woolworths Supermarket,Pantry,Ritz Crackers Original 300g,660562,$2.50,$0.83 / 100G,https://www.woolworths.com.au/shop/productdetails/660562/ritz-crackers-original,https://cdn0.woolworths.media/content/wowproductimages/medium/660562.jpg,2020-09-21 17:27:05,,0,,True
366eaf5a-eb54-4e61-9342-ba30537467d9,Woolworths Supermarket,Pantry,Vege Chips Chicken Style 100g,793382,$3.80,$3.80 / 100G,https://www.woolworths.com.au/shop/productdetails/793382/vege-chips-chicken-style,https://cdn0.woolworths.media/content/wowproductimages/medium/793382.jpg,2020-09-21 17:27:05,Average product rating out of 5: 4.7. Product score is based on 20 ratings,20,,True
d8bbfdf3-f112-4bb7-acd8-d27daa7e4f8e,Woolworths Supermarket,Pantry,Sanitarium Weet-bix Breakfast Cereal 1.2kg,200695,$5.00,$0.42 / 100G,https://www.woolworths.com.au/shop/productdetails/200695/sanitarium-weet-bix-breakfast-cereal,https://cdn0.woolworths.media/content/wowproductimages/medium/200695.jpg,2020-09-21 17:27:05,,0,,True
c6540b9c-b41a-4786-a1fe-bd3b0c9c43d1,Woolworths Supermarket,Pantry,Woolworths Walnuts Kernel 500g,749540,$11.00,$22.00 / 1KG,https://www.woolworths.com.au/shop/productdetails/749540/woolworths-walnuts-kernel,https://cdn0.woolworths.media/content/wowproductimages/medium/749540.jpg,2020-09-21 17:27:05,Average product rating out of 5: 4.8. Product score is based on 360 ratings,360,,True
d62d4799-6db0-4235-897c-b2be1359d8e4,Woolworths Supermarket,Pantry,Woolworths Rolled Traditional Oats 750g,321220,$1.40,$0.19 / 100G,https://www.woolworths.com.au/shop/productdetails/321220/woolworths-rolled-traditional-oats,https://cdn0.woolworths.media/content/wowproductimages/medium/321220.jpg,2020-09-21 17:27:05,Average product rating out of 5: 4.6. Product score is based on 748 ratings,748,,True
b78ac54c-7f96-4971-b324-389bb183b3db,Woolworths Supermarket,Pantry,Campbell's Real Beef Liquid Stock Salt Reduced 1l,172643,$3.00,$0.30 / 100ML,https://www.woolworths.com.au/shop/productdetails/172643/campbell-s-real-beef-liquid-stock-salt-reduced,https://cdn0.woolworths.media/content/wowproductimages/medium/172643.jpg,2020-09-21 17:27:05,,0,,True
a7d27703-3bbf-46aa-928e-f999ed5ae754,Woolworths Supermarket,Pantry,Woolworths Cashews Roasted & Salted 750g pack,172660,$17.00,$22.67 / 1KG,https://www.woolworths.com.au/shop/productdetails/172660/woolworths-cashews-roasted-salted,https://cdn0.woolworths.media/content/wowproductimages/medium/172660.jpg,2020-09-21 17:27:05,,0,,True
fad21296-3d1b-407a-a555-abee353429a3,Woolworths Supermarket,Pantry,Aeroplane Jelly Lite Pineapple 2x9g,172715,$1.90,$10.56 / 100G,https://www.woolworths.com.au/shop/productdetails/172715/aeroplane-jelly-lite-pineapple,https://cdn0.woolworths.media/content/wowproductimages/medium/172715.jpg,2020-09-21 17:27:05,,0,,True
b1f5db32-8b7d-4238-8e8e-27f2c34ef4ed,Woolworths Supermarket,Pantry,Edens Bars Sesame 45g,174205,$0.90,$2.00 / 100G,https://www.woolworths.com.au/shop/productdetails/174205/edens-bars-sesame,https://cdn0.woolworths.media/content/wowproductimages/medium/174205.jpg,2020-09-21 17:27:05,Average product rating out of 5: 4.7. Product score is based on 21 ratings,21,,True
d083678d-5aab-4252-83f2-aef1b2576e32,Woolworths Supermarket,Pantry,Patak's Butter Chicken Curry Paste Paste 312g,174742,$5.50,$1.76 / 100G,https://www.woolworths.com.au/shop/productdetails/174742/patak-s-butter-chicken-curry-paste-paste,https://cdn0.woolworths.media/content/wowproductimages/medium/174742.jpg,2020-09-21 17:27:05,,0,,True
0188f187-eb47-4ea5-a047-7f7666330f1f,Woolworths Supermarket,Pantry,Caffe Aurora Freeze Dried Coffee Italian Style 100g,175462,$4.50,$4.50 / 100G,https://www.woolworths.com.au/shop/productdetails/175462/caffe-aurora-freeze-dried-coffee-italian-style,https://cdn0.woolworths.media/content/wowproductimages/medium/175462.jpg,2020-09-21 17:27:05,,0,,True
eaf2a529-9b10-4d07-a6dd-07e9882ec2dc,Woolworths Supermarket,Pantry,Safcol Salmon With Mild Red Chilli Pouch 100g,176246,$2.00,$20.00 / 1KG,https://www.woolworths.com.au/shop/productdetails/176246/safcol-salmon-with-mild-red-chilli-pouch,https://cdn0.woolworths.media/content/wowproductimages/medium/176246.jpg,2020-09-21 17:27:05,,0,Was $2.52 12/06/2016,True
e87d4cd7-2926-4e5c-a020-10013340cd88,Woolworths Supermarket,Pantry,Woolworths Almonds Kernels 750g pack,176411,$13.00,$17.33 / 1KG,https://www.woolworths.com.au/shop/productdetails/176411/woolworths-almonds-kernels,https://cdn0.woolworths.media/content/wowproductimages/medium/176411.jpg,2020-09-21 17:27:05,Average product rating out of 5: 4.8. Product score is based on 402 ratings,402,,True
723553eb-7d60-420a-9501-c983a5dbb619,Woolworths Supermarket,Pantry,Unibic Shortbread Shortbread Fingers 200g,176981,$2.90,$1.45 / 100G,https://www.woolworths.com.au/shop/productdetails/176981/unibic-shortbread-shortbread-fingers,https://cdn0.woolworths.media/content/wowproductimages/medium/176981.jpg,2020-09-21 17:27:05,,0,,True
8567f977-325e-45a1-8d38-d1a9782973a3,Woolworths Supermarket,Pantry,Sunbeam Sultanas & Apple 6x25g,177190,$3.00,$20.00 / 1KG,https://www.woolworths.com.au/shop/productdetails/177190/sunbeam-sultanas-apple,https://cdn0.woolworths.media/content/wowproductimages/medium/177190.jpg,2020-09-21 17:27:05,,0,,True
83fb060d-07f2-4a3d-a823-66e0f7d1df5e,Woolworths Supermarket,Pantry,Indomie Mi Goreng Instant Noodles 5pk 425g,177972,$2.75,$0.65 / 100G,https://www.woolworths.com.au/shop/productdetails/177972/indomie-mi-goreng-instant-noodles,https://cdn0.woolworths.media/content/wowproductimages/medium/177972.jpg,2020-09-21 17:27:05,,0,,True
dbdf26fe-e57a-474a-a515-fd48e795f673,Woolworths Supermarket,Pantry,Annalisa Chickpeas 400g,178262,$1.50,$3.75 / 1KG,https://www.woolworths.com.au/shop/productdetails/178262/annalisa-chickpeas,https://cdn0.woolworths.media/content/wowproductimages/medium/178262.jpg,2020-09-21 17:27:05,,0,,True
04b0f13d-c5d5-4a7b-9557-b1432538084e,Woolworths Supermarket,Pantry,Essentials Tuna Chunks In Spring Water 425G,178886,$3.00,$7.06 / 1KG,https://www.woolworths.com.au/shop/productdetails/178886/essentials-tuna-chunks-in-spring-water,https://cdn0.woolworths.media/content/wowproductimages/medium/178886.jpg,2020-09-21 17:27:05,,0,,True
c4792524-251a-4f38-8926-2c884dbad27f,Woolworths Supermarket,Pantry,Essentials Tuna Chunks In Spring Water 185g,178887,$1.30,$7.03 / 1KG,https://www.woolworths.com.au/shop/productdetails/178887/essentials-tuna-chunks-in-spring-water,https://cdn0.woolworths.media/content/wowproductimages/medium/178887.jpg,2020-09-21 17:27:05,,0,,True
52e26f81-d650-4471-825b-767b851bd950,Woolworths Supermarket,Pantry,Edgell Corn Super Sweet 4x125g,179361,$3.00,$6.00 / 1KG,https://www.woolworths.com.au/shop/productdetails/179361/edgell-corn-super-sweet,https://cdn0.woolworths.media/content/wowproductimages/medium/179361.jpg,2020-09-21 17:27:05,,0,,True
b3923a54-a3a4-4bca-8a09-e90d1ac47c2d,Woolworths Supermarket,Pantry,Gravox Gravy Mix Lamb & Rosemary 120g,179481,$2.70,$0.23 / 10G,https://www.woolworths.com.au/shop/productdetails/179481/gravox-gravy-mix-lamb-rosemary,https://cdn0.woolworths.media/content/wowproductimages/medium/179481.jpg,2020-09-21 17:27:05,,0,,True
5acb952d-2ee3-47b7-abc3-b050b2f61079,Woolworths Supermarket,Pantry,Bee Products Manuka Blend Honey 500g,180204,$20.00,$4.00 / 100G,https://www.woolworths.com.au/shop/productdetails/180204/bee-products-manuka-blend-honey,https://cdn0.woolworths.media/content/wowproductimages/medium/180204.jpg,2020-09-21 17:27:05,,0,,True
50095155-6936-46fd-b2d3-b7a56940c8e0,Woolworths Supermarket,Pantry,Sandhurst Olives Kalamata Pitted 500g,180260,$4.80,$9.60 / 1KG,https://www.woolworths.com.au/shop/productdetails/180260/sandhurst-olives-kalamata-pitted,https://cdn0.woolworths.media/content/wowproductimages/medium/180260.jpg,2020-09-21 17:27:05,,0,,True
d31a3678-40f9-44f7-93a0-32f03732a432,Woolworths Supermarket,Pantry,Ayam Coconut Milk Light 270ml,180429,$2.60,$0.96 / 100ML,https://www.woolworths.com.au/shop/productdetails/180429/ayam-coconut-milk-light,https://cdn0.woolworths.media/content/wowproductimages/medium/180429.jpg,2020-09-21 17:27:05,,0,,True
22ed530e-400a-42b6-8a30-d60b23ad4f24,Woolworths Supermarket,Pantry,The Grove Gourmet Avocado Cold Pressed Oil 250ml,180492,$12.00,$4.80 / 100ML,https://www.woolworths.com.au/shop/productdetails/180492/the-grove-gourmet-avocado-cold-pressed-oil,https://cdn0.woolworths.media/content/wowproductimages/medium/180492.jpg,2020-09-21 17:27:05,,0,,True
b0cfd8c1-5585-4ba4-a21d-341c81e519a1,Woolworths Supermarket,Pantry,Lee Kum Kee Sauce Mongolian Lamb Ready 120g,180527,$1.70,$1.42 / 100G,https://www.woolworths.com.au/shop/productdetails/180527/lee-kum-kee-sauce-mongolian-lamb-ready,https://cdn0.woolworths.media/content/wowproductimages/medium/180527.jpg,2020-09-21 17:27:05,,0,,True
74b8860b-31c6-42ef-a534-58973afaba6f,Woolworths Supermarket,Pantry,Gravox Gravy Mix Brown Onion & Garlic 29g,181381,$1.10,$0.38 / 10G,https://www.woolworths.com.au/shop/productdetails/181381/gravox-gravy-mix-brown-onion-garlic,https://cdn0.woolworths.media/content/wowproductimages/medium/181381.jpg,2020-09-21 17:27:05,,0,,True
8093c7ff-758c-4476-86d9-244005af6f8a,Woolworths Supermarket,Pantry,Kook A Krumb Breadcrumbs Herb And Garlic 200g,181407,$2.50,$0.13 / 10G,https://www.woolworths.com.au/shop/productdetails/181407/kook-a-krumb-breadcrumbs-herb-and-garlic,https://cdn0.woolworths.media/content/wowproductimages/medium/181407.jpg,2020-09-21 17:27:05,,0,,True
46274b9a-20b4-440d-9cfd-aee8c35fe0d1,Woolworths Supermarket,Pantry,Vegemite Travel Pack Tube 145g,181476,$4.10,$2.83 / 100G,https://www.woolworths.com.au/shop/productdetails/181476/vegemite-travel-pack-tube,https://cdn0.woolworths.media/content/wowproductimages/medium/181476.jpg,2020-09-21 17:27:05,,0,,True
f0eae707-9278-4f56-936b-5617c5e20fd5,Woolworths Supermarket,Pantry,Masterfoods Barbecue Sauce 500ml,099696,$2.50,$0.50 / 100ML,https://www.woolworths.com.au/shop/productdetails/99696/masterfoods-barbecue-sauce,https://cdn0.woolworths.media/content/wowproductimages/medium/099696.jpg,2020-09-21 17:27:05,,0,,True
17d2ebeb-0ce1-4a73-beb6-0ba39d22ce15,Woolworths Supermarket,Pantry,Doritos Share Pack Cheese Supreme 170g,826731,$2.75,$1.62 / 100G,https://www.woolworths.com.au/shop/productdetails/826731/doritos-share-pack-cheese-supreme,https://cdn0.woolworths.media/content/wowproductimages/medium/826731.jpg,2020-09-21 17:27:05,,0,,True
7823aaa0-3c4d-4761-acf2-b9a21da1b52b,Woolworths Supermarket,Pantry,Arnott's Shortbread 250g,008838,$2.50,$1.00 / 100G,https://www.woolworths.com.au/shop/productdetails/8838/arnott-s-shortbread,https://cdn0.woolworths.media/content/wowproductimages/medium/008838.jpg,2020-09-21 17:27:05,,0,,True
cb5972e9-9538-4ddf-983e-e2d2a7870b55,Woolworths Supermarket,Pantry,Twisties Cheese Chips 90g,081659,$2.00,$2.22 / 100G,https://www.woolworths.com.au/shop/productdetails/81659/twisties-cheese-chips,https://cdn0.woolworths.media/content/wowproductimages/medium/081659.jpg,2020-09-21 17:27:05,,0,,True
6f5ed66e-3567-4259-a173-dd840b577236,Woolworths Supermarket,Pantry,Bertolli Extra Virgin Olive Oil Originale 750ml,502951,$6.50,$0.87 / 100ML,https://www.woolworths.com.au/shop/productdetails/502951/bertolli-extra-virgin-olive-oil-originale,https://cdn0.woolworths.media/content/wowproductimages/medium/502951.jpg,2020-09-21 17:27:05,,0,,True
6f9b043a-b731-498c-8148-01eaafbf6aec,Woolworths Supermarket,Pantry,Valcom Canned Bamboo Shoots Sliced 225g,097730,$1.10,$4.89 / 1KG,https://www.woolworths.com.au/shop/productdetails/97730/valcom-canned-bamboo-shoots-sliced,https://cdn0.woolworths.media/content/wowproductimages/medium/097730.jpg,2020-09-21 17:27:05,,0,,True
25267aac-bed1-4a5d-b0ff-4674d717ced9,Woolworths Supermarket,Pantry,Kellogg's Nutri-grain Protein Breakfast Cereal 290g,701706,$4.95,$1.71 / 100G,https://www.woolworths.com.au/shop/productdetails/701706/kellogg-s-nutri-grain-protein-breakfast-cereal,https://cdn0.woolworths.media/content/wowproductimages/medium/701706.jpg,2020-09-21 17:27:05,,0,,True
ba402777-53cf-468c-93ef-3164c5509d49,Woolworths Supermarket,Pantry,Arnott's Malt O' Milk 250g,036036,$2.50,$1.00 / 100G,https://www.woolworths.com.au/shop/productdetails/36036/arnott-s-malt-o-milk,https://cdn0.woolworths.media/content/wowproductimages/medium/036036.jpg,2020-09-21 17:27:05,,0,,True
3304ccae-fcf8-4b88-b637-153d9b9e885e,Woolworths Supermarket,Pantry,Smith's Share Pack Crinkle Cut Salt & Vinegar 170g,826738,$2.75,$1.62 / 100G,https://www.woolworths.com.au/shop/productdetails/826738/smith-s-share-pack-crinkle-cut-salt-vinegar,https://cdn0.woolworths.media/content/wowproductimages/medium/826738.jpg,2020-09-21 17:27:05,,0,,True
bb91b12a-b6ea-4a9a-a39b-6370924fcf5d,Woolworths Supermarket,Pantry,Arnott's Snack Right Sultana 250g,182697,$3.00,$1.20 / 100G,https://www.woolworths.com.au/shop/productdetails/182697/arnott-s-snack-right-sultana,https://cdn0.woolworths.media/content/wowproductimages/medium/182697.jpg,2020-09-21 17:27:05,,0,Was $4.20 11/02/2019,True
ccc0ae37-0343-48e8-8ab0-e44640c468b3,Woolworths Supermarket,Pantry,Toblerone Milk Chocolate Bar 50g,047011,$1.00,$2.00 / 100G,https://www.woolworths.com.au/shop/productdetails/47011/toblerone-milk-chocolate-bar,https://cdn0.woolworths.media/content/wowproductimages/medium/047011.jpg,2020-09-21 17:27:05,,0,,True
a31df289-658d-429e-959e-5766fb6b7669,Woolworths Supermarket,Pantry,Kooka's Country Cookies Lemon 200g,347837,$2.00,$1.00 / 100G,https://www.woolworths.com.au/shop/productdetails/347837/kooka-s-country-cookies-lemon,https://cdn0.woolworths.media/content/wowproductimages/medium/347837.jpg,2020-09-21 17:27:05,,0,,True
ed762f9d-d02e-42f0-8356-b583153d28a4,Woolworths Supermarket,Pantry,Uncle Tobys Roll-ups Strawberry Fun Prints 6 pack,324231,$4.00,$4.26 / 100G,https://www.woolworths.com.au/shop/productdetails/324231/uncle-tobys-roll-ups-strawberry-fun-prints,https://cdn0.woolworths.media/content/wowproductimages/medium/324231.jpg,2020-09-21 17:27:05,,0,,True
e4173cad-4ce4-4afe-bf2b-791a24510d40,Woolworths Supermarket,Pantry,Woolworths Corn Sweet Kernels 420g,218926,$1.00,$2.38 / 1KG,https://www.woolworths.com.au/shop/productdetails/218926/woolworths-corn-sweet-kernels,https://cdn0.woolworths.media/content/wowproductimages/medium/218926.jpg,2020-09-21 17:27:05,Average product rating out of 5: 4.1. Product score is based on 215 ratings,215,,True
72437ced-fd0e-4100-83ff-ef38351d3010,Woolworths Supermarket,Pantry,Moccona Freeze Dried Instant Coffee Classic Medium Roast 400g,208575,$24.00,$6.00 / 100G,https://www.woolworths.com.au/shop/productdetails/208575/moccona-freeze-dried-instant-coffee-classic-medium-roast,https://cdn0.woolworths.media/content/wowproductimages/medium/208575.jpg,2020-09-21 17:27:05,,0,,True
ce909ffe-602a-4bd7-babc-86cb46692745,Woolworths Supermarket,Pantry,Macro Organic Quinoa Tri Colour 500g,717631,$7.00,$1.40 / 100G,https://www.woolworths.com.au/shop/productdetails/717631/macro-organic-quinoa-tri-colour,https://cdn0.woolworths.media/content/wowproductimages/medium/717631.jpg,2020-09-21 17:27:05,Average product rating out of 5: 4.6. Product score is based on 274 ratings,274,Was $9.99 09/01/2017,True
8646c98e-d299-4e27-afe0-71a73167b9b8,Woolworths Supermarket,Pantry,Arnott's Shapes Cheddar 175g,384244,$2.50,$1.43 / 100G,https://www.woolworths.com.au/shop/productdetails/384244/arnott-s-shapes-cheddar,https://cdn0.woolworths.media/content/wowproductimages/medium/384244.jpg,2020-09-21 17:27:05,,0,,True
2bd58c08-b6b9-443f-8adc-30a42691acb7,Woolworths Supermarket,Pantry,Uncle Ben's Microwave Mexican Style Brown Rice 250g,727257,$3.00,$1.20 / 100G,https://www.woolworths.com.au/shop/productdetails/727257/uncle-ben-s-microwave-mexican-style-brown-rice,https://cdn0.woolworths.media/content/wowproductimages/medium/727257.jpg,2020-09-21 17:27:05,,0,,True
ed479196-a45c-4e4d-8910-459b8b452da4,Woolworths Supermarket,Pantry,Pringles Sour Cream And Onion Chips 134g,479502,$2.50,$1.87 / 100G,https://www.woolworths.com.au/shop/productdetails/479502/pringles-sour-cream-and-onion-chips,https://cdn0.woolworths.media/content/wowproductimages/medium/479502.jpg,2020-09-21 17:27:05,,0,,True
f75715ca-1a20-42a0-bec4-7592b6c438e5,Woolworths Supermarket,Pantry,Hermesetas Mini Sweetener Tablets 800 pack,182028,$5.65,$0.71 / 100EA,https://www.woolworths.com.au/shop/productdetails/182028/hermesetas-mini-sweetener-tablets,https://cdn0.woolworths.media/content/wowproductimages/medium/182028.jpg,2020-09-21 17:27:05,,0,,True
6b9dcdcf-8de5-4386-979e-86e36e37cd5e,Woolworths Supermarket,Pantry,Masterfoods Teriyaki Chicken Stir Fry Recipe Base 175g,182267,$2.20,$1.26 / 100G,https://www.woolworths.com.au/shop/productdetails/182267/masterfoods-teriyaki-chicken-stir-fry-recipe-base,https://cdn0.woolworths.media/content/wowproductimages/medium/182267.jpg,2020-09-21 17:27:05,,0,3 for $6.00,True
774a779e-6585-4ee4-8cee-d01333968295,Woolworths Supermarket,Pantry,Masterfoods Recipe Base Beef Stroganoff 175g,182271,$2.20,$1.26 / 100G,https://www.woolworths.com.au/shop/productdetails/182271/masterfoods-recipe-base-beef-stroganoff,https://cdn0.woolworths.media/content/wowproductimages/medium/182271.jpg,2020-09-21 17:27:05,,0,3 for $6.00,True
e8fac989-2b3e-433f-bb9b-84451a97d7cf,Woolworths Supermarket,Pantry,Arnott's Snack Right Sultana & Chocolate 260g,182331,$3.00,$1.15 / 100G,https://www.woolworths.com.au/shop/productdetails/182331/arnott-s-snack-right-sultana-chocolate,https://cdn0.woolworths.media/content/wowproductimages/medium/182331.jpg,2020-09-21 17:27:05,,0,Was $4.20 11/02/2019,True
1042c682-dcad-4b8a-9c33-5e6a1a6c7f49,Woolworths Supermarket,Pantry,Arnott's Snack Right Sultana 250g,182697,$3.00,$1.20 / 100G,https://www.woolworths.com.au/shop/productdetails/182697/arnott-s-snack-right-sultana,https://cdn0.woolworths.media/content/wowproductimages/medium/182697.jpg,2020-09-21 17:27:05,,0,Was $4.20 11/02/2019,True
58c462fb-4a5e-44b8-a963-be8af05a1e1c,Woolworths Supermarket,Pantry,Rice A Riso Flavoured Rice Chicken 180g,183695,$2.05,$1.14 / 100G,https://www.woolworths.com.au/shop/productdetails/183695/rice-a-riso-flavoured-rice-chicken,https://cdn0.woolworths.media/content/wowproductimages/medium/183695.jpg,2020-09-21 17:27:05,,0,,True
67367513-59aa-47a3-8f26-76de0a635758,Woolworths Supermarket,Pantry,Nature's Cuppa Organic Premium Tea Bags 120 pack,183861,$11.00,$0.09 / 1EA,https://www.woolworths.com.au/shop/productdetails/183861/nature-s-cuppa-organic-premium-tea-bags,https://cdn0.woolworths.media/content/wowproductimages/medium/183861.jpg,2020-09-21 17:27:05,,0,,True
fa587e37-f945-45c8-9c02-24c7ddbef71e,Woolworths Supermarket,Pantry,Lowan Yeast Dried Instant 280g,184917,$4.30,$1.54 / 100G,https://www.woolworths.com.au/shop/productdetails/184917/lowan-yeast-dried-instant,https://cdn0.woolworths.media/content/wowproductimages/medium/184917.jpg,2020-09-21 17:27:05,,0,,True
7325be4e-530b-4936-84d0-6de63fc0744e,Woolworths Supermarket,Pantry,Woolworths Peanuts Roasted & Salted 750g pack,185221,$6.00,$8.00 / 1KG,https://www.woolworths.com.au/shop/productdetails/185221/woolworths-peanuts-roasted-salted,https://cdn0.woolworths.media/content/wowproductimages/medium/185221.jpg,2020-09-21 17:27:05,Average product rating out of 5: 4.5. Product score is based on 364 ratings,364,,True
1c8a7a02-e71b-4a73-bf6d-197642e0979a,Woolworths Supermarket,Pantry,Galiko All Natural Ginger Minced Jar 145g,185242,$3.00,$2.07 / 100G,https://www.woolworths.com.au/shop/productdetails/185242/galiko-all-natural-ginger-minced-jar,https://cdn0.woolworths.media/content/wowproductimages/medium/185242.jpg,2020-09-21 17:27:05,,0,,True
e6f81a43-395a-42d6-8c9e-78cad184b35e,Woolworths Supermarket,Pantry,Galiko All Natural Garlic Minced Jar 145g,185243,$3.00,$2.07 / 100G,https://www.woolworths.com.au/shop/productdetails/185243/galiko-all-natural-garlic-minced-jar,https://cdn0.woolworths.media/content/wowproductimages/medium/185243.jpg,2020-09-21 17:27:05,,0,,True
58bb7673-229c-4769-9b0b-b52199b371db,Woolworths Supermarket,Pantry,Obento Japanese Yaki Nori For Sushi 1pk,185395,$3.10,$12.40 / 100G,https://www.woolworths.com.au/shop/productdetails/185395/obento-japanese-yaki-nori-for-sushi,https://cdn0.woolworths.media/content/wowproductimages/medium/185395.jpg,2020-09-21 17:27:05,,0,,True
489b33a2-3a38-42b7-952b-405ca631f9ce,Woolworths Supermarket,Pantry,Colonial Lamb Corned Mutton Halal 340g,185443,$6.80,$20.00 / 1KG,https://www.woolworths.com.au/shop/productdetails/185443/colonial-lamb-corned-mutton-halal,https://cdn0.woolworths.media/content/wowproductimages/medium/185443.jpg,2020-09-21 17:27:05,,0,,True
0491cac6-fba6-4dc4-8809-9fa572053a32,Woolworths Supermarket,Pantry,Greenseas Tuna Spicy Chilli 95g,185814,$2.00,$21.05 / 1KG,https://www.woolworths.com.au/shop/productdetails/185814/greenseas-tuna-spicy-chilli,https://cdn0.woolworths.media/content/wowproductimages/medium/185814.jpg,2020-09-21 17:27:05,,0,,True
d9f8ac24-4812-4b25-963a-d22afa8f589a,Woolworths Supermarket,Pantry,Greenseas Tuna Sundried Tomato & Onion 95g,185815,$2.00,$21.05 / 1KG,https://www.woolworths.com.au/shop/productdetails/185815/greenseas-tuna-sundried-tomato-onion,https://cdn0.woolworths.media/content/wowproductimages/medium/185815.jpg,2020-09-21 17:27:05,,0,,True
6e3c3caf-1e04-40d1-b9e7-73deebf13ee1,Woolworths Supermarket,Pantry,Tasty Bite Bombay Potatoes Potatoes Bombay 285g,186105,$2.00,$0.70 / 100G,https://www.woolworths.com.au/shop/productdetails/186105/tasty-bite-bombay-potatoes-potatoes-bombay,https://cdn0.woolworths.media/content/wowproductimages/medium/186105.jpg,2020-09-21 17:27:05,,0,,True
3d8e5d66-3a6d-42b9-97a2-69d2cc5c3959,Woolworths Supermarket,Pantry,Tasty Bite Madras Lentils 285g,186106,$2.00,$0.70 / 100G,https://www.woolworths.com.au/shop/productdetails/186106/tasty-bite-madras-lentils,https://cdn0.woolworths.media/content/wowproductimages/medium/186106.jpg,2020-09-21 17:27:05,,0,,True
86728dbb-e7c9-481e-8b1d-2fa21d452d0f,Woolworths Supermarket,Pantry,Tasty Bite Jodhpur Yellow Dal 285g,186109,$2.00,$0.70 / 100G,https://www.woolworths.com.au/shop/productdetails/186109/tasty-bite-jodhpur-yellow-dal,https://cdn0.woolworths.media/content/wowproductimages/medium/186109.jpg,2020-09-21 17:27:05,,0,,True
a2eed63a-3c74-4387-894b-c6b9f6b3239a,Woolworths Supermarket,Pantry,Passage To India Simmer Sauce Butter Chicken 375g,186114,$4.70,$1.25 / 100G,https://www.woolworths.com.au/shop/productdetails/186114/passage-to-india-simmer-sauce-butter-chicken,https://cdn0.woolworths.media/content/wowproductimages/medium/186114.jpg,2020-09-21 17:27:05,,0,,True
890f764e-0980-452f-ba84-ffeb56b4ef4e,Woolworths Supermarket,Pantry,Passage To India Simmer Sauce Curry Korma 375g,186115,$4.70,$1.25 / 100G,https://www.woolworths.com.au/shop/productdetails/186115/passage-to-india-simmer-sauce-curry-korma,https://cdn0.woolworths.media/content/wowproductimages/medium/186115.jpg,2020-09-21 17:27:05,,0,,True
d1262aa0-c841-48ba-9ca9-acea54561cc8,Woolworths Supermarket,Pantry,Passage To India Simmer Sauce Tikka Masala 375g,186116,$4.70,$1.25 / 100G,https://www.woolworths.com.au/shop/productdetails/186116/passage-to-india-simmer-sauce-tikka-masala,https://cdn0.woolworths.media/content/wowproductimages/medium/186116.jpg,2020-09-21 17:27:05,,0,,True
9b94f64b-f635-49e1-9365-e4c010b43caf,Woolworths Supermarket,Pantry,Passage To India Simmer Sauce Rogan Josh 375g,186117,$4.70,$1.25 / 100G,https://www.woolworths.com.au/shop/productdetails/186117/passage-to-india-simmer-sauce-rogan-josh,https://cdn0.woolworths.media/content/wowproductimages/medium/186117.jpg,2020-09-21 17:27:05,,0,,True
76f61d05-e155-4c09-980b-5a186bf75da4,Woolworths Supermarket,Pantry,Passage To India Simmer Sauce Vindaloo Hot 375g,186118,$4.70,$1.25 / 100G,https://www.woolworths.com.au/shop/productdetails/186118/passage-to-india-simmer-sauce-vindaloo-hot,https://cdn0.woolworths.media/content/wowproductimages/medium/186118.jpg,2020-09-21 17:27:05,,0,,True
6ac51105-7dce-4fad-b468-63327a774f39,Woolworths Supermarket,Pantry,Campbell's Country Ladle Canned Soup Chicken & Sweet Corn 505g,186164,$3.50,$0.69 / 100G,https://www.woolworths.com.au/shop/productdetails/186164/campbell-s-country-ladle-canned-soup-chicken-sweet-corn,https://cdn0.woolworths.media/content/wowproductimages/medium/186164.jpg,2020-09-21 17:27:05,,0,,True
b1fb9516-feab-4f21-8828-630c1ad131f8,Woolworths Supermarket,Pantry,Masterfoods Barbecue Sauce 500ml,099696,$2.50,$0.50 / 100ML,https://www.woolworths.com.au/shop/productdetails/99696/masterfoods-barbecue-sauce,https://cdn0.woolworths.media/content/wowproductimages/medium/099696.jpg,2020-09-21 17:27:05,,0,,True
c7cb76cf-4d3f-45e5-acfe-fafb8030d621,Woolworths Supermarket,Pantry,Doritos Share Pack Cheese Supreme 170g,826731,$2.75,$1.62 / 100G,https://www.woolworths.com.au/shop/productdetails/826731/doritos-share-pack-cheese-supreme,https://cdn0.woolworths.media/content/wowproductimages/medium/826731.jpg,2020-09-21 17:27:05,,0,,True
dc4106c5-1e00-4a93-9695-6251d41d1011,Woolworths Supermarket,Pantry,Arnott's Shortbread 250g,008838,$2.50,$1.00 / 100G,https://www.woolworths.com.au/shop/productdetails/8838/arnott-s-shortbread,https://cdn0.woolworths.media/content/wowproductimages/medium/008838.jpg,2020-09-21 17:27:05,,0,,True
85841701-d0e8-4498-9541-bafae40a24ed,Woolworths Supermarket,Pantry,Twisties Cheese Chips 90g,081659,$2.00,$2.22 / 100G,https://www.woolworths.com.au/shop/productdetails/81659/twisties-cheese-chips,https://cdn0.woolworths.media/content/wowproductimages/medium/081659.jpg,2020-09-21 17:27:05,,0,,True
6fc4810f-9bcc-48da-af9a-548e234e4ab3,Woolworths Supermarket,Pantry,Bertolli Extra Virgin Olive Oil Originale 750ml,502951,$6.50,$0.87 / 100ML,https://www.woolworths.com.au/shop/productdetails/502951/bertolli-extra-virgin-olive-oil-originale,https://cdn0.woolworths.media/content/wowproductimages/medium/502951.jpg,2020-09-21 17:27:05,,0,,True
9cea04f1-f8d7-4bf0-9d06-63934c53ac3d,Woolworths Supermarket,Pantry,Valcom Canned Bamboo Shoots Sliced 225g,097730,$1.10,$4.89 / 1KG,https://www.woolworths.com.au/shop/productdetails/97730/valcom-canned-bamboo-shoots-sliced,https://cdn0.woolworths.media/content/wowproductimages/medium/097730.jpg,2020-09-21 17:27:05,,0,,True
82357ed0-23a5-4e41-898c-42950a86e90c,Woolworths Supermarket,Pantry,Kellogg's Nutri-grain Protein Breakfast Cereal 290g,701706,$4.95,$1.71 / 100G,https://www.woolworths.com.au/shop/productdetails/701706/kellogg-s-nutri-grain-protein-breakfast-cereal,https://cdn0.woolworths.media/content/wowproductimages/medium/701706.jpg,2020-09-21 17:27:05,,0,,True
5aa8cf81-170a-40eb-bf29-689cb312ced7,Woolworths Supermarket,Pantry,Arnott's Malt O' Milk 250g,036036,$2.50,$1.00 / 100G,https://www.woolworths.com.au/shop/productdetails/36036/arnott-s-malt-o-milk,https://cdn0.woolworths.media/content/wowproductimages/medium/036036.jpg,2020-09-21 17:27:05,,0,,True
c907eda1-ff73-4739-ad8e-421edb5447fb,Woolworths Supermarket,Pantry,Smith's Share Pack Crinkle Cut Salt & Vinegar 170g,826738,$2.75,$1.62 / 100G,https://www.woolworths.com.au/shop/productdetails/826738/smith-s-share-pack-crinkle-cut-salt-vinegar,https://cdn0.woolworths.media/content/wowproductimages/medium/826738.jpg,2020-09-21 17:27:05,,0,,True
b9d2fefa-2886-45fb-8ec4-94f479842a7f,Woolworths Supermarket,Pantry,Arnott's Snack Right Sultana 250g,182697,$3.00,$1.20 / 100G,https://www.woolworths.com.au/shop/productdetails/182697/arnott-s-snack-right-sultana,https://cdn0.woolworths.media/content/wowproductimages/medium/182697.jpg,2020-09-21 17:27:05,,0,Was $4.20 11/02/2019,True
fa2d1a2c-da26-4157-b795-6ebae7116f9a,Woolworths Supermarket,Pantry,Toblerone Milk Chocolate Bar 50g,047011,$1.00,$2.00 / 100G,https://www.woolworths.com.au/shop/productdetails/47011/toblerone-milk-chocolate-bar,https://cdn0.woolworths.media/content/wowproductimages/medium/047011.jpg,2020-09-21 17:27:05,,0,,True
dc53bd89-8920-418f-a39e-1e169a8fba1b,Woolworths Supermarket,Pantry,Kooka's Country Cookies Lemon 200g,347837,$2.00,$1.00 / 100G,https://www.woolworths.com.au/shop/productdetails/347837/kooka-s-country-cookies-lemon,https://cdn0.woolworths.media/content/wowproductimages/medium/347837.jpg,2020-09-21 17:27:05,,0,,True
47975c91-cda4-4337-ab0f-4c688cfcf64e,Woolworths Supermarket,Pantry,Uncle Tobys Roll-ups Strawberry Fun Prints 6 pack,324231,$4.00,$4.26 / 100G,https://www.woolworths.com.au/shop/productdetails/324231/uncle-tobys-roll-ups-strawberry-fun-prints,https://cdn0.woolworths.media/content/wowproductimages/medium/324231.jpg,2020-09-21 17:27:05,,0,,True
88d7ebce-fbed-403f-970f-4233cfb73ec6,Woolworths Supermarket,Pantry,Woolworths Corn Sweet Kernels 420g,218926,$1.00,$2.38 / 1KG,https://www.woolworths.com.au/shop/productdetails/218926/woolworths-corn-sweet-kernels,https://cdn0.woolworths.media/content/wowproductimages/medium/218926.jpg,2020-09-21 17:27:05,Average product rating out of 5: 4.1. Product score is based on 215 ratings,215,,True
fffca3d2-51b5-42f3-90e8-735831e05ce1,Woolworths Supermarket,Pantry,Moccona Freeze Dried Instant Coffee Classic Medium Roast 400g,208575,$24.00,$6.00 / 100G,https://www.woolworths.com.au/shop/productdetails/208575/moccona-freeze-dried-instant-coffee-classic-medium-roast,https://cdn0.woolworths.media/content/wowproductimages/medium/208575.jpg,2020-09-21 17:27:05,,0,,True
13fb7cf6-0171-4d50-bdb4-fcc217a52839,Woolworths Supermarket,Pantry,Macro Organic Quinoa Tri Colour 500g,717631,$7.00,$1.40 / 100G,https://www.woolworths.com.au/shop/productdetails/717631/macro-organic-quinoa-tri-colour,https://cdn0.woolworths.media/content/wowproductimages/medium/717631.jpg,2020-09-21 17:27:05,Average product rating out of 5: 4.6. Product score is based on 274 ratings,274,Was $9.99 09/01/2017,True
dd3ecad3-f220-4cbf-ad03-7e323f67cc7f,Woolworths Supermarket,Pantry,Arnott's Shapes Cheddar 175g,384244,$2.50,$1.43 / 100G,https://www.woolworths.com.au/shop/productdetails/384244/arnott-s-shapes-cheddar,https://cdn0.woolworths.media/content/wowproductimages/medium/384244.jpg,2020-09-21 17:27:05,,0,,True
ce34cd7a-b211-47ac-82d3-b4071b5b1f99,Woolworths Supermarket,Pantry,Uncle Ben's Microwave Mexican Style Brown Rice 250g,727257,$3.00,$1.20 / 100G,https://www.woolworths.com.au/shop/productdetails/727257/uncle-ben-s-microwave-mexican-style-brown-rice,https://cdn0.woolworths.media/content/wowproductimages/medium/727257.jpg,2020-09-21 17:27:05,,0,,True
873d2092-41fc-48c8-bb6b-bf9d987f80a9,Woolworths Supermarket,Pantry,Pringles Sour Cream And Onion Chips 134g,479502,$2.50,$1.87 / 100G,https://www.woolworths.com.au/shop/productdetails/479502/pringles-sour-cream-and-onion-chips,https://cdn0.woolworths.media/content/wowproductimages/medium/479502.jpg,2020-09-21 17:27:05,,0,,True
4fcd4560-a5a9-435c-a9bb-ed4a990a85ed,Woolworths Supermarket,Pantry,Continental Cup A Soup Classic Tomato 80g,186167,$2.00,$2.50 / 100G,https://www.woolworths.com.au/shop/productdetails/186167/continental-cup-a-soup-classic-tomato,https://cdn0.woolworths.media/content/wowproductimages/medium/186167.jpg,2020-09-21 17:27:05,,0,,True
a3bf583b-141c-4f5c-bc58-dfcd2b4b0ce8,Woolworths Supermarket,Pantry,Continental Cup A Soup Classic Cream Of Chicken 75g,186169,$2.00,$2.67 / 100G,https://www.woolworths.com.au/shop/productdetails/186169/continental-cup-a-soup-classic-cream-of-chicken,https://cdn0.woolworths.media/content/wowproductimages/medium/186169.jpg,2020-09-21 17:27:05,,0,,True
c3486977-ac51-4dfa-bb55-3c42e6c2591f,Woolworths Supermarket,Pantry,Continental Cup A Soup Classic Cream Of Mushroom 70g,186170,$2.00,$2.86 / 100G,https://www.woolworths.com.au/shop/productdetails/186170/continental-cup-a-soup-classic-cream-of-mushroom,https://cdn0.woolworths.media/content/wowproductimages/medium/186170.jpg,2020-09-21 17:27:05,,0,,True
4dc22bef-84dd-486e-b18e-c31110a33b0e,Woolworths Supermarket,Pantry,Woolworths Choc Hazelnut Spread 750g,186274,$4.30,$0.57 / 100G,https://www.woolworths.com.au/shop/productdetails/186274/woolworths-choc-hazelnut-spread,https://cdn0.woolworths.media/content/wowproductimages/medium/186274.jpg,2020-09-21 17:27:05,,0,Was $4.90 25/02/2019,True
9e149207-596f-43eb-8c85-5f34cb20279f,Woolworths Supermarket,Pantry,Vittoria Oro Ground Coffee Oro Gold Cafe Series 250g,186376,$9.00,$3.60 / 100G,https://www.woolworths.com.au/shop/productdetails/186376/vittoria-oro-ground-coffee-oro-gold-cafe-series,https://cdn0.woolworths.media/content/wowproductimages/medium/186376.jpg,2020-09-21 17:27:05,,0,,True
3cf572ac-ea5e-4964-8be3-e1cac48ee4e8,Woolworths Supermarket,Pantry,Massel Stock Powder Beef 168g,186409,$2.50,$0.15 / 10G,https://www.woolworths.com.au/shop/productdetails/186409/massel-stock-powder-beef,https://cdn0.woolworths.media/content/wowproductimages/medium/186409.jpg,2020-09-21 17:27:05,,0,,True
77d0c44d-b369-46b0-be3c-3d8f927d9304,Woolworths Supermarket,Pantry,Massel Stock Powder Chicken 168g,186410,$2.50,$0.15 / 10G,https://www.woolworths.com.au/shop/productdetails/186410/massel-stock-powder-chicken,https://cdn0.woolworths.media/content/wowproductimages/medium/186410.jpg,2020-09-21 17:27:05,,0,,True
e073b1af-7758-465b-9d88-7a83463654aa,Woolworths Supermarket,Pantry,Massel Stock Powder Vegetable 168g,186411,$2.50,$0.15 / 10G,https://www.woolworths.com.au/shop/productdetails/186411/massel-stock-powder-vegetable,https://cdn0.woolworths.media/content/wowproductimages/medium/186411.jpg,2020-09-21 17:27:05,,0,,True
ac58a59f-1f43-459a-98e3-1071855d6cdc,Woolworths Supermarket,Pantry,Masterfoods Honey Mustard Chicken Recipe Base 175g,186442,$2.20,$1.26 / 100G,https://www.woolworths.com.au/shop/productdetails/186442/masterfoods-honey-mustard-chicken-recipe-base,https://cdn0.woolworths.media/content/wowproductimages/medium/186442.jpg,2020-09-21 17:27:05,,0,3 for $6.00,True
81c96a4c-c5a4-4cc2-867b-f522912a622d,Woolworths Supermarket,Pantry,Masterfoods Recipe Base Curried Sausages 175g,186446,$2.20,$1.26 / 100G,https://www.woolworths.com.au/shop/productdetails/186446/masterfoods-recipe-base-curried-sausages,https://cdn0.woolworths.media/content/wowproductimages/medium/186446.jpg,2020-09-21 17:27:05,,0,3 for $6.00,True
546f7f79-a350-4a69-95b7-e44c8546655c,Woolworths Supermarket,Pantry,Vittoria Mountain Grown Ground Coffee 1kg,186602,$36.50,$3.65 / 100G,https://www.woolworths.com.au/shop/productdetails/186602/vittoria-mountain-grown-ground-coffee,https://cdn0.woolworths.media/content/wowproductimages/medium/186602.jpg,2020-09-21 17:27:05,,0,,True
23b179cb-e070-4dde-a769-2b2b32544aab,Woolworths Supermarket,Pantry,Allen's Butter-menthol Throat Lozenge Liquid Centre Honey 3x10 pack,187057,$4.00,$0.13 / 1EA,https://www.woolworths.com.au/shop/productdetails/187057/allen-s-butter-menthol-throat-lozenge-liquid-centre-honey,https://cdn0.woolworths.media/content/wowproductimages/medium/187057.jpg,2020-09-21 17:27:05,,0,,True
092ea191-6937-4933-bfd0-9ce0c95c4b62,Woolworths Supermarket,Pantry,Nutella Hazelnut Spread 220g,187099,$3.70,$1.68 / 100G,https://www.woolworths.com.au/shop/productdetails/187099/nutella-hazelnut-spread,https://cdn0.woolworths.media/content/wowproductimages/medium/187099.jpg,2020-09-21 17:27:05,,0,,True
06e4f1ab-4fe4-4e03-b6a2-ec7b776010a5,Woolworths Supermarket,Pantry,Old El Paso Refried Beans 435g,187333,$3.00,$0.69 / 100G,https://www.woolworths.com.au/shop/productdetails/187333/old-el-paso-refried-beans,https://cdn0.woolworths.media/content/wowproductimages/medium/187333.jpg,2020-09-21 17:27:05,,0,,True
f8ec1aa6-7b27-42f4-8331-edd46f146f45,Woolworths Supermarket,Pantry,Spc Spaghetti Tomato Reduced Salt 420g,187766,$1.15,$0.27 / 100G,https://www.woolworths.com.au/shop/productdetails/187766/spc-spaghetti-tomato-reduced-salt,https://cdn0.woolworths.media/content/wowproductimages/medium/187766.jpg,2020-09-21 17:27:05,,0,Was $1.30 18/04/2016,True
f8d3f97f-7ba6-4056-93d6-1d922993c300,Woolworths Supermarket,Pantry,Spc Spaghetti Rich Tomato Sauce 420g,187769,$1.15,$0.27 / 100G,https://www.woolworths.com.au/shop/productdetails/187769/spc-spaghetti-rich-tomato-sauce,https://cdn0.woolworths.media/content/wowproductimages/medium/187769.jpg,2020-09-21 17:27:05,,0,Was $1.30 18/04/2016,True
2d69bb49-d075-4793-a929-7fcc8e48db56,Woolworths Supermarket,Pantry,Betty Crocker Blueberry Low Fat Muffin Mix 500g,187781,$5.20,$1.04 / 100G,https://www.woolworths.com.au/shop/productdetails/187781/betty-crocker-blueberry-low-fat-muffin-mix,https://cdn0.woolworths.media/content/wowproductimages/medium/187781.jpg,2020-09-21 17:27:05,,0,,True
57a5c464-6d91-4ede-bfac-a502e271bee5,Woolworths Supermarket,Pantry,Betty Crocker Apple & Cinnamon 97% Fat Free Muffin Mix 500g,187786,$5.20,$1.04 / 100G,https://www.woolworths.com.au/shop/productdetails/187786/betty-crocker-apple-cinnamon-97-fat-free-muffin-mix,https://cdn0.woolworths.media/content/wowproductimages/medium/187786.jpg,2020-09-21 17:27:05,,0,,True
bde8da91-fa1f-48ee-a4c8-899299aa79df,Woolworths Supermarket,Pantry,Betty Crocker Triple Chocolate Muffin Mix 500g,187790,$5.20,$1.04 / 100G,https://www.woolworths.com.au/shop/productdetails/187790/betty-crocker-triple-chocolate-muffin-mix,https://cdn0.woolworths.media/content/wowproductimages/medium/187790.jpg,2020-09-21 17:27:05,,0,,True
d01c9c57-edb8-4466-939c-29374dd8e342,Woolworths Supermarket,Pantry,Betty Crocker Milk Chocolate Chunk Cookie Mix 485g,187797,$5.20,$1.07 / 100G,https://www.woolworths.com.au/shop/productdetails/187797/betty-crocker-milk-chocolate-chunk-cookie-mix,https://cdn0.woolworths.media/content/wowproductimages/medium/187797.jpg,2020-09-21 17:27:05,,0,,True
6642d6eb-6f9a-43d3-a3a3-6e550cd2dc64,Woolworths Supermarket,Pantry,Heinz Spaghetti Tomato Sauce & Cheese 4x130g,188056,$3.70,$0.71 / 100G,https://www.woolworths.com.au/shop/productdetails/188056/heinz-spaghetti-tomato-sauce-cheese,https://cdn0.woolworths.media/content/wowproductimages/medium/188056.jpg,2020-09-21 17:27:05,,0,,True
b28fe894-cc55-4cb0-b863-9b8c1c9e3bc9,Woolworths Supermarket,Pantry,Heinz Baked Beans Tomato Sauce 4x130g,188059,$3.70,$0.71 / 100G,https://www.woolworths.com.au/shop/productdetails/188059/heinz-baked-beans-tomato-sauce,https://cdn0.woolworths.media/content/wowproductimages/medium/188059.jpg,2020-09-21 17:27:05,,0,,True
df28be14-4f11-4509-b20e-0935ac62058f,Woolworths Supermarket,Pantry,Illy Ground Coffee Espresso 250g,188087,$15.00,$6.00 / 100G,https://www.woolworths.com.au/shop/productdetails/188087/illy-ground-coffee-espresso,https://cdn0.woolworths.media/content/wowproductimages/medium/188087.jpg,2020-09-21 17:27:05,,0,,True
f9b84cb3-0e5a-486e-96ac-0b01589d36bf,Woolworths Supermarket,Pantry,Gold Medal Snacks Single Pack Pork Krackles 50g,188208,$1.50,$3.00 / 100G,https://www.woolworths.com.au/shop/productdetails/188208/gold-medal-snacks-single-pack-pork-krackles,https://cdn0.woolworths.media/content/wowproductimages/medium/188208.jpg,2020-09-21 17:27:05,,0,,True
cbd385d4-04c0-4f8d-9a78-baf6d7cb37bb,Woolworths Supermarket,Pantry,Sunbites Grain Waves Sour Cream & Chives 5 pack,720220,$3.10,$2.82 / 100G,https://www.woolworths.com.au/shop/productdetails/720220/sunbites-grain-waves-sour-cream-chives,https://cdn0.woolworths.media/content/wowproductimages/medium/720220.jpg,2020-09-21 17:27:05,,0,2 for $5.00,True
eee1f95b-5fa0-408e-b545-355f048c2a16,Woolworths Supermarket,Pantry,Nescafe Blend 43 Soluble Instant Coffee 500g,035694,$20.00,$4.00 / 100G,https://www.woolworths.com.au/shop/productdetails/35694/nescafe-blend-43-soluble-instant-coffee,https://cdn0.woolworths.media/content/wowproductimages/medium/035694.jpg,2020-09-21 17:27:05,,0,,True
38ef6c91-52e6-4333-ba75-7e12d57e131c,Woolworths Supermarket,Pantry,Cobram Estate Extra Virgin Light Olive Oil 750ml,345955,$15.00,$2.00 / 100ML,https://www.woolworths.com.au/shop/productdetails/345955/cobram-estate-extra-virgin-light-olive-oil,https://cdn0.woolworths.media/content/wowproductimages/medium/345955.jpg,2020-09-21 17:27:05,,0,,True
a063fb4b-99c2-4fed-8c57-dab738520bec,Woolworths Supermarket,Pantry,Arnott's Monte Carlo 250g,036031,$3.00,$1.20 / 100G,https://www.woolworths.com.au/shop/productdetails/36031/arnott-s-monte-carlo,https://cdn0.woolworths.media/content/wowproductimages/medium/036031.jpg,2020-09-21 17:27:05,,0,,True
29543c40-8399-4741-a0bf-21da349a86f3,Woolworths Supermarket,Pantry,Bertolli Extra Virgin Olive Oil Originale 750ml,502951,$6.50,$0.87 / 100ML,https://www.woolworths.com.au/shop/productdetails/502951/bertolli-extra-virgin-olive-oil-originale,https://cdn0.woolworths.media/content/wowproductimages/medium/502951.jpg,2020-09-21 17:27:05,,0,,True
91076ce5-1aa4-4764-81e0-54ccdab1683f,Woolworths Supermarket,Pantry,Macro Organic Quinoa Tri Colour 500g,717631,$7.00,$1.40 / 100G,https://www.woolworths.com.au/shop/productdetails/717631/macro-organic-quinoa-tri-colour,https://cdn0.woolworths.media/content/wowproductimages/medium/717631.jpg,2020-09-21 17:27:05,Average product rating out of 5: 4.6. Product score is based on 274 ratings,274,Was $9.99 09/01/2017,True
9f107d7e-1e49-483c-ae1a-8357b401ee6c,Woolworths Supermarket,Pantry,Mckenzie's Himalayan Salt Rock Pink 400g,749926,$5.95,$0.15 / 10G,https://www.woolworths.com.au/shop/productdetails/749926/mckenzie-s-himalayan-salt-rock-pink,https://cdn0.woolworths.media/content/wowproductimages/medium/749926.jpg,2020-09-21 17:27:05,,0,,True
946b688d-1f0a-4534-8083-38539e94c220,Woolworths Supermarket,Pantry,Woolworths Diced Italian Tomatoes No Added Salt 400g,770320,$0.80,$2.00 / 1KG,https://www.woolworths.com.au/shop/productdetails/770320/woolworths-diced-italian-tomatoes-no-added-salt,https://cdn0.woolworths.media/content/wowproductimages/medium/770320.jpg,2020-09-21 17:27:05,Average product rating out of 5: 4.7. Product score is based on 311 ratings,311,,True
cbccbfba-98e5-455b-ba94-d76335b0b21a,Woolworths Supermarket,Pantry,Continental Cup A Soup Creamy Chicken With Lots Of Noodles 2 pack,026649,$2.00,$3.33 / 100G,https://www.woolworths.com.au/shop/productdetails/26649/continental-cup-a-soup-creamy-chicken-with-lots-of-noodles,https://cdn0.woolworths.media/content/wowproductimages/medium/026649.jpg,2020-09-21 17:27:05,,0,,True
e420f37f-9a14-4867-9e93-0a2018960295,Woolworths Supermarket,Pantry,Queen Organic Vanilla Bean Paste 65g,225399,$11.80,$18.15 / 100G,https://www.woolworths.com.au/shop/productdetails/225399/queen-organic-vanilla-bean-paste,https://cdn0.woolworths.media/content/wowproductimages/medium/225399.jpg,2020-09-21 17:27:05,,0,,True
f0f9e6b2-2fcc-409b-99ce-b120521c2808,Woolworths Supermarket,Pantry,Vege Chips Chicken Style 100g,793382,$3.80,$3.80 / 100G,https://www.woolworths.com.au/shop/productdetails/793382/vege-chips-chicken-style,https://cdn0.woolworths.media/content/wowproductimages/medium/793382.jpg,2020-09-21 17:27:05,Average product rating out of 5: 4.7. Product score is based on 20 ratings,20,,True
fa1812ea-2e5d-4de9-b704-ee8e6b6bbca4,Woolworths Supermarket,Pantry,Woolworths Almond Meal 400g,610610,$7.50,$18.75 / 1KG,https://www.woolworths.com.au/shop/productdetails/610610/woolworths-almond-meal,https://cdn0.woolworths.media/content/wowproductimages/medium/610610.jpg,2020-09-21 17:27:05,Average product rating out of 5: 4.6. Product score is based on 326 ratings,326,Was $9.00 22/07/2020,True
52efafba-1db8-4280-8bde-5f417cc5f205,Woolworths Supermarket,Pantry,Moccona Freeze Dried Instant Coffee Classic Medium Roast 400g,208575,$24.00,$6.00 / 100G,https://www.woolworths.com.au/shop/productdetails/208575/moccona-freeze-dried-instant-coffee-classic-medium-roast,https://cdn0.woolworths.media/content/wowproductimages/medium/208575.jpg,2020-09-21 17:27:05,,0,,True
4c5f60c5-5161-4e19-b363-3e4a67369761,Woolworths Supermarket,Pantry,Cadbury Dairy Milk Chocolate Fair Trade 350g,757883,$5.00,$1.43 / 100G,https://www.woolworths.com.au/shop/productdetails/757883/cadbury-dairy-milk-chocolate-fair-trade,https://cdn0.woolworths.media/content/wowproductimages/medium/757883.jpg,2020-09-21 17:27:05,,0,Was $6.30 16/01/2017,True
6852dcc0-11a2-4b8e-81bd-c374c5e5d515,Woolworths Supermarket,Pantry,Beechworth Pure Honey 1.5kg,250371,$22.00,$1.47 / 100G,https://www.woolworths.com.au/shop/productdetails/250371/beechworth-pure-honey,https://cdn0.woolworths.media/content/wowproductimages/medium/250371.jpg,2020-09-21 17:27:05,,0,,True
b1d6efee-c95a-4999-a4be-0343034dcb78,Woolworths Supermarket,Pantry,Sanitarium Weet-bix Breakfast Cereal 1.2kg,200695,$5.00,$0.42 / 100G,https://www.woolworths.com.au/shop/productdetails/200695/sanitarium-weet-bix-breakfast-cereal,https://cdn0.woolworths.media/content/wowproductimages/medium/200695.jpg,2020-09-21 17:27:05,,0,,True
4305bcd1-76fb-4944-806c-91e7f10edf1e,Woolworths Supermarket,Pantry,Woolworths White Rice Long Grain 5kg,072779,$6.70,$0.13 / 100G,https://www.woolworths.com.au/shop/productdetails/72779/woolworths-white-rice-long-grain,https://cdn0.woolworths.media/content/wowproductimages/medium/072779.jpg,2020-09-21 17:27:05,Average product rating out of 5: 4.8. Product score is based on 14 ratings,14,,True
af64d44b-6fb4-43a1-91bf-5774ff3fcad2,Woolworths Supermarket,Pantry,Ritz Crackers Original 300g,660562,$2.50,$0.83 / 100G,https://www.woolworths.com.au/shop/productdetails/660562/ritz-crackers-original,https://cdn0.woolworths.media/content/wowproductimages/medium/660562.jpg,2020-09-21 17:27:05,,0,,True
024417e5-f2a5-4d2a-a191-6614cfe5030a,Woolworths Supermarket,Pantry,Woolworths Walnuts Kernel 500g,749540,$11.00,$22.00 / 1KG,https://www.woolworths.com.au/shop/productdetails/749540/woolworths-walnuts-kernel,https://cdn0.woolworths.media/content/wowproductimages/medium/749540.jpg,2020-09-21 17:27:05,Average product rating out of 5: 4.8. Product score is based on 360 ratings,360,,True
87aaab15-55f9-4ae8-8eed-9240d0a55792,Woolworths Supermarket,Pantry,Woolworths Rolled Traditional Oats 750g,321220,$1.40,$0.19 / 100G,https://www.woolworths.com.au/shop/productdetails/321220/woolworths-rolled-traditional-oats,https://cdn0.woolworths.media/content/wowproductimages/medium/321220.jpg,2020-09-21 17:27:05,Average product rating out of 5: 4.6. Product score is based on 748 ratings,748,,True
8b84804b-84c6-4be3-b12b-9aca9a347110,Woolworths Supermarket,Pantry,Arnott's Tee Vee Snacks Original 175g,188562,$2.00,$1.14 / 100G,https://www.woolworths.com.au/shop/productdetails/188562/arnott-s-tee-vee-snacks-original,https://cdn0.woolworths.media/content/wowproductimages/medium/188562.jpg,2020-09-21 17:27:05,,0,,True
e64ee58c-bfa8-462b-809c-d63bedd32dc2,Woolworths Supermarket,Pantry,Sunrice Japanese Style Sushi Rice 750g,188578,$3.50,$0.47 / 100G,https://www.woolworths.com.au/shop/productdetails/188578/sunrice-japanese-style-sushi-rice,https://cdn0.woolworths.media/content/wowproductimages/medium/188578.jpg,2020-09-21 17:27:05,,0,,True
e3077e5c-eeb8-4f09-9ab7-76fb98149a0e,Woolworths Supermarket,Pantry,Nestle Plaistowe Cooking Chocolate Extra Creamy Premium White 180g,188643,$4.00,$2.22 / 100G,https://www.woolworths.com.au/shop/productdetails/188643/nestle-plaistowe-cooking-chocolate-extra-creamy-premium-white,https://cdn0.woolworths.media/content/wowproductimages/medium/188643.jpg,2020-09-21 17:27:05,,0,Was $4.75 20/02/2017,True
56e101c5-be08-4f3b-9edc-0993433563e1,Woolworths Supermarket,Pantry,Nestle Plaistowe Milk Cooking Chocolate 200g,188644,$4.00,$2.00 / 100G,https://www.woolworths.com.au/shop/productdetails/188644/nestle-plaistowe-milk-cooking-chocolate,https://cdn0.woolworths.media/content/wowproductimages/medium/188644.jpg,2020-09-21 17:27:05,,0,Was $4.75 20/02/2017,True
859a0068-2072-48f9-a457-35f363277e08,Woolworths Supermarket,Pantry,Essentials Pasta Spirals 500g,188799,$0.80,$0.16 / 100G,https://www.woolworths.com.au/shop/productdetails/188799/essentials-pasta-spirals,https://cdn0.woolworths.media/content/wowproductimages/medium/188799.jpg,2020-09-21 17:27:05,Average product rating out of 5: 4.5. Product score is based on 712 ratings,712,,True
85af9a62-0b6f-4dbb-8590-159ee57f6173,Woolworths Supermarket,Pantry,Essentials Pasta Penne 500g,188800,$0.80,$0.16 / 100G,https://www.woolworths.com.au/shop/productdetails/188800/essentials-pasta-penne,https://cdn0.woolworths.media/content/wowproductimages/medium/188800.jpg,2020-09-21 17:27:05,,0,,True
7b6ab3b7-03b6-4d3f-9704-35b31902eaf4,Woolworths Supermarket,Pantry,Sanitarium Up&go Liquid Breakfast Strawberry 6 pack,189655,$9.00,$6.00 / 1L,https://www.woolworths.com.au/shop/productdetails/189655/sanitarium-up-go-liquid-breakfast-strawberry,https://cdn0.woolworths.media/content/wowproductimages/medium/189655.jpg,2020-09-21 17:27:05,,0,,True
2437e165-f158-4be8-978e-0f96c778a1ec,Woolworths Supermarket,Pantry,Sanitarium Up&go Liquid Breakfast Vanilla Ice 3 pack,189701,$4.80,$6.40 / 1L,https://www.woolworths.com.au/shop/productdetails/189701/sanitarium-up-go-liquid-breakfast-vanilla-ice,https://cdn0.woolworths.media/content/wowproductimages/medium/189701.jpg,2020-09-21 17:27:05,,0,,True
ade6d89f-e1db-441c-b099-98a73e4fd2cb,Woolworths Supermarket,Pantry,Pandaroo Lite Coconut Milk 400ml,189721,$1.40,$0.35 / 100ML,https://www.woolworths.com.au/shop/productdetails/189721/pandaroo-lite-coconut-milk,https://cdn0.woolworths.media/content/wowproductimages/medium/189721.jpg,2020-09-21 17:27:05,,0,Was $1.70 11/06/2018,True
8a878ab0-acd9-4ce0-b47f-57d7338bce31,Woolworths Supermarket,Pantry,Pandaroo Coconut Milk 400ml,189725,$1.40,$0.35 / 100ML,https://www.woolworths.com.au/shop/productdetails/189725/pandaroo-coconut-milk,https://cdn0.woolworths.media/content/wowproductimages/medium/189725.jpg,2020-09-21 17:27:05,,0,Was $1.70 11/06/2018,True
a28fe02f-c1d3-48cd-b4c2-a7182f700d36,Woolworths Supermarket,Pantry,Pandaroo Coconut Cream 400ml,189726,$1.60,$0.40 / 100ML,https://www.woolworths.com.au/shop/productdetails/189726/pandaroo-coconut-cream,https://cdn0.woolworths.media/content/wowproductimages/medium/189726.jpg,2020-09-21 17:27:05,,0,,True
cb1b8890-9b70-489b-b467-631dd4f21f15,Woolworths Supermarket,Pantry,Freedom Foods Cereal Ultra Rice Maple Crunch 300g,191563,$4.00,$1.33 / 100G,https://www.woolworths.com.au/shop/productdetails/191563/freedom-foods-cereal-ultra-rice-maple-crunch,https://cdn0.woolworths.media/content/wowproductimages/medium/191563.jpg,2020-09-21 17:27:05,Average product rating out of 5: 4.3. Product score is based on 23 ratings,23,,True
fa8832b7-1fbe-493d-8328-56b183a0225d,Woolworths Supermarket,Pantry,All Natural Bakery Bars Slice Oat Almond & Apricot 100g,192161,$2.70,$2.70 / 100G,https://www.woolworths.com.au/shop/productdetails/192161/all-natural-bakery-bars-slice-oat-almond-apricot,https://cdn0.woolworths.media/content/wowproductimages/medium/192161.jpg,2020-09-21 17:27:05,Average product rating out of 5: 4.7. Product score is based on 3 ratings,3,,True
9c1aefad-e2f8-41d2-a8cd-131d0bfc0201,Woolworths Supermarket,Pantry,All Natural Bakery Bars Slice Oat Fruit & Nut 100g,192179,$2.70,$2.70 / 100G,https://www.woolworths.com.au/shop/productdetails/192179/all-natural-bakery-bars-slice-oat-fruit-nut,https://cdn0.woolworths.media/content/wowproductimages/medium/192179.jpg,2020-09-21 17:27:05,Average product rating out of 5: 5.0. Product score is based on 5 ratings,5,,True
53f6225d-dce5-453a-a806-91c0694055ca,Woolworths Supermarket,Pantry,Edgell Creamed Corn Value Pack 4x125g,192815,$3.00,$6.00 / 1KG,https://www.woolworths.com.au/shop/productdetails/192815/edgell-creamed-corn-value-pack,https://cdn0.woolworths.media/content/wowproductimages/medium/192815.jpg,2020-09-21 17:27:05,,0,,True
61803994-43d2-474e-92ab-8c1bbbb107bf,Woolworths Supermarket,Pantry,Edgell Corn Kernels Value Pack 4x125g,192816,$3.00,$6.00 / 1KG,https://www.woolworths.com.au/shop/productdetails/192816/edgell-corn-kernels-value-pack,https://cdn0.woolworths.media/content/wowproductimages/medium/192816.jpg,2020-09-21 17:27:05,,0,,True
99f2c273-b356-42c5-82c2-503597ad5c95,Woolworths Supermarket,Pantry,Always Fresh Asparagus In Springwater 340g,192826,$4.65,$13.68 / 1KG,https://www.woolworths.com.au/shop/productdetails/192826/always-fresh-asparagus-in-springwater,https://cdn0.woolworths.media/content/wowproductimages/medium/192826.jpg,2020-09-21 17:27:05,,0,,True
61facb4b-ed3e-4d12-9ad0-a834164cbb83,Woolworths Supermarket,Pantry,Masterfoods Garlic Herb Seasoning 37g,193069,$2.90,$0.78 / 10G,https://www.woolworths.com.au/shop/productdetails/193069/masterfoods-garlic-herb-seasoning,https://cdn0.woolworths.media/content/wowproductimages/medium/193069.jpg,2020-09-21 17:27:05,,0,,True
32529c93-39b9-491e-bc57-72226e8cdb46,Woolworths Supermarket,Pantry,Cobram Estate Olive Oil Extra Virgin 375ml,193319,$7.00,$1.87 / 100ML,https://www.woolworths.com.au/shop/productdetails/193319/cobram-estate-olive-oil-extra-virgin,https://cdn0.woolworths.media/content/wowproductimages/medium/193319.jpg,2020-09-21 17:27:05,,0,,True
ed7de2c4-9725-4d87-b671-60ec2f0cd48f,Woolworths Supermarket,Pantry,Woolworths Burrito Tortillas 15 pack,193458,$4.00,$0.58 / 100G,https://www.woolworths.com.au/shop/productdetails/193458/woolworths-burrito-tortillas,https://cdn0.woolworths.media/content/wowproductimages/medium/193458.jpg,2020-09-21 17:27:05,Average product rating out of 5: 4.5. Product score is based on 412 ratings,412,,True
7bf59074-7a99-422d-8854-b3024007f042,Woolworths Supermarket,Pantry,Fresh Medjool Dates Loose per kg,193885,$20.00,$20.00 / 1KG,https://www.woolworths.com.au/shop/productdetails/193885/fresh-medjool-dates-loose,https://cdn0.woolworths.media/content/wowproductimages/medium/193885.jpg,2020-09-21 17:27:05,Average product rating out of 5: 4.5. Product score is based on 217 ratings,217,,True
b8960dbd-1f24-4d54-ab66-1aad3cc3f312,Woolworths Supermarket,Pantry,Beechworth Pure Squeezable Honey 400g,194384,$8.20,$2.05 / 100G,https://www.woolworths.com.au/shop/productdetails/194384/beechworth-pure-squeezable-honey,https://cdn0.woolworths.media/content/wowproductimages/medium/194384.jpg,2020-09-21 17:27:05,,0,,True
537a64b3-ddc4-4f14-b1d0-0fbca84ed1a5,Woolworths Supermarket,Pantry,Jols Sugar Free Pastilles Forest Berries 23g,194854,$1.50,$6.52 / 100G,https://www.woolworths.com.au/shop/productdetails/194854/jols-sugar-free-pastilles-forest-berries,https://cdn0.woolworths.media/content/wowproductimages/medium/194854.jpg,2020-09-21 17:27:05,,0,Was $2.00 07/08/2017,True
1ac3cca7-4c01-4a15-a8bb-15965d3d8610,Woolworths Supermarket,Pantry,Cadbury Fry's Turkish Delight Sharepack 12 pack,194882,$2.50,$1.39 / 100G,https://www.woolworths.com.au/shop/productdetails/194882/cadbury-fry-s-turkish-delight-sharepack,https://cdn0.woolworths.media/content/wowproductimages/medium/194882.jpg,2020-09-21 17:27:05,,0,,True
ec1ecede-f75d-4352-b602-939f933d3487,Woolworths Supermarket,Pantry,Masterfoods Barbecue Sauce 500ml,099696,$2.50,$0.50 / 100ML,https://www.woolworths.com.au/shop/productdetails/99696/masterfoods-barbecue-sauce,https://cdn0.woolworths.media/content/wowproductimages/medium/099696.jpg,2020-09-21 17:27:05,,0,,True
f878663f-09d4-47dc-9197-452b376735ec,Woolworths Supermarket,Pantry,Doritos Share Pack Cheese Supreme 170g,826731,$2.75,$1.62 / 100G,https://www.woolworths.com.au/shop/productdetails/826731/doritos-share-pack-cheese-supreme,https://cdn0.woolworths.media/content/wowproductimages/medium/826731.jpg,2020-09-21 17:27:05,,0,,True
f0197f17-6a55-4e11-878c-adf9497abd62,Woolworths Supermarket,Pantry,Arnott's Shortbread 250g,008838,$2.50,$1.00 / 100G,https://www.woolworths.com.au/shop/productdetails/8838/arnott-s-shortbread,https://cdn0.woolworths.media/content/wowproductimages/medium/008838.jpg,2020-09-21 17:27:05,,0,,True
34dc4ee5-6b42-489b-91fc-8dea12193161,Woolworths Supermarket,Pantry,Twisties Cheese Chips 90g,081659,$2.00,$2.22 / 100G,https://www.woolworths.com.au/shop/productdetails/81659/twisties-cheese-chips,https://cdn0.woolworths.media/content/wowproductimages/medium/081659.jpg,2020-09-21 17:27:05,,0,,True
83d1b1f9-f10b-4ace-a86d-ecfe8cd1edb5,Woolworths Supermarket,Pantry,Bertolli Extra Virgin Olive Oil Originale 750ml,502951,$6.50,$0.87 / 100ML,https://www.woolworths.com.au/shop/productdetails/502951/bertolli-extra-virgin-olive-oil-originale,https://cdn0.woolworths.media/content/wowproductimages/medium/502951.jpg,2020-09-21 17:27:05,,0,,True
a7ab0ea5-1680-45e5-ac94-694e5bd8f571,Woolworths Supermarket,Pantry,Valcom Canned Bamboo Shoots Sliced 225g,097730,$1.10,$4.89 / 1KG,https://www.woolworths.com.au/shop/productdetails/97730/valcom-canned-bamboo-shoots-sliced,https://cdn0.woolworths.media/content/wowproductimages/medium/097730.jpg,2020-09-21 17:27:05,,0,,True
0ed201ba-136d-4df3-80c3-c94a8279f7e9,Woolworths Supermarket,Pantry,Kellogg's Nutri-grain Protein Breakfast Cereal 290g,701706,$4.95,$1.71 / 100G,https://www.woolworths.com.au/shop/productdetails/701706/kellogg-s-nutri-grain-protein-breakfast-cereal,https://cdn0.woolworths.media/content/wowproductimages/medium/701706.jpg,2020-09-21 17:27:05,,0,,True
434b2158-74f9-4306-a119-c26b7a3d358f,Woolworths Supermarket,Pantry,Arnott's Malt O' Milk 250g,036036,$2.50,$1.00 / 100G,https://www.woolworths.com.au/shop/productdetails/36036/arnott-s-malt-o-milk,https://cdn0.woolworths.media/content/wowproductimages/medium/036036.jpg,2020-09-21 17:27:05,,0,,True
367e65ae-8931-4a40-9eb6-5f788aa7f45b,Woolworths Supermarket,Pantry,Smith's Share Pack Crinkle Cut Salt & Vinegar 170g,826738,$2.75,$1.62 / 100G,https://www.woolworths.com.au/shop/productdetails/826738/smith-s-share-pack-crinkle-cut-salt-vinegar,https://cdn0.woolworths.media/content/wowproductimages/medium/826738.jpg,2020-09-21 17:27:05,,0,,True
18d3334b-a731-4043-88c6-58bdb2893b01,Woolworths Supermarket,Pantry,Arnott's Snack Right Sultana 250g,182697,$3.00,$1.20 / 100G,https://www.woolworths.com.au/shop/productdetails/182697/arnott-s-snack-right-sultana,https://cdn0.woolworths.media/content/wowproductimages/medium/182697.jpg,2020-09-21 17:27:05,,0,Was $4.20 11/02/2019,True
8a1ebe0d-ba74-43e6-a367-ba73077aa9d1,Woolworths Supermarket,Pantry,Toblerone Milk Chocolate Bar 50g,047011,$1.00,$2.00 / 100G,https://www.woolworths.com.au/shop/productdetails/47011/toblerone-milk-chocolate-bar,https://cdn0.woolworths.media/content/wowproductimages/medium/047011.jpg,2020-09-21 17:27:05,,0,,True
bc6b8417-7e1b-4c37-94da-d49afa51f1a6,Woolworths Supermarket,Pantry,Kooka's Country Cookies Lemon 200g,347837,$2.00,$1.00 / 100G,https://www.woolworths.com.au/shop/productdetails/347837/kooka-s-country-cookies-lemon,https://cdn0.woolworths.media/content/wowproductimages/medium/347837.jpg,2020-09-21 17:27:05,,0,,True
6cdaeee2-dd9b-40c8-b431-d329edfdba2d,Woolworths Supermarket,Pantry,Uncle Tobys Roll-ups Strawberry Fun Prints 6 pack,324231,$4.00,$4.26 / 100G,https://www.woolworths.com.au/shop/productdetails/324231/uncle-tobys-roll-ups-strawberry-fun-prints,https://cdn0.woolworths.media/content/wowproductimages/medium/324231.jpg,2020-09-21 17:27:05,,0,,True
6d69785d-774b-4743-96a6-3f1030a4dbe6,Woolworths Supermarket,Pantry,Woolworths Corn Sweet Kernels 420g,218926,$1.00,$2.38 / 1KG,https://www.woolworths.com.au/shop/productdetails/218926/woolworths-corn-sweet-kernels,https://cdn0.woolworths.media/content/wowproductimages/medium/218926.jpg,2020-09-21 17:27:05,Average product rating out of 5: 4.1. Product score is based on 215 ratings,215,,True
7da6920c-0e26-40db-b08f-5a9d77a575ac,Woolworths Supermarket,Pantry,Moccona Freeze Dried Instant Coffee Classic Medium Roast 400g,208575,$24.00,$6.00 / 100G,https://www.woolworths.com.au/shop/productdetails/208575/moccona-freeze-dried-instant-coffee-classic-medium-roast,https://cdn0.woolworths.media/content/wowproductimages/medium/208575.jpg,2020-09-21 17:27:05,,0,,True
aa8a8f4d-4299-4e20-bc0a-469aa3e5123d,Woolworths Supermarket,Pantry,Macro Organic Quinoa Tri Colour 500g,717631,$7.00,$1.40 / 100G,https://www.woolworths.com.au/shop/productdetails/717631/macro-organic-quinoa-tri-colour,https://cdn0.woolworths.media/content/wowproductimages/medium/717631.jpg,2020-09-21 17:27:05,Average product rating out of 5: 4.6. Product score is based on 274 ratings,274,Was $9.99 09/01/2017,True
8addc576-ec0c-412f-93b5-c825cd0f4a09,Woolworths Supermarket,Pantry,Arnott's Shapes Cheddar 175g,384244,$2.50,$1.43 / 100G,https://www.woolworths.com.au/shop/productdetails/384244/arnott-s-shapes-cheddar,https://cdn0.woolworths.media/content/wowproductimages/medium/384244.jpg,2020-09-21 17:27:05,,0,,True
d1e44492-c674-4421-bcd5-0f9b6389bc22,Woolworths Supermarket,Pantry,Uncle Ben's Microwave Mexican Style Brown Rice 250g,727257,$3.00,$1.20 / 100G,https://www.woolworths.com.au/shop/productdetails/727257/uncle-ben-s-microwave-mexican-style-brown-rice,https://cdn0.woolworths.media/content/wowproductimages/medium/727257.jpg,2020-09-21 17:27:05,,0,,True
ce8cf886-24e7-455c-a94c-711528b56e6c,Woolworths Supermarket,Pantry,Pringles Sour Cream And Onion Chips 134g,479502,$2.50,$1.87 / 100G,https://www.woolworths.com.au/shop/productdetails/479502/pringles-sour-cream-and-onion-chips,https://cdn0.woolworths.media/content/wowproductimages/medium/479502.jpg,2020-09-21 17:27:05,,0,,True
f5817a36-8d86-41f4-85fd-7a7511689f27,Woolworths Supermarket,Pantry,Chicken Tonight Simmer Sauce Butter Chicken 495g,194935,$2.50,$0.51 / 100G,https://www.woolworths.com.au/shop/productdetails/194935/chicken-tonight-simmer-sauce-butter-chicken,https://cdn0.woolworths.media/content/wowproductimages/medium/194935.jpg,2020-09-21 17:27:05,,0,Was $3.20 22/05/2018,True
0bd2c86e-69d2-40ea-b379-dde7bccb251d,Woolworths Supermarket,Pantry,Taylor's Simmer Sauce Kashmiri Butter Chicken 485g,194994,$3.90,$0.80 / 100G,https://www.woolworths.com.au/shop/productdetails/194994/taylor-s-simmer-sauce-kashmiri-butter-chicken,https://cdn0.woolworths.media/content/wowproductimages/medium/194994.jpg,2020-09-21 17:27:05,,0,,True
bdaf8d9d-e613-45ad-a72d-152bdf21ad73,Woolworths Supermarket,Pantry,Moro Vinegar White Wine 500ml,195090,$3.50,$0.70 / 100ML,https://www.woolworths.com.au/shop/productdetails/195090/moro-vinegar-white-wine,https://cdn0.woolworths.media/content/wowproductimages/medium/195090.jpg,2020-09-21 17:27:05,,0,,True
2e7b4554-0610-46e6-b207-8bcc2c737fb4,Woolworths Supermarket,Pantry,Moro Vinegar Red Wine 500ml,195091,$3.50,$0.70 / 100ML,https://www.woolworths.com.au/shop/productdetails/195091/moro-vinegar-red-wine,https://cdn0.woolworths.media/content/wowproductimages/medium/195091.jpg,2020-09-21 17:27:05,,0,,True
aa70701b-10eb-4d6a-8434-e011846e17fa,Woolworths Supermarket,Pantry,Annalisa Lentils 400g,195100,$1.50,$3.75 / 1KG,https://www.woolworths.com.au/shop/productdetails/195100/annalisa-lentils,https://cdn0.woolworths.media/content/wowproductimages/medium/195100.jpg,2020-09-21 17:27:05,,0,,True
d87c1d57-5cb2-4a7d-8f4b-9f1f93fec85b,Woolworths Supermarket,Pantry,Nescafe Coffee Mixer Sachets Cappuccino 10 pack,195108,$3.15,$0.32 / 1EA,https://www.woolworths.com.au/shop/productdetails/195108/nescafe-coffee-mixer-sachets-cappuccino,https://cdn0.woolworths.media/content/wowproductimages/medium/195108.jpg,2020-09-21 17:27:05,,0,,True
f9d16cf8-339d-4947-82bf-25e1d5f18313,Woolworths Supermarket,Pantry,Spring Gully Pickles Green Tomato 415g,195294,$3.30,$7.95 / 1KG,https://www.woolworths.com.au/shop/productdetails/195294/spring-gully-pickles-green-tomato,https://cdn0.woolworths.media/content/wowproductimages/medium/195294.jpg,2020-09-21 17:27:05,,0,,True
d9eafc60-915d-4bfb-9f13-fbd48a451f1c,Woolworths Supermarket,Pantry,Essentials Choc Chip Cookies 500g,195479,$1.99,$0.40 / 100G,https://www.woolworths.com.au/shop/productdetails/195479/essentials-choc-chip-cookies,https://cdn0.woolworths.media/content/wowproductimages/medium/195479.jpg,2020-09-21 17:27:05,Average product rating out of 5: 3.8. Product score is based on 236 ratings,236,,True
c863b7a9-669d-4d8f-82bd-9023d3dc875f,Woolworths Supermarket,Pantry,San Remo Fettuccine Curly Pasta No 80 500g,195750,$2.60,$0.52 / 100G,https://www.woolworths.com.au/shop/productdetails/195750/san-remo-fettuccine-curly-pasta-no-80,https://cdn0.woolworths.media/content/wowproductimages/medium/195750.jpg,2020-09-21 17:27:05,,0,,True
38c984ac-c4c8-44b8-a228-7bad3c5b0f1a,Woolworths Supermarket,Pantry,Hubba Bubba Seriously Strawberry Bubble Gum Tape 56g,196083,$2.40,$4.29 / 100G,https://www.woolworths.com.au/shop/productdetails/196083/hubba-bubba-seriously-strawberry-bubble-gum-tape,https://cdn0.woolworths.media/content/wowproductimages/medium/196083.jpg,2020-09-21 17:27:05,,0,,True
eb7c8d73-d6c6-442d-a9dc-8e07dc59e26b,Woolworths Supermarket,Pantry,Hubba Bubba Groovy Grape Bubble Gum Tape 56g,196096,$2.40,$4.29 / 100G,https://www.woolworths.com.au/shop/productdetails/196096/hubba-bubba-groovy-grape-bubble-gum-tape,https://cdn0.woolworths.media/content/wowproductimages/medium/196096.jpg,2020-09-21 17:27:05,,0,,True
4f44d1d9-cf2c-4058-9875-056a7066f76d,Woolworths Supermarket,Pantry,Essentials Chocolate Topping 600ml,196455,$1.75,$0.29 / 100ML,https://www.woolworths.com.au/shop/productdetails/196455/essentials-chocolate-topping,https://cdn0.woolworths.media/content/wowproductimages/medium/196455.jpg,2020-09-21 17:27:05,,0,,True
d9c21068-2f8c-4bb9-bd49-1d53e9540318,Woolworths Supermarket,Pantry,Dilmah Extra Strength Tea Bags 100 pack,196566,$7.00,$0.07 / 1EA,https://www.woolworths.com.au/shop/productdetails/196566/dilmah-extra-strength-tea-bags,https://cdn0.woolworths.media/content/wowproductimages/medium/196566.jpg,2020-09-21 17:27:05,,0,,True
93785f96-5dfc-4862-bece-ef481364d0ee,Woolworths Supermarket,Pantry,Woolworths Creamed Rice 420g,196943,$1.00,$0.24 / 100G,https://www.woolworths.com.au/shop/productdetails/196943/woolworths-creamed-rice,https://cdn0.woolworths.media/content/wowproductimages/medium/196943.jpg,2020-09-21 17:27:05,,0,,True
b589042a-f743-49a7-81e3-a2a11fda822e,Woolworths Supermarket,Pantry,Wokka Noodles Singapore Style Shelf Fresh 440g,196948,$2.70,$0.61 / 100G,https://www.woolworths.com.au/shop/productdetails/196948/wokka-noodles-singapore-style-shelf-fresh,https://cdn0.woolworths.media/content/wowproductimages/medium/196948.jpg,2020-09-21 17:27:05,,0,Was $3.05 13/11/2017,True
b5a2eb1c-ba93-4ae0-a118-d94674829708,Woolworths Supermarket,Pantry,Trident Dates Pitted 600g,196979,$4.30,$7.17 / 1KG,https://www.woolworths.com.au/shop/productdetails/196979/trident-dates-pitted,https://cdn0.woolworths.media/content/wowproductimages/medium/196979.jpg,2020-09-21 17:27:05,,0,,True
38ded2db-d8d2-4571-b621-1d636ec29e6b,Woolworths Supermarket,Pantry,Natural Coarse Sea Salt Ceramic Grinder 100g,197116,$4.50,$0.45 / 10G,https://www.woolworths.com.au/shop/productdetails/197116/natural-coarse-sea-salt-ceramic-grinder,https://cdn0.woolworths.media/content/wowproductimages/medium/197116.jpg,2020-09-21 17:27:05,,0,Was $5.00 06/08/2018,True
c59c6741-6535-4c93-b206-9b9cb075303b,Woolworths Supermarket,Pantry,Arnott's Cruskits 98% Fat Free 125g,197462,$2.50,$2.00 / 100G,https://www.woolworths.com.au/shop/productdetails/197462/arnott-s-cruskits-98-fat-free,https://cdn0.woolworths.media/content/wowproductimages/medium/197462.jpg,2020-09-21 17:27:05,,0,,True
56ab1d3c-308c-44a9-b6f7-6615d3855483,Woolworths Supermarket,Pantry,Arnott's Cruskits Rye 125g,197463,$2.50,$2.00 / 100G,https://www.woolworths.com.au/shop/productdetails/197463/arnott-s-cruskits-rye,https://cdn0.woolworths.media/content/wowproductimages/medium/197463.jpg,2020-09-21 17:27:05,,0,,True
a1ee2acd-d18e-4429-8997-36ed75938597,Woolworths Supermarket,Pantry,Nestle Milo Cereal 350g,197921,$5.30,$1.51 / 100G,https://www.woolworths.com.au/shop/productdetails/197921/nestle-milo-cereal,https://cdn0.woolworths.media/content/wowproductimages/medium/197921.jpg,2020-09-21 17:27:05,,0,,True
73427e11-09fe-4dca-ade4-a497ce6f680e,Woolworths Supermarket,Pantry,Valcom Ingredients Kaffir Lime Leaves 100g,198503,$2.85,$2.85 / 100G,https://www.woolworths.com.au/shop/productdetails/198503/valcom-ingredients-kaffir-lime-leaves,https://cdn0.woolworths.media/content/wowproductimages/medium/198503.jpg,2020-09-21 17:27:05,,0,,True
b2b161f1-9b14-47b8-97d2-ca00c9ef69ed,Woolworths Supermarket,Pantry,Always Fresh Dolmades 280g,198678,$4.00,$14.29 / 1KG,https://www.woolworths.com.au/shop/productdetails/198678/always-fresh-dolmades,https://cdn0.woolworths.media/content/wowproductimages/medium/198678.jpg,2020-09-21 17:27:05,,0,,True
2ae7d9af-f271-4fd4-85c0-9cb60c93b635,Woolworths Supermarket,Pantry,Lee Kum Kee Soy Sauce Premium 500ml,198763,$3.80,$0.76 / 100ML,https://www.woolworths.com.au/shop/productdetails/198763/lee-kum-kee-soy-sauce-premium,https://cdn0.woolworths.media/content/wowproductimages/medium/198763.jpg,2020-09-21 17:27:05,,0,,True
af051a99-f119-4196-96ce-7ee9d811e292,Woolworths Supermarket,Pantry,Nescafe Blend 43 Soluble Instant Coffee 300g,199136,$10.00,$3.33 / 100G,https://www.woolworths.com.au/shop/productdetails/199136/nescafe-blend-43-soluble-instant-coffee,https://cdn0.woolworths.media/content/wowproductimages/medium/199136.jpg,2020-09-21 17:27:05,,0,,True
e170a4e8-131e-42e7-889f-de9a9045e305,Woolworths Supermarket,Pantry,Sunbites Grain Waves Sour Cream & Chives 5 pack,720220,$3.10,$2.82 / 100G,https://www.woolworths.com.au/shop/productdetails/720220/sunbites-grain-waves-sour-cream-chives,https://cdn0.woolworths.media/content/wowproductimages/medium/720220.jpg,2020-09-21 17:27:05,,0,2 for $5.00,True
7ae712d2-92ca-4f63-b275-3ed91a221f98,Woolworths Supermarket,Pantry,Woolworths Rolled Traditional Oats 750g,321220,$1.40,$0.19 / 100G,https://www.woolworths.com.au/shop/productdetails/321220/woolworths-rolled-traditional-oats,https://cdn0.woolworths.media/content/wowproductimages/medium/321220.jpg,2020-09-21 17:27:05,Average product rating out of 5: 4.6. Product score is based on 748 ratings,748,,True
fdaa4ace-a69e-4843-9d93-8c1a5f26f90e,Woolworths Supermarket,Pantry,Cadbury Dairy Milk Chocolate Fair Trade 350g,757883,$5.00,$1.43 / 100G,https://www.woolworths.com.au/shop/productdetails/757883/cadbury-dairy-milk-chocolate-fair-trade,https://cdn0.woolworths.media/content/wowproductimages/medium/757883.jpg,2020-09-21 17:27:05,,0,Was $6.30 16/01/2017,True
0faa160e-1e3f-48b0-9277-6ccec91aa824,Woolworths Supermarket,Pantry,Sanitarium Weet-bix Breakfast Cereal 1.2kg,200695,$5.00,$0.42 / 100G,https://www.woolworths.com.au/shop/productdetails/200695/sanitarium-weet-bix-breakfast-cereal,https://cdn0.woolworths.media/content/wowproductimages/medium/200695.jpg,2020-09-21 17:27:05,,0,,True
b2f4f80d-fc5c-4e9c-a36a-efb88bfbc58a,Woolworths Supermarket,Pantry,Vege Chips Chicken Style 100g,793382,$3.80,$3.80 / 100G,https://www.woolworths.com.au/shop/productdetails/793382/vege-chips-chicken-style,https://cdn0.woolworths.media/content/wowproductimages/medium/793382.jpg,2020-09-21 17:27:05,Average product rating out of 5: 4.7. Product score is based on 20 ratings,20,,True
f5e76acf-f461-41f6-b08f-f3f46e9d12bc,Woolworths Supermarket,Pantry,Arnott's Monte Carlo 250g,036031,$3.00,$1.20 / 100G,https://www.woolworths.com.au/shop/productdetails/36031/arnott-s-monte-carlo,https://cdn0.woolworths.media/content/wowproductimages/medium/036031.jpg,2020-09-21 17:27:05,,0,,True
3030308f-03d5-49e6-b774-db5059e31715,Woolworths Supermarket,Pantry,Queen Organic Vanilla Bean Paste 65g,225399,$11.80,$18.15 / 100G,https://www.woolworths.com.au/shop/productdetails/225399/queen-organic-vanilla-bean-paste,https://cdn0.woolworths.media/content/wowproductimages/medium/225399.jpg,2020-09-21 17:27:05,,0,,True
0045cef6-edb8-42e6-bd6c-39756aa962fa,Woolworths Supermarket,Pantry,Woolworths Walnuts Kernel 500g,749540,$11.00,$22.00 / 1KG,https://www.woolworths.com.au/shop/productdetails/749540/woolworths-walnuts-kernel,https://cdn0.woolworths.media/content/wowproductimages/medium/749540.jpg,2020-09-21 17:27:05,Average product rating out of 5: 4.8. Product score is based on 360 ratings,360,,True
f11f90ad-6db0-42a3-8d9f-6f6e433eb400,Woolworths Supermarket,Pantry,Moccona Freeze Dried Instant Coffee Classic Medium Roast 400g,208575,$24.00,$6.00 / 100G,https://www.woolworths.com.au/shop/productdetails/208575/moccona-freeze-dried-instant-coffee-classic-medium-roast,https://cdn0.woolworths.media/content/wowproductimages/medium/208575.jpg,2020-09-21 17:27:05,,0,,True
8ae8052f-9a28-4c5b-a63f-31aec44e7bf3,Woolworths Supermarket,Pantry,Macro Organic Quinoa Tri Colour 500g,717631,$7.00,$1.40 / 100G,https://www.woolworths.com.au/shop/productdetails/717631/macro-organic-quinoa-tri-colour,https://cdn0.woolworths.media/content/wowproductimages/medium/717631.jpg,2020-09-21 17:27:05,Average product rating out of 5: 4.6. Product score is based on 274 ratings,274,Was $9.99 09/01/2017,True
5dc2f9b8-44e1-4e88-b118-9d55924ec33b,Woolworths Supermarket,Pantry,Cobram Estate Extra Virgin Light Olive Oil 750ml,345955,$15.00,$2.00 / 100ML,https://www.woolworths.com.au/shop/productdetails/345955/cobram-estate-extra-virgin-light-olive-oil,https://cdn0.woolworths.media/content/wowproductimages/medium/345955.jpg,2020-09-21 17:27:05,,0,,True
9d41b9a9-1fb1-452a-a6be-bde117d78ac8,Woolworths Supermarket,Pantry,Woolworths Almond Meal 400g,610610,$7.50,$18.75 / 1KG,https://www.woolworths.com.au/shop/productdetails/610610/woolworths-almond-meal,https://cdn0.woolworths.media/content/wowproductimages/medium/610610.jpg,2020-09-21 17:27:05,Average product rating out of 5: 4.6. Product score is based on 326 ratings,326,Was $9.00 22/07/2020,True
a75aea87-1afd-464c-bdcf-f699996f6e97,Woolworths Supermarket,Pantry,Mckenzie's Himalayan Salt Rock Pink 400g,749926,$5.95,$0.15 / 10G,https://www.woolworths.com.au/shop/productdetails/749926/mckenzie-s-himalayan-salt-rock-pink,https://cdn0.woolworths.media/content/wowproductimages/medium/749926.jpg,2020-09-21 17:27:05,,0,,True
85dca063-6cb8-49f3-88e1-408e85f7a337,Woolworths Supermarket,Pantry,Bertolli Extra Virgin Olive Oil Originale 750ml,502951,$6.50,$0.87 / 100ML,https://www.woolworths.com.au/shop/productdetails/502951/bertolli-extra-virgin-olive-oil-originale,https://cdn0.woolworths.media/content/wowproductimages/medium/502951.jpg,2020-09-21 17:27:05,,0,,True
a24f7e17-f7ac-4c8f-a8b2-66828a63704e,Woolworths Supermarket,Pantry,Beechworth Pure Honey 1.5kg,250371,$22.00,$1.47 / 100G,https://www.woolworths.com.au/shop/productdetails/250371/beechworth-pure-honey,https://cdn0.woolworths.media/content/wowproductimages/medium/250371.jpg,2020-09-21 17:27:05,,0,,True
90229cb4-7582-4054-9610-4a97949603bb,Woolworths Supermarket,Pantry,Continental Cup A Soup Creamy Chicken With Lots Of Noodles 2 pack,026649,$2.00,$3.33 / 100G,https://www.woolworths.com.au/shop/productdetails/26649/continental-cup-a-soup-creamy-chicken-with-lots-of-noodles,https://cdn0.woolworths.media/content/wowproductimages/medium/026649.jpg,2020-09-21 17:27:05,,0,,True
fe5db019-103f-4c2d-b197-21ee50960c25,Woolworths Supermarket,Pantry,Nescafe Blend 43 Soluble Instant Coffee 500g,035694,$20.00,$4.00 / 100G,https://www.woolworths.com.au/shop/productdetails/35694/nescafe-blend-43-soluble-instant-coffee,https://cdn0.woolworths.media/content/wowproductimages/medium/035694.jpg,2020-09-21 17:27:05,,0,,True
70c6c886-375a-4dc8-882f-a08ba39a5e5e,Woolworths Supermarket,Pantry,Woolworths White Rice Long Grain 5kg,072779,$6.70,$0.13 / 100G,https://www.woolworths.com.au/shop/productdetails/72779/woolworths-white-rice-long-grain,https://cdn0.woolworths.media/content/wowproductimages/medium/072779.jpg,2020-09-21 17:27:05,Average product rating out of 5: 4.8. Product score is based on 14 ratings,14,,True
5a480555-b0b0-48d9-9f85-33fca5c1ccc0,Woolworths Supermarket,Pantry,Ritz Crackers Original 300g,660562,$2.50,$0.83 / 100G,https://www.woolworths.com.au/shop/productdetails/660562/ritz-crackers-original,https://cdn0.woolworths.media/content/wowproductimages/medium/660562.jpg,2020-09-21 17:27:05,,0,,True
4a289fe4-7024-430c-95db-0523b28bdfaf,Woolworths Supermarket,Pantry,Woolworths Diced Italian Tomatoes No Added Salt 400g,770320,$0.80,$2.00 / 1KG,https://www.woolworths.com.au/shop/productdetails/770320/woolworths-diced-italian-tomatoes-no-added-salt,https://cdn0.woolworths.media/content/wowproductimages/medium/770320.jpg,2020-09-21 17:27:05,Average product rating out of 5: 4.7. Product score is based on 311 ratings,311,,True
97882e52-61d5-4ff4-9730-9af065a9eb4a,Woolworths Supermarket,Pantry,Sakata Rice Crackers Cheddar Cheese 100g,199639,$2.00,$2.00 / 100G,https://www.woolworths.com.au/shop/productdetails/199639/sakata-rice-crackers-cheddar-cheese,https://cdn0.woolworths.media/content/wowproductimages/medium/199639.jpg,2020-09-21 17:27:05,,0,Was $2.40 11/06/2018,True
60374a21-a1c4-4178-ad22-118873cdc8e5,Woolworths Supermarket,Pantry,Sakata Rice Crackers Classic Bbq 100g,199643,$2.00,$2.00 / 100G,https://www.woolworths.com.au/shop/productdetails/199643/sakata-rice-crackers-classic-bbq,https://cdn0.woolworths.media/content/wowproductimages/medium/199643.jpg,2020-09-21 17:27:05,,0,Was $2.40 11/06/2018,True
2d328d35-fb5e-4b4f-93d9-e328d1b419d8,Woolworths Supermarket,Pantry,Sakata Rice Crackers Sour Cream And Chives 100g,199671,$2.00,$2.00 / 100G,https://www.woolworths.com.au/shop/productdetails/199671/sakata-rice-crackers-sour-cream-and-chives,https://cdn0.woolworths.media/content/wowproductimages/medium/199671.jpg,2020-09-21 17:27:05,,0,Was $2.40 11/06/2018,True
497e6401-0140-4865-84fc-4828fff27e71,Woolworths Supermarket,Pantry,Dilmah Extra Strength Tea Bags 50 pack,199689,$3.70,$0.07 / 1EA,https://www.woolworths.com.au/shop/productdetails/199689/dilmah-extra-strength-tea-bags,https://cdn0.woolworths.media/content/wowproductimages/medium/199689.jpg,2020-09-21 17:27:05,,0,,True
aea8f24a-2495-496e-8f83-bd3dbffcdb88,Woolworths Supermarket,Pantry,Barilla Pasta Sauce Ricotta 400g,200132,$2.00,$0.50 / 100G,https://www.woolworths.com.au/shop/productdetails/200132/barilla-pasta-sauce-ricotta,https://cdn0.woolworths.media/content/wowproductimages/medium/200132.jpg,2020-09-21 17:27:05,,0,,True
9bc469dc-b546-49aa-992b-d47226ac2392,Woolworths Supermarket,Pantry,Dilmah Earl Grey Tea Bags 50pk,200148,$6.00,$0.12 / 1EA,https://www.woolworths.com.au/shop/productdetails/200148/dilmah-earl-grey-tea-bags,https://cdn0.woolworths.media/content/wowproductimages/medium/200148.jpg,2020-09-21 17:27:05,,0,,True
45f122e5-fb05-4679-ad9f-5bf444987562,Woolworths Supermarket,Pantry,Dilmah Family Pack Loose Leaf Tea 500g,200224,$8.50,$1.70 / 100G,https://www.woolworths.com.au/shop/productdetails/200224/dilmah-family-pack-loose-leaf-tea,https://cdn0.woolworths.media/content/wowproductimages/medium/200224.jpg,2020-09-21 17:27:05,,0,,True
f42fa5c4-1934-4e01-93a9-6e578bad0af4,Woolworths Supermarket,Pantry,Sanitarium Weet-bix Breakfast Cereal 1.2kg,200695,$5.00,$0.42 / 100G,https://www.woolworths.com.au/shop/productdetails/200695/sanitarium-weet-bix-breakfast-cereal,https://cdn0.woolworths.media/content/wowproductimages/medium/200695.jpg,2020-09-21 17:27:05,,0,,True
de3319d8-c9a9-485f-a94f-0b8d36d6623c,Woolworths Supermarket,Pantry,San Remo La Pasta Alfredo Single Snack 80g,200783,$1.00,$1.25 / 100G,https://www.woolworths.com.au/shop/productdetails/200783/san-remo-la-pasta-alfredo-single-snack,https://cdn0.woolworths.media/content/wowproductimages/medium/200783.jpg,2020-09-21 17:27:05,,0,,True
bd765041-963e-4c30-9489-3ede8eef22c6,Woolworths Supermarket,Pantry,San Remo La Pasta Carbonara Single Snack 80g,200784,$1.00,$1.25 / 100G,https://www.woolworths.com.au/shop/productdetails/200784/san-remo-la-pasta-carbonara-single-snack,https://cdn0.woolworths.media/content/wowproductimages/medium/200784.jpg,2020-09-21 17:27:05,,0,,True
c8af2d6e-30ac-4f91-9ab9-3866674f23d1,Woolworths Supermarket,Pantry,Conimex Sambal Oelek Paste Hot Chilli 190g,201050,$4.00,$2.11 / 100G,https://www.woolworths.com.au/shop/productdetails/201050/conimex-sambal-oelek-paste-hot-chilli,https://cdn0.woolworths.media/content/wowproductimages/medium/201050.jpg,2020-09-21 17:27:05,,0,,True
e4c7f57d-cb88-4d67-a2b4-dc61582e6a04,Woolworths Supermarket,Pantry,Paradise Kidz Kids Uglies Snack Pack 10pk 250g,201344,$3.80,$1.52 / 100G,https://www.woolworths.com.au/shop/productdetails/201344/paradise-kidz-kids-uglies-snack-pack-10pk,https://cdn0.woolworths.media/content/wowproductimages/medium/201344.jpg,2020-09-21 17:27:05,,0,Was $5.00 08/01/2018,True
5f71d85d-ec60-4205-b624-4418dadfb2d4,Woolworths Supermarket,Pantry,Sanitarium Up&go Liquid Breakfast Vanilla Ice 6 pack,201407,$9.00,$6.00 / 1L,https://www.woolworths.com.au/shop/productdetails/201407/sanitarium-up-go-liquid-breakfast-vanilla-ice,https://cdn0.woolworths.media/content/wowproductimages/medium/201407.jpg,2020-09-21 17:27:05,,0,,True
e37715ab-2336-4b38-972c-c43048800b12,Woolworths Supermarket,Pantry,Sanitarium Weet-bix Blends Hi-bran+ Breakfast Cereal 750g,201415,$5.70,$0.76 / 100G,https://www.woolworths.com.au/shop/productdetails/201415/sanitarium-weet-bix-blends-hi-bran-breakfast-cereal,https://cdn0.woolworths.media/content/wowproductimages/medium/201415.jpg,2020-09-21 17:27:05,,0,,True
4c23d085-b308-4c77-8dda-4dc6de0c34d9,Woolworths Supermarket,Pantry,Lindt Excellence Dark Chocolate 85% Cocoa Block 100g,201687,$2.70,$2.70 / 100G,https://www.woolworths.com.au/shop/productdetails/201687/lindt-excellence-dark-chocolate-85-cocoa-block,https://cdn0.woolworths.media/content/wowproductimages/medium/201687.jpg,2020-09-21 17:27:05,,0,,True
0bd5ef57-8f69-4abb-acd8-ddbfc9fe2cf4,Woolworths Supermarket,Pantry,Uncle Tobys Cereal Shredded Wheat 270g,201809,$5.00,$1.85 / 100G,https://www.woolworths.com.au/shop/productdetails/201809/uncle-tobys-cereal-shredded-wheat,https://cdn0.woolworths.media/content/wowproductimages/medium/201809.jpg,2020-09-21 17:27:05,,0,Was $5.25 29/05/2017,True
e7e0cda4-6562-4576-903b-f13e10399d89,Woolworths Supermarket,Pantry,Essentials Traditional Gravy Mix 425g,202209,$2.90,$0.07 / 10G,https://www.woolworths.com.au/shop/productdetails/202209/essentials-traditional-gravy-mix,https://cdn0.woolworths.media/content/wowproductimages/medium/202209.jpg,2020-09-21 17:27:05,Average product rating out of 5: 3.2. Product score is based on 462 ratings,462,,True
fc8972c4-96bf-465e-8d13-a74d28611ede,Woolworths Supermarket,Pantry,Select Cashews Roasted & Unsalted 750g pack,202399,$17.00,$22.67 / 1KG,https://www.woolworths.com.au/shop/productdetails/202399/select-cashews-roasted-unsalted,https://cdn0.woolworths.media/content/wowproductimages/medium/202399.jpg,2020-09-21 17:27:05,,0,,True
3c29ae2b-eebc-4685-9382-9beb1d2ef61f,Woolworths Supermarket,Pantry,Queen Glucose Syrup 500g,202407,$4.65,$0.93 / 100G,https://www.woolworths.com.au/shop/productdetails/202407/queen-glucose-syrup,https://cdn0.woolworths.media/content/wowproductimages/medium/202407.jpg,2020-09-21 17:27:05,,0,,True
0ec2772e-2f30-4eba-84e3-696090224e4b,Woolworths Supermarket,Pantry,Conimex Ketjap Manis Sweet Soy Sauce 240ml,202710,$5.00,$2.08 / 100ML,https://www.woolworths.com.au/shop/productdetails/202710/conimex-ketjap-manis-sweet-soy-sauce,https://cdn0.woolworths.media/content/wowproductimages/medium/202710.jpg,2020-09-21 17:27:05,,0,,True
2520d94c-2d9c-4a0f-ab1b-9a4d172666c2,Woolworths Supermarket,Pantry,Werther's Original Cream Candies Classic 140g,203384,$3.50,$2.50 / 100G,https://www.woolworths.com.au/shop/productdetails/203384/werther-s-original-cream-candies-classic,https://cdn0.woolworths.media/content/wowproductimages/medium/203384.jpg,2020-09-21 17:27:05,,0,,True
d4c848a0-0305-4eef-83c2-9a094b6fd36d,Woolworths Supermarket,Pantry,Woolworths Apricot Sun Dried 750g pack,203548,$9.00,$12.00 / 1KG,https://www.woolworths.com.au/shop/productdetails/203548/woolworths-apricot-sun-dried,https://cdn0.woolworths.media/content/wowproductimages/medium/203548.jpg,2020-09-21 17:27:05,Average product rating out of 5: 4.5. Product score is based on 281 ratings,281,,True
6eae9a42-05dd-4c1a-85db-423532272caa,Woolworths Supermarket,Pantry,Woolworths Oat Bran 500g,203867,$2.00,$0.40 / 100G,https://www.woolworths.com.au/shop/productdetails/203867/woolworths-oat-bran,https://cdn0.woolworths.media/content/wowproductimages/medium/203867.jpg,2020-09-21 17:27:05,Average product rating out of 5: 4.3. Product score is based on 530 ratings,530,,True
f4ae22ca-d4cb-4b82-97a7-fc631e2e9f5e,Woolworths Supermarket,Pantry,Woolworths Onions Cocktail 500g,204294,$2.50,$5.00 / 1KG,https://www.woolworths.com.au/shop/productdetails/204294/woolworths-onions-cocktail,https://cdn0.woolworths.media/content/wowproductimages/medium/204294.jpg,2020-09-21 17:27:05,Average product rating out of 5: 4.2. Product score is based on 535 ratings,535,,True
67837ca3-b5a8-41fc-b2e1-978d81ccdd7f,Woolworths Supermarket,Pantry,Masterfoods Barbecue Sauce 500ml,099696,$2.50,$0.50 / 100ML,https://www.woolworths.com.au/shop/productdetails/99696/masterfoods-barbecue-sauce,https://cdn0.woolworths.media/content/wowproductimages/medium/099696.jpg,2020-09-21 17:27:05,,0,,True
2ef1c1a7-a924-4e6b-903b-9461afb4743e,Woolworths Supermarket,Pantry,Doritos Share Pack Cheese Supreme 170g,826731,$2.75,$1.62 / 100G,https://www.woolworths.com.au/shop/productdetails/826731/doritos-share-pack-cheese-supreme,https://cdn0.woolworths.media/content/wowproductimages/medium/826731.jpg,2020-09-21 17:27:05,,0,,True
7a8b2c45-8490-4c57-8bbf-81c6430c2dd6,Woolworths Supermarket,Pantry,Arnott's Shortbread 250g,008838,$2.50,$1.00 / 100G,https://www.woolworths.com.au/shop/productdetails/8838/arnott-s-shortbread,https://cdn0.woolworths.media/content/wowproductimages/medium/008838.jpg,2020-09-21 17:27:05,,0,,True
3e781209-b26b-49ad-b2cc-bdaec7a5cb36,Woolworths Supermarket,Pantry,Twisties Cheese Chips 90g,081659,$2.00,$2.22 / 100G,https://www.woolworths.com.au/shop/productdetails/81659/twisties-cheese-chips,https://cdn0.woolworths.media/content/wowproductimages/medium/081659.jpg,2020-09-21 17:27:05,,0,,True
52376128-82dc-4d49-bcdf-76a18068c1e0,Woolworths Supermarket,Pantry,Bertolli Extra Virgin Olive Oil Originale 750ml,502951,$6.50,$0.87 / 100ML,https://www.woolworths.com.au/shop/productdetails/502951/bertolli-extra-virgin-olive-oil-originale,https://cdn0.woolworths.media/content/wowproductimages/medium/502951.jpg,2020-09-21 17:27:05,,0,,True
7efb1e70-c9d0-4247-bd78-eac233ec7e28,Woolworths Supermarket,Pantry,Valcom Canned Bamboo Shoots Sliced 225g,097730,$1.10,$4.89 / 1KG,https://www.woolworths.com.au/shop/productdetails/97730/valcom-canned-bamboo-shoots-sliced,https://cdn0.woolworths.media/content/wowproductimages/medium/097730.jpg,2020-09-21 17:27:05,,0,,True
30e30368-98f9-4052-9193-e6ce16e897d4,Woolworths Supermarket,Pantry,Kellogg's Nutri-grain Protein Breakfast Cereal 290g,701706,$4.95,$1.71 / 100G,https://www.woolworths.com.au/shop/productdetails/701706/kellogg-s-nutri-grain-protein-breakfast-cereal,https://cdn0.woolworths.media/content/wowproductimages/medium/701706.jpg,2020-09-21 17:27:05,,0,,True
6fc40cd5-eb20-44ce-9851-950d5ada2ff9,Woolworths Supermarket,Pantry,Arnott's Malt O' Milk 250g,036036,$2.50,$1.00 / 100G,https://www.woolworths.com.au/shop/productdetails/36036/arnott-s-malt-o-milk,https://cdn0.woolworths.media/content/wowproductimages/medium/036036.jpg,2020-09-21 17:27:05,,0,,True
9997e398-80a6-4b13-b719-42c0eaa5bd52,Woolworths Supermarket,Pantry,Smith's Share Pack Crinkle Cut Salt & Vinegar 170g,826738,$2.75,$1.62 / 100G,https://www.woolworths.com.au/shop/productdetails/826738/smith-s-share-pack-crinkle-cut-salt-vinegar,https://cdn0.woolworths.media/content/wowproductimages/medium/826738.jpg,2020-09-21 17:27:05,,0,,True
293c6820-3e95-4c32-b5a0-7c9b9b9e435c,Woolworths Supermarket,Pantry,Arnott's Snack Right Sultana 250g,182697,$3.00,$1.20 / 100G,https://www.woolworths.com.au/shop/productdetails/182697/arnott-s-snack-right-sultana,https://cdn0.woolworths.media/content/wowproductimages/medium/182697.jpg,2020-09-21 17:27:05,,0,Was $4.20 11/02/2019,True
639ba076-ccc4-4bba-92cb-2886c8d24c67,Woolworths Supermarket,Pantry,Toblerone Milk Chocolate Bar 50g,047011,$1.00,$2.00 / 100G,https://www.woolworths.com.au/shop/productdetails/47011/toblerone-milk-chocolate-bar,https://cdn0.woolworths.media/content/wowproductimages/medium/047011.jpg,2020-09-21 17:27:05,,0,,True
5a79fcbf-3c2b-4b54-b601-4825117a9d4f,Woolworths Supermarket,Pantry,Kooka's Country Cookies Lemon 200g,347837,$2.00,$1.00 / 100G,https://www.woolworths.com.au/shop/productdetails/347837/kooka-s-country-cookies-lemon,https://cdn0.woolworths.media/content/wowproductimages/medium/347837.jpg,2020-09-21 17:27:05,,0,,True
e340dbf9-01ab-495b-ae2c-d34c19c8773b,Woolworths Supermarket,Pantry,Uncle Tobys Roll-ups Strawberry Fun Prints 6 pack,324231,$4.00,$4.26 / 100G,https://www.woolworths.com.au/shop/productdetails/324231/uncle-tobys-roll-ups-strawberry-fun-prints,https://cdn0.woolworths.media/content/wowproductimages/medium/324231.jpg,2020-09-21 17:27:05,,0,,True
68cc620f-0121-4cb1-8098-857bf6feef8b,Woolworths Supermarket,Pantry,Woolworths Corn Sweet Kernels 420g,218926,$1.00,$2.38 / 1KG,https://www.woolworths.com.au/shop/productdetails/218926/woolworths-corn-sweet-kernels,https://cdn0.woolworths.media/content/wowproductimages/medium/218926.jpg,2020-09-21 17:27:05,Average product rating out of 5: 4.1. Product score is based on 215 ratings,215,,True
5e5c2ac9-fdaf-4120-bd0c-e9f1e100ff26,Woolworths Supermarket,Pantry,Moccona Freeze Dried Instant Coffee Classic Medium Roast 400g,208575,$24.00,$6.00 / 100G,https://www.woolworths.com.au/shop/productdetails/208575/moccona-freeze-dried-instant-coffee-classic-medium-roast,https://cdn0.woolworths.media/content/wowproductimages/medium/208575.jpg,2020-09-21 17:27:05,,0,,True
efb38563-d91c-4321-b1b2-e34c2e19f567,Woolworths Supermarket,Pantry,Macro Organic Quinoa Tri Colour 500g,717631,$7.00,$1.40 / 100G,https://www.woolworths.com.au/shop/productdetails/717631/macro-organic-quinoa-tri-colour,https://cdn0.woolworths.media/content/wowproductimages/medium/717631.jpg,2020-09-21 17:27:05,Average product rating out of 5: 4.6. Product score is based on 274 ratings,274,Was $9.99 09/01/2017,True
b1ac0cb8-d838-4512-9543-0ef8ce1d87ea,Woolworths Supermarket,Pantry,Arnott's Shapes Cheddar 175g,384244,$2.50,$1.43 / 100G,https://www.woolworths.com.au/shop/productdetails/384244/arnott-s-shapes-cheddar,https://cdn0.woolworths.media/content/wowproductimages/medium/384244.jpg,2020-09-21 17:27:05,,0,,True
c393cfff-c0a7-4724-b08f-4ade1e09ed4d,Woolworths Supermarket,Pantry,Uncle Ben's Microwave Mexican Style Brown Rice 250g,727257,$3.00,$1.20 / 100G,https://www.woolworths.com.au/shop/productdetails/727257/uncle-ben-s-microwave-mexican-style-brown-rice,https://cdn0.woolworths.media/content/wowproductimages/medium/727257.jpg,2020-09-21 17:27:05,,0,,True
fc5635d9-5abc-444a-90cf-d5d13575d73e,Woolworths Supermarket,Pantry,Pringles Sour Cream And Onion Chips 134g,479502,$2.50,$1.87 / 100G,https://www.woolworths.com.au/shop/productdetails/479502/pringles-sour-cream-and-onion-chips,https://cdn0.woolworths.media/content/wowproductimages/medium/479502.jpg,2020-09-21 17:27:05,,0,,True
6a939688-3710-487c-a8a3-3780a9dcabd7,Woolworths Supermarket,Pantry,Essentials Iodised Table Salt Drum 500g,204373,$0.90,$0.02 / 10G,https://www.woolworths.com.au/shop/productdetails/204373/essentials-iodised-table-salt-drum,https://cdn0.woolworths.media/content/wowproductimages/medium/204373.jpg,2020-09-21 17:27:05,,0,,True
c36cc64a-16d0-47e5-8b9e-65727059f8c0,Woolworths Supermarket,Pantry,Ryvita Original 250g,204544,$2.85,$1.14 / 100G,https://www.woolworths.com.au/shop/productdetails/204544/ryvita-original,https://cdn0.woolworths.media/content/wowproductimages/medium/204544.jpg,2020-09-21 17:27:05,,0,,True
f522b29d-5b2c-4e35-92c2-c433785fd885,Woolworths Supermarket,Pantry,Ryvita Multi Grain 250g,204547,$2.85,$1.14 / 100G,https://www.woolworths.com.au/shop/productdetails/204547/ryvita-multi-grain,https://cdn0.woolworths.media/content/wowproductimages/medium/204547.jpg,2020-09-21 17:27:05,,0,,True
e5205f54-4b69-4c42-9590-b0aaccc546ca,Woolworths Supermarket,Pantry,Green's Pancake Mix Buttermilk Shake 325g,204607,$2.90,$0.89 / 100G,https://www.woolworths.com.au/shop/productdetails/204607/green-s-pancake-mix-buttermilk-shake,https://cdn0.woolworths.media/content/wowproductimages/medium/204607.jpg,2020-09-21 17:27:05,,0,,True
fbe7ee71-158c-4e4b-823a-6f5c157402d9,Woolworths Supermarket,Pantry,Campbell's Country Ladle Canned Soup Creamy Chicken 500g,204677,$3.50,$0.70 / 100G,https://www.woolworths.com.au/shop/productdetails/204677/campbell-s-country-ladle-canned-soup-creamy-chicken,https://cdn0.woolworths.media/content/wowproductimages/medium/204677.jpg,2020-09-21 17:27:05,,0,,True
0a68e451-0baa-411a-b5e2-13fae67df524,Woolworths Supermarket,Pantry,Heinz Classic Canned Soup Chicken & Sweetcorn 535g,204839,$2.50,$0.47 / 100G,https://www.woolworths.com.au/shop/productdetails/204839/heinz-classic-canned-soup-chicken-sweetcorn,https://cdn0.woolworths.media/content/wowproductimages/medium/204839.jpg,2020-09-21 17:27:05,,0,Was $3.59 17/04/2017,True
ac62ad71-75de-4115-a7de-347c7b6bcdbb,Woolworths Supermarket,Pantry,Uncle Tobys Oats Quick Sachets Original Porridge 340g,204987,$4.80,$1.41 / 100G,https://www.woolworths.com.au/shop/productdetails/204987/uncle-tobys-oats-quick-sachets-original-porridge,https://cdn0.woolworths.media/content/wowproductimages/medium/204987.jpg,2020-09-21 17:27:05,,0,,True
fea4ebc9-151f-44f4-9e9d-803b85a5eb3e,Woolworths Supermarket,Pantry,Always Fresh Garlic Minced Jar 400g,205293,$3.50,$0.09 / 10G,https://www.woolworths.com.au/shop/productdetails/205293/always-fresh-garlic-minced-jar,https://cdn0.woolworths.media/content/wowproductimages/medium/205293.jpg,2020-09-21 17:27:05,,0,,True
5f46ae30-da25-4e81-9100-27b5b843ad32,Woolworths Supermarket,Pantry,Massel Ultracubes Salt Reduced Chicken 105g,205438,$2.50,$0.24 / 10G,https://www.woolworths.com.au/shop/productdetails/205438/massel-ultracubes-salt-reduced-chicken,https://cdn0.woolworths.media/content/wowproductimages/medium/205438.jpg,2020-09-21 17:27:05,,0,,True
3770356e-b186-437e-8492-9dc6936d6c5c,Woolworths Supermarket,Pantry,Massel Ultracubes Salt Reduced Vegetable 105g,205450,$2.50,$0.24 / 10G,https://www.woolworths.com.au/shop/productdetails/205450/massel-ultracubes-salt-reduced-vegetable,https://cdn0.woolworths.media/content/wowproductimages/medium/205450.jpg,2020-09-21 17:27:05,,0,,True
25f891a3-27d6-4e30-9200-1ad54684af88,Woolworths Supermarket,Pantry,Betty Crocker Cinnamon Crumble Muffin Mix 500g,205497,$5.20,$1.04 / 100G,https://www.woolworths.com.au/shop/productdetails/205497/betty-crocker-cinnamon-crumble-muffin-mix,https://cdn0.woolworths.media/content/wowproductimages/medium/205497.jpg,2020-09-21 17:27:05,,0,,True
69e3862b-f249-424e-9ccb-f3e2e7cbe30a,Woolworths Supermarket,Pantry,Green's Cake Mix Traditional Vanilla 470g,205551,$2.75,$0.59 / 100G,https://www.woolworths.com.au/shop/productdetails/205551/green-s-cake-mix-traditional-vanilla,https://cdn0.woolworths.media/content/wowproductimages/medium/205551.jpg,2020-09-21 17:27:05,,0,,True
4cd430fa-6223-408c-9498-7e485f911d18,Woolworths Supermarket,Pantry,Angas Park Mediterranean Apricot Soft & Juicy 225g,205662,$7.00,$31.11 / 1KG,https://www.woolworths.com.au/shop/productdetails/205662/angas-park-mediterranean-apricot-soft-juicy,https://cdn0.woolworths.media/content/wowproductimages/medium/205662.jpg,2020-09-21 17:27:05,,0,Was $8.20 28/08/2017,True
72827516-dc57-4b84-acce-10e4519b7021,Woolworths Supermarket,Pantry,Queen Pillar Box Red Food Colour 50ml,205664,$1.10,$0.22 / 10ML,https://www.woolworths.com.au/shop/productdetails/205664/queen-pillar-box-red-food-colour,https://cdn0.woolworths.media/content/wowproductimages/medium/205664.jpg,2020-09-21 17:27:05,,0,,True
165e1e6a-e2d0-4346-8793-1a65525d2627,Woolworths Supermarket,Pantry,Mckenzie's Cream Of Tartar 125g,205694,$3.60,$2.88 / 100G,https://www.woolworths.com.au/shop/productdetails/205694/mckenzie-s-cream-of-tartar,https://cdn0.woolworths.media/content/wowproductimages/medium/205694.jpg,2020-09-21 17:27:05,,0,,True
0c1ff156-a810-43fc-955f-99492db8c555,Woolworths Supermarket,Pantry,Obento Japanese Sushi Kit 540g,206535,$11.60,$2.15 / 100G,https://www.woolworths.com.au/shop/productdetails/206535/obento-japanese-sushi-kit,https://cdn0.woolworths.media/content/wowproductimages/medium/206535.jpg,2020-09-21 17:27:05,,0,,True
a528ece7-3ecc-46b5-9eda-09ebc737ae46,Woolworths Supermarket,Pantry,Pantalica Parmesan Cheese 100g,207794,$2.40,$24.00 / 1KG,https://www.woolworths.com.au/shop/productdetails/207794/pantalica-parmesan-cheese,https://cdn0.woolworths.media/content/wowproductimages/medium/207794.jpg,2020-09-21 17:27:05,,0,,True
5142e56b-5774-4a12-976c-539a29ed76e4,Woolworths Supermarket,Pantry,Rosella Tomato Sauce Squeezie 500ml,207915,$3.00,$0.60 / 100ML,https://www.woolworths.com.au/shop/productdetails/207915/rosella-tomato-sauce-squeezie,https://cdn0.woolworths.media/content/wowproductimages/medium/207915.jpg,2020-09-21 17:27:05,,0,,True
1eccfba4-1fbd-45d5-ac1f-6d865d39bef1,Woolworths Supermarket,Pantry,Arnott's Cruskits Corn 97% Fat Free 125g,208511,$2.50,$2.00 / 100G,https://www.woolworths.com.au/shop/productdetails/208511/arnott-s-cruskits-corn-97-fat-free,https://cdn0.woolworths.media/content/wowproductimages/medium/208511.jpg,2020-09-21 17:27:05,,0,,True
eb28f69f-a3df-4b70-8dc3-62f179e31659,Woolworths Supermarket,Pantry,Eskal Gluten Free Biscuits Wafers Lemon Gluten Free 200g,208542,$4.00,$2.00 / 100G,https://www.woolworths.com.au/shop/productdetails/208542/eskal-gluten-free-biscuits-wafers-lemon-gluten-free,https://cdn0.woolworths.media/content/wowproductimages/medium/208542.jpg,2020-09-21 17:27:05,Average product rating out of 5: 4.4. Product score is based on 9 ratings,9,,True
6793661e-cb3b-48f3-9dd9-f4d8a64138ea,Woolworths Supermarket,Pantry,Eskal Gluten Free Cookies Choc Coated Wafers 130g,208544,$4.00,$3.08 / 100G,https://www.woolworths.com.au/shop/productdetails/208544/eskal-gluten-free-cookies-choc-coated-wafers,https://cdn0.woolworths.media/content/wowproductimages/medium/208544.jpg,2020-09-21 17:27:05,Average product rating out of 5: 4.8. Product score is based on 19 ratings,19,,True
08764d55-3f26-4cd3-a711-096be2e23e73,Woolworths Supermarket,Pantry,Moccona Freeze Dried Instant Coffee Classic Medium Roast 400g,208575,$24.00,$6.00 / 100G,https://www.woolworths.com.au/shop/productdetails/208575/moccona-freeze-dried-instant-coffee-classic-medium-roast,https://cdn0.woolworths.media/content/wowproductimages/medium/208575.jpg,2020-09-21 17:27:05,,0,,True
797f3740-933d-48e6-92c5-c70151b1c2b6,Woolworths Supermarket,Pantry,"Lucky Walnuts, Cashews & Almonds 6 pack",208931,$7.40,$41.11 / 1KG,https://www.woolworths.com.au/shop/productdetails/208931/lucky-walnuts-cashews-almonds,https://cdn0.woolworths.media/content/wowproductimages/medium/208931.jpg,2020-09-21 17:27:05,,0,,True
5491032f-40c1-435b-a9de-4e48f717b1c7,Woolworths Supermarket,Pantry,Kellogg's Nutri-grain Protein Breakfast Cereal 805g,209030,$8.50,$1.06 / 100G,https://www.woolworths.com.au/shop/productdetails/209030/kellogg-s-nutri-grain-protein-breakfast-cereal,https://cdn0.woolworths.media/content/wowproductimages/medium/209030.jpg,2020-09-21 17:27:05,,0,,True
eaa83593-ee2e-43b3-8579-4cd13a31488f,Woolworths Supermarket,Pantry,Sunbites Grain Waves Sour Cream & Chives 5 pack,720220,$3.10,$2.82 / 100G,https://www.woolworths.com.au/shop/productdetails/720220/sunbites-grain-waves-sour-cream-chives,https://cdn0.woolworths.media/content/wowproductimages/medium/720220.jpg,2020-09-21 17:27:05,,0,2 for $5.00,True
f5f584d3-8236-4738-bd77-0f4e72a1a2f9,Woolworths Supermarket,Pantry,Woolworths Rolled Traditional Oats 750g,321220,$1.40,$0.19 / 100G,https://www.woolworths.com.au/shop/productdetails/321220/woolworths-rolled-traditional-oats,https://cdn0.woolworths.media/content/wowproductimages/medium/321220.jpg,2020-09-21 17:27:05,Average product rating out of 5: 4.6. Product score is based on 748 ratings,748,,True
387bb885-1fb3-4256-83f8-9527760f5495,Woolworths Supermarket,Pantry,Woolworths Walnuts Kernel 500g,749540,$11.00,$22.00 / 1KG,https://www.woolworths.com.au/shop/productdetails/749540/woolworths-walnuts-kernel,https://cdn0.woolworths.media/content/wowproductimages/medium/749540.jpg,2020-09-21 17:27:05,Average product rating out of 5: 4.8. Product score is based on 360 ratings,360,,True
75feab71-e989-447b-8da5-c8495b6a73e8,Woolworths Supermarket,Pantry,Nescafe Blend 43 Soluble Instant Coffee 500g,035694,$20.00,$4.00 / 100G,https://www.woolworths.com.au/shop/productdetails/35694/nescafe-blend-43-soluble-instant-coffee,https://cdn0.woolworths.media/content/wowproductimages/medium/035694.jpg,2020-09-21 17:27:05,,0,,True
20a2777f-60de-4974-943a-5c262c6781d6,Woolworths Supermarket,Pantry,Vege Chips Chicken Style 100g,793382,$3.80,$3.80 / 100G,https://www.woolworths.com.au/shop/productdetails/793382/vege-chips-chicken-style,https://cdn0.woolworths.media/content/wowproductimages/medium/793382.jpg,2020-09-21 17:27:05,Average product rating out of 5: 4.7. Product score is based on 20 ratings,20,,True
f16dcf82-1676-4a1d-a9c5-232c67b996c1,Woolworths Supermarket,Pantry,Woolworths Almond Meal 400g,610610,$7.50,$18.75 / 1KG,https://www.woolworths.com.au/shop/productdetails/610610/woolworths-almond-meal,https://cdn0.woolworths.media/content/wowproductimages/medium/610610.jpg,2020-09-21 17:27:05,Average product rating out of 5: 4.6. Product score is based on 326 ratings,326,Was $9.00 22/07/2020,True
85c83ff5-a860-456d-824d-02450efc7e66,Woolworths Supermarket,Pantry,Macro Organic Quinoa Tri Colour 500g,717631,$7.00,$1.40 / 100G,https://www.woolworths.com.au/shop/productdetails/717631/macro-organic-quinoa-tri-colour,https://cdn0.woolworths.media/content/wowproductimages/medium/717631.jpg,2020-09-21 17:27:05,Average product rating out of 5: 4.6. Product score is based on 274 ratings,274,Was $9.99 09/01/2017,True
794694e5-0d40-4eb7-a5d4-b0037de06745,Woolworths Supermarket,Pantry,Mckenzie's Himalayan Salt Rock Pink 400g,749926,$5.95,$0.15 / 10G,https://www.woolworths.com.au/shop/productdetails/749926/mckenzie-s-himalayan-salt-rock-pink,https://cdn0.woolworths.media/content/wowproductimages/medium/749926.jpg,2020-09-21 17:27:05,,0,,True
ce76f4a6-3c79-4a41-a926-176658becb1e,Woolworths Supermarket,Pantry,Moccona Freeze Dried Instant Coffee Classic Medium Roast 400g,208575,$24.00,$6.00 / 100G,https://www.woolworths.com.au/shop/productdetails/208575/moccona-freeze-dried-instant-coffee-classic-medium-roast,https://cdn0.woolworths.media/content/wowproductimages/medium/208575.jpg,2020-09-21 17:27:05,,0,,True
55408307-b700-4e89-bc4e-d7415ba5733d,Woolworths Supermarket,Pantry,Beechworth Pure Honey 1.5kg,250371,$22.00,$1.47 / 100G,https://www.woolworths.com.au/shop/productdetails/250371/beechworth-pure-honey,https://cdn0.woolworths.media/content/wowproductimages/medium/250371.jpg,2020-09-21 17:27:05,,0,,True
6cfac910-7cf9-4a29-af20-9ebc6297d33e,Woolworths Supermarket,Pantry,Woolworths White Rice Long Grain 5kg,072779,$6.70,$0.13 / 100G,https://www.woolworths.com.au/shop/productdetails/72779/woolworths-white-rice-long-grain,https://cdn0.woolworths.media/content/wowproductimages/medium/072779.jpg,2020-09-21 17:27:05,Average product rating out of 5: 4.8. Product score is based on 14 ratings,14,,True
aa4a0d59-5206-452b-8277-29b94bf262f7,Woolworths Supermarket,Pantry,Continental Cup A Soup Creamy Chicken With Lots Of Noodles 2 pack,026649,$2.00,$3.33 / 100G,https://www.woolworths.com.au/shop/productdetails/26649/continental-cup-a-soup-creamy-chicken-with-lots-of-noodles,https://cdn0.woolworths.media/content/wowproductimages/medium/026649.jpg,2020-09-21 17:27:05,,0,,True
8525daf8-1e36-47a2-9efc-4a96187d1f9d,Woolworths Supermarket,Pantry,Queen Organic Vanilla Bean Paste 65g,225399,$11.80,$18.15 / 100G,https://www.woolworths.com.au/shop/productdetails/225399/queen-organic-vanilla-bean-paste,https://cdn0.woolworths.media/content/wowproductimages/medium/225399.jpg,2020-09-21 17:27:05,,0,,True
5fbd5c51-52d7-4c60-816f-bd2f764b7d80,Woolworths Supermarket,Pantry,Arnott's Monte Carlo 250g,036031,$3.00,$1.20 / 100G,https://www.woolworths.com.au/shop/productdetails/36031/arnott-s-monte-carlo,https://cdn0.woolworths.media/content/wowproductimages/medium/036031.jpg,2020-09-21 17:27:05,,0,,True
16b8471b-1654-471b-95b3-1dd3a3ff334a,Woolworths Supermarket,Pantry,Cadbury Dairy Milk Chocolate Fair Trade 350g,757883,$5.00,$1.43 / 100G,https://www.woolworths.com.au/shop/productdetails/757883/cadbury-dairy-milk-chocolate-fair-trade,https://cdn0.woolworths.media/content/wowproductimages/medium/757883.jpg,2020-09-21 17:27:05,,0,Was $6.30 16/01/2017,True
6d8c6667-5310-4117-b45f-8919495e1a28,Woolworths Supermarket,Pantry,Bertolli Extra Virgin Olive Oil Originale 750ml,502951,$6.50,$0.87 / 100ML,https://www.woolworths.com.au/shop/productdetails/502951/bertolli-extra-virgin-olive-oil-originale,https://cdn0.woolworths.media/content/wowproductimages/medium/502951.jpg,2020-09-21 17:27:05,,0,,True
437fa887-1d11-4da8-9b89-f2b82a93a279,Woolworths Supermarket,Pantry,Woolworths Diced Italian Tomatoes No Added Salt 400g,770320,$0.80,$2.00 / 1KG,https://www.woolworths.com.au/shop/productdetails/770320/woolworths-diced-italian-tomatoes-no-added-salt,https://cdn0.woolworths.media/content/wowproductimages/medium/770320.jpg,2020-09-21 17:27:05,Average product rating out of 5: 4.7. Product score is based on 311 ratings,311,,True
bac30c96-2837-469a-80b3-6e17eac9cf19,Woolworths Supermarket,Pantry,Sanitarium Weet-bix Breakfast Cereal 1.2kg,200695,$5.00,$0.42 / 100G,https://www.woolworths.com.au/shop/productdetails/200695/sanitarium-weet-bix-breakfast-cereal,https://cdn0.woolworths.media/content/wowproductimages/medium/200695.jpg,2020-09-21 17:27:05,,0,,True
b32d649f-8a61-467d-9de9-1f992db828ff,Woolworths Supermarket,Pantry,Ritz Crackers Original 300g,660562,$2.50,$0.83 / 100G,https://www.woolworths.com.au/shop/productdetails/660562/ritz-crackers-original,https://cdn0.woolworths.media/content/wowproductimages/medium/660562.jpg,2020-09-21 17:27:05,,0,,True
60f8dd51-ed3b-49cb-ae6f-86bb8e228ed9,Woolworths Supermarket,Pantry,Cobram Estate Extra Virgin Light Olive Oil 750ml,345955,$15.00,$2.00 / 100ML,https://www.woolworths.com.au/shop/productdetails/345955/cobram-estate-extra-virgin-light-olive-oil,https://cdn0.woolworths.media/content/wowproductimages/medium/345955.jpg,2020-09-21 17:27:05,,0,,True
6e08c519-36fd-4422-81f3-eee390db45a3,Woolworths Supermarket,Pantry,Masterfoods Seasoning Sprinkle Roast Vegetable 38g,209978,$2.85,$0.75 / 10G,https://www.woolworths.com.au/shop/productdetails/209978/masterfoods-seasoning-sprinkle-roast-vegetable,https://cdn0.woolworths.media/content/wowproductimages/medium/209978.jpg,2020-09-21 17:27:05,,0,,True
e4f8786c-20d2-49fd-aab4-c53724d2fdb0,Woolworths Supermarket,Pantry,Essentials Beetroot Sliced 425g,209981,$0.80,$1.88 / 1KG,https://www.woolworths.com.au/shop/productdetails/209981/essentials-beetroot-sliced,https://cdn0.woolworths.media/content/wowproductimages/medium/209981.jpg,2020-09-21 17:27:05,Average product rating out of 5: 4.3. Product score is based on 478 ratings,478,,True
db7c54a8-c1fc-4db3-af0f-1eb670323d65,Woolworths Supermarket,Pantry,Masterfoods Fennel Seed Whole 26g,209986,$3.10,$1.19 / 10G,https://www.woolworths.com.au/shop/productdetails/209986/masterfoods-fennel-seed-whole,https://cdn0.woolworths.media/content/wowproductimages/medium/209986.jpg,2020-09-21 17:27:05,,0,,True
6390b4f9-8f8c-42e1-a575-d9623651baf0,Woolworths Supermarket,Pantry,Masterfoods Portuguese Chicken Seasoning 50g,210007,$3.55,$0.71 / 10G,https://www.woolworths.com.au/shop/productdetails/210007/masterfoods-portuguese-chicken-seasoning,https://cdn0.woolworths.media/content/wowproductimages/medium/210007.jpg,2020-09-21 17:27:05,,0,,True
ffed5886-e3e6-4318-b8f5-380fd0082ac9,Woolworths Supermarket,Pantry,Arnott's Premier Cookies Chocolate Chip 310g,210151,$3.50,$1.13 / 100G,https://www.woolworths.com.au/shop/productdetails/210151/arnott-s-premier-cookies-chocolate-chip,https://cdn0.woolworths.media/content/wowproductimages/medium/210151.jpg,2020-09-21 17:27:05,,0,Was $4.29 11/07/16,True
e8534f3f-7c13-48c8-b1a8-5b97eebb0288,Woolworths Supermarket,Pantry,Patak's Ready To Eat Pappadums Mini Plain Original 75g,210164,$4.10,$5.47 / 100G,https://www.woolworths.com.au/shop/productdetails/210164/patak-s-ready-to-eat-pappadums-mini-plain-original,https://cdn0.woolworths.media/content/wowproductimages/medium/210164.jpg,2020-09-21 17:27:05,,0,,True
97dc7b33-a64a-4ef9-bd2a-be93c51366ca,Woolworths Supermarket,Pantry,Tetley Green Tea Bags 100 pack,210290,$7.80,$0.08 / 1EA,https://www.woolworths.com.au/shop/productdetails/210290/tetley-green-tea-bags,https://cdn0.woolworths.media/content/wowproductimages/medium/210290.jpg,2020-09-21 17:27:05,,0,,True
c0e7eff3-5003-4aed-b5fe-3b393f889769,Woolworths Supermarket,Pantry,Hoyt's Italian Herb Mix 35g,210354,$2.60,$0.74 / 10G,https://www.woolworths.com.au/shop/productdetails/210354/hoyt-s-italian-herb-mix,https://cdn0.woolworths.media/content/wowproductimages/medium/210354.jpg,2020-09-21 17:27:05,,0,,True
b441b39d-2009-4a60-b7cd-c67ba2212c62,Woolworths Supermarket,Pantry,Hoyt's Cardamom Pods 10g,210357,$2.60,$2.60 / 10G,https://www.woolworths.com.au/shop/productdetails/210357/hoyt-s-cardamom-pods,https://cdn0.woolworths.media/content/wowproductimages/medium/210357.jpg,2020-09-21 17:27:05,,0,,True
1442d7dc-1c1b-4430-a7c9-4fba4852fc78,Woolworths Supermarket,Pantry,Hoyt's Pepper Four Colour Mix 50g,210359,$3.90,$0.78 / 10G,https://www.woolworths.com.au/shop/productdetails/210359/hoyt-s-pepper-four-colour-mix,https://cdn0.woolworths.media/content/wowproductimages/medium/210359.jpg,2020-09-21 17:27:05,,0,,True
16802aa5-84a2-43ed-a2be-0dd34f99b021,Woolworths Supermarket,Pantry,Hoyt's Poppy Seed 240g,210623,$4.25,$0.18 / 10G,https://www.woolworths.com.au/shop/productdetails/210623/hoyt-s-poppy-seed,https://cdn0.woolworths.media/content/wowproductimages/medium/210623.jpg,2020-09-21 17:27:05,,0,,True
b81630d0-f06a-472a-b6e4-2b83269d670d,Woolworths Supermarket,Pantry,Hoyt's Chilli Dried Crushed 100g,210624,$4.50,$0.45 / 10G,https://www.woolworths.com.au/shop/productdetails/210624/hoyt-s-chilli-dried-crushed,https://cdn0.woolworths.media/content/wowproductimages/medium/210624.jpg,2020-09-21 17:27:05,,0,,True
59c4b13c-d3d1-40a3-85e3-519bf2e6c87a,Woolworths Supermarket,Pantry,Kraft Easy Mac Classic Cheese 4 pack,210635,$4.00,$1.43 / 100G,https://www.woolworths.com.au/shop/productdetails/210635/kraft-easy-mac-classic-cheese,https://cdn0.woolworths.media/content/wowproductimages/medium/210635.jpg,2020-09-21 17:27:05,,0,,True
57ff7a9d-75c0-4d00-a37d-24ef9e772edb,Woolworths Supermarket,Pantry,Old El Paso Jumbo Taco Kit 345g,210693,$6.50,$1.88 / 100G,https://www.woolworths.com.au/shop/productdetails/210693/old-el-paso-jumbo-taco-kit,https://cdn0.woolworths.media/content/wowproductimages/medium/210693.jpg,2020-09-21 17:27:05,,0,,True
604f7c6b-2242-4397-961c-214b4fb57c97,Woolworths Supermarket,Pantry,Hakubaku Organic Japanese Udon Noodle 270g,210709,$3.70,$1.37 / 100G,https://www.woolworths.com.au/shop/productdetails/210709/hakubaku-organic-japanese-udon-noodle,https://cdn0.woolworths.media/content/wowproductimages/medium/210709.jpg,2020-09-21 17:27:05,,0,,True
5d3e599c-d52f-4138-871d-c790ec76e05d,Woolworths Supermarket,Pantry,Hakubaku Organic Japanese Somen Noodles 98% Fat Free 270g,210710,$3.70,$1.37 / 100G,https://www.woolworths.com.au/shop/productdetails/210710/hakubaku-organic-japanese-somen-noodles-98-fat-free,https://cdn0.woolworths.media/content/wowproductimages/medium/210710.jpg,2020-09-21 17:27:05,,0,,True
163d75e2-ad85-46a3-a514-70d38e42d2a5,Woolworths Supermarket,Pantry,Hakubaku Organic Japanese Soba Buckwheat Noodles 98% Ff 270g,210714,$3.70,$1.37 / 100G,https://www.woolworths.com.au/shop/productdetails/210714/hakubaku-organic-japanese-soba-buckwheat-noodles-98-ff,https://cdn0.woolworths.media/content/wowproductimages/medium/210714.jpg,2020-09-21 17:27:05,,0,,True
b6bcb5bc-eba7-467f-aaf6-9acbf145c4b3,Woolworths Supermarket,Pantry,Hakubaku Japanese Ramen Noodle 270g,210717,$3.70,$1.37 / 100G,https://www.woolworths.com.au/shop/productdetails/210717/hakubaku-japanese-ramen-noodle,https://cdn0.woolworths.media/content/wowproductimages/medium/210717.jpg,2020-09-21 17:27:05,,0,,True
29b180c7-f26f-4b89-9ce9-0a3b5cde39b5,Woolworths Supermarket,Pantry,John West Salmon Slices In Springwater 125g,211269,$3.00,$24.00 / 1KG,https://www.woolworths.com.au/shop/productdetails/211269/john-west-salmon-slices-in-springwater,https://cdn0.woolworths.media/content/wowproductimages/medium/211269.jpg,2020-09-21 17:27:05,,0,,True
ff5e186d-2c38-4c18-8f3d-dd4371834055,Woolworths Supermarket,Pantry,John West Salmon Slices Smoked 125g,211270,$3.00,$24.00 / 1KG,https://www.woolworths.com.au/shop/productdetails/211270/john-west-salmon-slices-smoked,https://cdn0.woolworths.media/content/wowproductimages/medium/211270.jpg,2020-09-21 17:27:05,,0,,True
f5fb9fbd-749f-4571-8f7a-a3c51f38104f,Woolworths Supermarket,Pantry,John West Salmon Tempters Onion & Tomato 95g,211290,$2.70,$28.42 / 1KG,https://www.woolworths.com.au/shop/productdetails/211290/john-west-salmon-tempters-onion-tomato,https://cdn0.woolworths.media/content/wowproductimages/medium/211290.jpg,2020-09-21 17:27:05,,0,,True
1da286a0-185c-4936-baab-15b74b98bcb7,Woolworths Supermarket,Pantry,Loacker Quadratini Wafers Napolitaner 125g,211293,$1.25,$1.00 / 100G,https://www.woolworths.com.au/shop/productdetails/211293/loacker-quadratini-wafers-napolitaner,https://cdn0.woolworths.media/content/wowproductimages/medium/211293.jpg,2020-09-21 17:27:05,,0,,True
4d6b4a5f-8b7d-45fc-8175-6f0197b24ee7,Woolworths Supermarket,Pantry,Loacker Quadratini Wafers Vanilla 125g,211296,$1.25,$1.00 / 100G,https://www.woolworths.com.au/shop/productdetails/211296/loacker-quadratini-wafers-vanilla,https://cdn0.woolworths.media/content/wowproductimages/medium/211296.jpg,2020-09-21 17:27:05,,0,,True
758216dc-416e-4d10-88c1-4f4f40c0bfd1,Woolworths Supermarket,Pantry,John West Tempters Tuna Smoked 95g,211299,$1.15,$12.11 / 1KG,https://www.woolworths.com.au/shop/productdetails/211299/john-west-tempters-tuna-smoked,https://cdn0.woolworths.media/content/wowproductimages/medium/211299.jpg,2020-09-21 17:27:05,,0,,True
9018981e-2e65-4c8b-a365-304ea9776836,Woolworths Supermarket,Pantry,Masterfoods Barbecue Sauce 500ml,099696,$2.50,$0.50 / 100ML,https://www.woolworths.com.au/shop/productdetails/99696/masterfoods-barbecue-sauce,https://cdn0.woolworths.media/content/wowproductimages/medium/099696.jpg,2020-09-21 17:27:05,,0,,True
6b3a31a5-6120-47e0-93b1-dc5c7eae3625,Woolworths Supermarket,Pantry,Doritos Share Pack Cheese Supreme 170g,826731,$2.75,$1.62 / 100G,https://www.woolworths.com.au/shop/productdetails/826731/doritos-share-pack-cheese-supreme,https://cdn0.woolworths.media/content/wowproductimages/medium/826731.jpg,2020-09-21 17:27:05,,0,,True
39a5ea3a-e172-47e2-841d-b7de41365556,Woolworths Supermarket,Pantry,Arnott's Shortbread 250g,008838,$2.50,$1.00 / 100G,https://www.woolworths.com.au/shop/productdetails/8838/arnott-s-shortbread,https://cdn0.woolworths.media/content/wowproductimages/medium/008838.jpg,2020-09-21 17:27:05,,0,,True
863744cb-019d-49d8-aae9-a9d677bbba78,Woolworths Supermarket,Pantry,Twisties Cheese Chips 90g,081659,$2.00,$2.22 / 100G,https://www.woolworths.com.au/shop/productdetails/81659/twisties-cheese-chips,https://cdn0.woolworths.media/content/wowproductimages/medium/081659.jpg,2020-09-21 17:27:05,,0,,True
2fa9b08e-ab79-4fc5-b436-6cc0d55f278e,Woolworths Supermarket,Pantry,Bertolli Extra Virgin Olive Oil Originale 750ml,502951,$6.50,$0.87 / 100ML,https://www.woolworths.com.au/shop/productdetails/502951/bertolli-extra-virgin-olive-oil-originale,https://cdn0.woolworths.media/content/wowproductimages/medium/502951.jpg,2020-09-21 17:27:05,,0,,True
363f1caf-76dc-4522-9cf7-42e2ddbb5e42,Woolworths Supermarket,Pantry,Valcom Canned Bamboo Shoots Sliced 225g,097730,$1.10,$4.89 / 1KG,https://www.woolworths.com.au/shop/productdetails/97730/valcom-canned-bamboo-shoots-sliced,https://cdn0.woolworths.media/content/wowproductimages/medium/097730.jpg,2020-09-21 17:27:05,,0,,True
6fb44141-eb9d-424b-a8f8-7dd8316edf1e,Woolworths Supermarket,Pantry,Kellogg's Nutri-grain Protein Breakfast Cereal 290g,701706,$4.95,$1.71 / 100G,https://www.woolworths.com.au/shop/productdetails/701706/kellogg-s-nutri-grain-protein-breakfast-cereal,https://cdn0.woolworths.media/content/wowproductimages/medium/701706.jpg,2020-09-21 17:27:05,,0,,True
bcb7dfa6-0d0c-4763-b0c7-2d45b81aee25,Woolworths Supermarket,Pantry,Arnott's Malt O' Milk 250g,036036,$2.50,$1.00 / 100G,https://www.woolworths.com.au/shop/productdetails/36036/arnott-s-malt-o-milk,https://cdn0.woolworths.media/content/wowproductimages/medium/036036.jpg,2020-09-21 17:27:05,,0,,True
5d74410a-afec-4083-9d3c-4d1bdda1e6da,Woolworths Supermarket,Pantry,Smith's Share Pack Crinkle Cut Salt & Vinegar 170g,826738,$2.75,$1.62 / 100G,https://www.woolworths.com.au/shop/productdetails/826738/smith-s-share-pack-crinkle-cut-salt-vinegar,https://cdn0.woolworths.media/content/wowproductimages/medium/826738.jpg,2020-09-21 17:27:05,,0,,True
4260dea8-3c92-4bf0-add5-2a602da7a782,Woolworths Supermarket,Pantry,Arnott's Snack Right Sultana 250g,182697,$3.00,$1.20 / 100G,https://www.woolworths.com.au/shop/productdetails/182697/arnott-s-snack-right-sultana,https://cdn0.woolworths.media/content/wowproductimages/medium/182697.jpg,2020-09-21 17:27:05,,0,Was $4.20 11/02/2019,True
d03b71de-ee77-496c-b805-366b20382fe2,Woolworths Supermarket,Pantry,Toblerone Milk Chocolate Bar 50g,047011,$1.00,$2.00 / 100G,https://www.woolworths.com.au/shop/productdetails/47011/toblerone-milk-chocolate-bar,https://cdn0.woolworths.media/content/wowproductimages/medium/047011.jpg,2020-09-21 17:27:05,,0,,True
7f6efae6-a775-40a7-a470-eaf466553d98,Woolworths Supermarket,Pantry,Kooka's Country Cookies Lemon 200g,347837,$2.00,$1.00 / 100G,https://www.woolworths.com.au/shop/productdetails/347837/kooka-s-country-cookies-lemon,https://cdn0.woolworths.media/content/wowproductimages/medium/347837.jpg,2020-09-21 17:27:05,,0,,True
02405623-3ac3-4da3-91ee-18a13369ddf0,Woolworths Supermarket,Pantry,Uncle Tobys Roll-ups Strawberry Fun Prints 6 pack,324231,$4.00,$4.26 / 100G,https://www.woolworths.com.au/shop/productdetails/324231/uncle-tobys-roll-ups-strawberry-fun-prints,https://cdn0.woolworths.media/content/wowproductimages/medium/324231.jpg,2020-09-21 17:27:05,,0,,True
4e1e4b85-2bc4-4b30-af69-3a72ecf48b8c,Woolworths Supermarket,Pantry,Woolworths Corn Sweet Kernels 420g,218926,$1.00,$2.38 / 1KG,https://www.woolworths.com.au/shop/productdetails/218926/woolworths-corn-sweet-kernels,https://cdn0.woolworths.media/content/wowproductimages/medium/218926.jpg,2020-09-21 17:27:05,Average product rating out of 5: 4.1. Product score is based on 215 ratings,215,,True
7bbb2bb5-7be2-4bfb-9489-19b193687d43,Woolworths Supermarket,Pantry,Moccona Freeze Dried Instant Coffee Classic Medium Roast 400g,208575,$24.00,$6.00 / 100G,https://www.woolworths.com.au/shop/productdetails/208575/moccona-freeze-dried-instant-coffee-classic-medium-roast,https://cdn0.woolworths.media/content/wowproductimages/medium/208575.jpg,2020-09-21 17:27:05,,0,,True
89587a73-dd93-42bb-a5cd-b5e5bc33b300,Woolworths Supermarket,Pantry,Macro Organic Quinoa Tri Colour 500g,717631,$7.00,$1.40 / 100G,https://www.woolworths.com.au/shop/productdetails/717631/macro-organic-quinoa-tri-colour,https://cdn0.woolworths.media/content/wowproductimages/medium/717631.jpg,2020-09-21 17:27:05,Average product rating out of 5: 4.6. Product score is based on 274 ratings,274,Was $9.99 09/01/2017,True
35c653c0-e1c8-4ca8-a9e7-72ce23d83484,Woolworths Supermarket,Pantry,Arnott's Shapes Cheddar 175g,384244,$2.50,$1.43 / 100G,https://www.woolworths.com.au/shop/productdetails/384244/arnott-s-shapes-cheddar,https://cdn0.woolworths.media/content/wowproductimages/medium/384244.jpg,2020-09-21 17:27:05,,0,,True
c492ac04-0b18-42f4-a8fa-6d5e11e6414c,Woolworths Supermarket,Pantry,Uncle Ben's Microwave Mexican Style Brown Rice 250g,727257,$3.00,$1.20 / 100G,https://www.woolworths.com.au/shop/productdetails/727257/uncle-ben-s-microwave-mexican-style-brown-rice,https://cdn0.woolworths.media/content/wowproductimages/medium/727257.jpg,2020-09-21 17:27:05,,0,,True
5381dadb-ce55-45cd-8e02-8153c478055d,Woolworths Supermarket,Pantry,Pringles Sour Cream And Onion Chips 134g,479502,$2.50,$1.87 / 100G,https://www.woolworths.com.au/shop/productdetails/479502/pringles-sour-cream-and-onion-chips,https://cdn0.woolworths.media/content/wowproductimages/medium/479502.jpg,2020-09-21 17:27:05,,0,,True
7395ef57-b7d2-4902-8165-7051b48e08d3,Woolworths Supermarket,Pantry,Sirena Tuna In Oil With Lemon Pepper 95g,211318,$2.70,$28.42 / 1KG,https://www.woolworths.com.au/shop/productdetails/211318/sirena-tuna-in-oil-with-lemon-pepper,https://cdn0.woolworths.media/content/wowproductimages/medium/211318.jpg,2020-09-21 17:27:05,,0,,True
285dc986-e465-421c-9af3-002b32dc67e1,Woolworths Supermarket,Pantry,Nestle Sustagen Dutch Chocolate Ready To Drink 3x250ml,211476,$5.49,$7.32 / 1L,https://www.woolworths.com.au/shop/productdetails/211476/nestle-sustagen-dutch-chocolate-ready-to-drink,https://cdn0.woolworths.media/content/wowproductimages/medium/211476.jpg,2020-09-21 17:27:05,,0,,True
18acbc50-32c9-4822-8f1c-4d5ea247a27d,Woolworths Supermarket,Pantry,San Remo Lasagne Pasta Instant Large Fam Pack 375g,212064,$2.95,$0.79 / 100G,https://www.woolworths.com.au/shop/productdetails/212064/san-remo-lasagne-pasta-instant-large-fam-pack,https://cdn0.woolworths.media/content/wowproductimages/medium/212064.jpg,2020-09-21 17:27:05,,0,,True
ff55da0e-dcff-4d5a-96b2-9002b1927a97,Woolworths Supermarket,Pantry,Nescafe Blend 43 Espresso Soluble Instant Coffee 300g,212138,$10.00,$3.33 / 100G,https://www.woolworths.com.au/shop/productdetails/212138/nescafe-blend-43-espresso-soluble-instant-coffee,https://cdn0.woolworths.media/content/wowproductimages/medium/212138.jpg,2020-09-21 17:27:05,,0,,True
71dab209-820b-412f-bdc9-a4ea1386ac71,Woolworths Supermarket,Pantry,Praise Dressings Italian Original 330ml,212343,$2.00,$0.61 / 100ML,https://www.woolworths.com.au/shop/productdetails/212343/praise-dressings-italian-original,https://cdn0.woolworths.media/content/wowproductimages/medium/212343.jpg,2020-09-21 17:27:05,,0,,True
3095b4ca-e616-48ca-9ae2-d500da52369c,Woolworths Supermarket,Pantry,Praise Dressings Balsamic Italian Fat Free 330ml,212346,$2.00,$0.61 / 100ML,https://www.woolworths.com.au/shop/productdetails/212346/praise-dressings-balsamic-italian-fat-free,https://cdn0.woolworths.media/content/wowproductimages/medium/212346.jpg,2020-09-21 17:27:05,,0,,True
78adf467-5aa6-4593-bed9-aae9577cd12a,Woolworths Supermarket,Pantry,Praise Dressings French Original 330ml,212347,$2.00,$0.61 / 100ML,https://www.woolworths.com.au/shop/productdetails/212347/praise-dressings-french-original,https://cdn0.woolworths.media/content/wowproductimages/medium/212347.jpg,2020-09-21 17:27:05,,0,,True
8c9405e7-ccfa-4a62-ab65-0ec8554ce2b4,Woolworths Supermarket,Pantry,Praise Dressings Coleslaw 99% Fat Free 330ml,212355,$2.00,$0.61 / 100ML,https://www.woolworths.com.au/shop/productdetails/212355/praise-dressings-coleslaw-99-fat-free,https://cdn0.woolworths.media/content/wowproductimages/medium/212355.jpg,2020-09-21 17:27:05,,0,,True
6ff36fd3-14c5-4b68-91ec-b3cb8169a693,Woolworths Supermarket,Pantry,Praise Dressings French Fat Free 330ml,212361,$2.00,$0.61 / 100ML,https://www.woolworths.com.au/shop/productdetails/212361/praise-dressings-french-fat-free,https://cdn0.woolworths.media/content/wowproductimages/medium/212361.jpg,2020-09-21 17:27:05,,0,,True
7ede60fe-c30d-4bd7-90fb-9c2d54549a3a,Woolworths Supermarket,Pantry,Nestle Coffee Mate Coffee Flavouring Whitener 400g,212816,$4.00,$1.00 / 100G,https://www.woolworths.com.au/shop/productdetails/212816/nestle-coffee-mate-coffee-flavouring-whitener,https://cdn0.woolworths.media/content/wowproductimages/medium/212816.jpg,2020-09-21 17:27:05,,0,,True
8edbcc5a-c8df-4072-948d-ef548f227f15,Woolworths Supermarket,Pantry,Arnott's Wagon Wheels Mini 190g,212875,$2.00,$1.05 / 100G,https://www.woolworths.com.au/shop/productdetails/212875/arnott-s-wagon-wheels-mini,https://cdn0.woolworths.media/content/wowproductimages/medium/212875.jpg,2020-09-21 17:27:05,,0,,True
70d07100-0386-4b04-8b12-aae7acb29953,Woolworths Supermarket,Pantry,Paul Newman's Dressings Creamy Caesar 250ml,213198,$4.00,$1.60 / 100ML,https://www.woolworths.com.au/shop/productdetails/213198/paul-newman-s-dressings-creamy-caesar,https://cdn0.woolworths.media/content/wowproductimages/medium/213198.jpg,2020-09-21 17:27:05,,0,Was $4.40 21/08/2017,True
961a9a2a-e765-4a94-afc0-f5a317153228,Woolworths Supermarket,Pantry,Cardini's Dressings Creamy Caesar 350ml,213256,$5.30,$1.51 / 100ML,https://www.woolworths.com.au/shop/productdetails/213256/cardini-s-dressings-creamy-caesar,https://cdn0.woolworths.media/content/wowproductimages/medium/213256.jpg,2020-09-21 17:27:05,,0,,True
80c7b3ad-a489-42dc-b91d-b1fa541aa001,Woolworths Supermarket,Pantry,Praise Whole Egg Mayonnaise Mayonnaise 445g,213280,$5.00,$1.12 / 100G,https://www.woolworths.com.au/shop/productdetails/213280/praise-whole-egg-mayonnaise-mayonnaise,https://cdn0.woolworths.media/content/wowproductimages/medium/213280.jpg,2020-09-21 17:27:05,,0,Was $5.40 11/08/16,True
d983c524-bf10-4eb6-8dcd-1f81de6b5216,Woolworths Supermarket,Pantry,Altimate Waffle Ice Cream Cones 12 pack,213293,$4.20,$2.80 / 100G,https://www.woolworths.com.au/shop/productdetails/213293/altimate-waffle-ice-cream-cones,https://cdn0.woolworths.media/content/wowproductimages/medium/213293.jpg,2020-09-21 17:27:05,,0,,True
c836a098-2822-4dd4-b79e-f49a7ce0cd51,Woolworths Supermarket,Pantry,Allen's Minties Mint Chew Lollies Bag 150g,213965,$2.00,$1.33 / 100G,https://www.woolworths.com.au/shop/productdetails/213965/allen-s-minties-mint-chew-lollies-bag,https://cdn0.woolworths.media/content/wowproductimages/medium/213965.jpg,2020-09-21 17:27:05,,0,,True
ac10d6b1-a48f-4f6f-af5a-4e0796f2638f,Woolworths Supermarket,Pantry,Allen's Kool Mints Chew Lollies Bag 150g,213966,$3.00,$2.00 / 100G,https://www.woolworths.com.au/shop/productdetails/213966/allen-s-kool-mints-chew-lollies-bag,https://cdn0.woolworths.media/content/wowproductimages/medium/213966.jpg,2020-09-21 17:27:05,,0,,True
02ed8582-f315-4c67-bfd1-34c4f3d2b4af,Woolworths Supermarket,Pantry,Sunrice Rice Cakes Thin Sour Cream & Chives 195g,214318,$2.70,$1.38 / 100G,https://www.woolworths.com.au/shop/productdetails/214318/sunrice-rice-cakes-thin-sour-cream-chives,https://cdn0.woolworths.media/content/wowproductimages/medium/214318.jpg,2020-09-21 17:27:05,,0,,True
927a073d-809b-4281-810d-f885ea9ec66e,Woolworths Supermarket,Pantry,Sunrice Rice Cakes Thin Sundried Tomato & Basil 195g,214321,$2.70,$1.38 / 100G,https://www.woolworths.com.au/shop/productdetails/214321/sunrice-rice-cakes-thin-sundried-tomato-basil,https://cdn0.woolworths.media/content/wowproductimages/medium/214321.jpg,2020-09-21 17:27:05,,0,,True
43b2241b-d8b3-4b7e-97af-f740fdbc9e47,Woolworths Supermarket,Pantry,Sandhurst Tomatoes Semi Dried Canola Oil 270g,214325,$4.70,$17.41 / 1KG,https://www.woolworths.com.au/shop/productdetails/214325/sandhurst-tomatoes-semi-dried-canola-oil,https://cdn0.woolworths.media/content/wowproductimages/medium/214325.jpg,2020-09-21 17:27:05,,0,,True
9d1fe4da-0ea9-4236-82b4-d19cdf6e3c89,Woolworths Supermarket,Pantry,Loacker Wafers Pasticceria Noisette 100g,214435,$2.00,$2.00 / 100G,https://www.woolworths.com.au/shop/productdetails/214435/loacker-wafers-pasticceria-noisette,https://cdn0.woolworths.media/content/wowproductimages/medium/214435.jpg,2020-09-21 17:27:05,,0,,True
f0963f76-5db8-493c-827c-ef2390f2b5ee,Woolworths Supermarket,Pantry,Loacker Wafers Coconut 100g,214438,$1.50,$1.50 / 100G,https://www.woolworths.com.au/shop/productdetails/214438/loacker-wafers-coconut,https://cdn0.woolworths.media/content/wowproductimages/medium/214438.jpg,2020-09-21 17:27:05,,0,,True
7a0ed262-b906-4368-820c-9049fab1a297,Woolworths Supermarket,Pantry,Waterthins Crispbread Classic Cheddar Twists 110g,214458,$3.50,$3.18 / 100G,https://www.woolworths.com.au/shop/productdetails/214458/waterthins-crispbread-classic-cheddar-twists,https://cdn0.woolworths.media/content/wowproductimages/medium/214458.jpg,2020-09-21 17:27:05,,0,,True
71bbab6b-f231-4aca-accc-550951090e95,Woolworths Supermarket,Pantry,Waterthins Crispbread Parmesan & Garlic Twists 110g,214462,$3.50,$3.18 / 100G,https://www.woolworths.com.au/shop/productdetails/214462/waterthins-crispbread-parmesan-garlic-twists,https://cdn0.woolworths.media/content/wowproductimages/medium/214462.jpg,2020-09-21 17:27:05,,0,,True
71dd720f-38fa-4e71-a4c7-b7565b7fe741,Woolworths Supermarket,Pantry,Arnott's Shapes Chicken Crimpy 175g,384245,$2.50,$1.43 / 100G,https://www.woolworths.com.au/shop/productdetails/384245/arnott-s-shapes-chicken-crimpy,https://cdn0.woolworths.media/content/wowproductimages/medium/384245.jpg,2020-09-21 17:27:05,,0,,True
48bdc5c8-1dfd-4454-87a3-4ec20032ee7b,Woolworths Supermarket,Pantry,Continental Cup A Soup Creamy Chicken With Lots Of Noodles 2 pack,026649,$2.00,$3.33 / 100G,https://www.woolworths.com.au/shop/productdetails/26649/continental-cup-a-soup-creamy-chicken-with-lots-of-noodles,https://cdn0.woolworths.media/content/wowproductimages/medium/026649.jpg,2020-09-21 17:27:05,,0,,True
bd8e58f5-14fa-4306-9d49-345c6ece0b76,Woolworths Supermarket,Pantry,Essentials Pasta Penne 500g,188800,$0.80,$0.16 / 100G,https://www.woolworths.com.au/shop/productdetails/188800/essentials-pasta-penne,https://cdn0.woolworths.media/content/wowproductimages/medium/188800.jpg,2020-09-21 17:27:05,,0,,True
c6d9b072-5b20-4a27-a914-5dacb275ba77,Woolworths Supermarket,Pantry,Fantastic Rice Crackers Original 100g,035231,$1.50,$1.50 / 100G,https://www.woolworths.com.au/shop/productdetails/35231/fantastic-rice-crackers-original,https://cdn0.woolworths.media/content/wowproductimages/medium/035231.jpg,2020-09-21 17:27:05,,0,,True
cc3d0626-0fa7-4ecb-89d8-1c82c79dc1a7,Woolworths Supermarket,Pantry,Arnott's Monte Carlo 250g,036031,$3.00,$1.20 / 100G,https://www.woolworths.com.au/shop/productdetails/36031/arnott-s-monte-carlo,https://cdn0.woolworths.media/content/wowproductimages/medium/036031.jpg,2020-09-21 17:27:05,,0,,True
1690074e-ce34-4903-bc74-d2cdc6503b12,Woolworths Supermarket,Pantry,Heinz Canned Soup Big Red Tomato 420g,034331,$2.20,$0.52 / 100G,https://www.woolworths.com.au/shop/productdetails/34331/heinz-canned-soup-big-red-tomato,https://cdn0.woolworths.media/content/wowproductimages/medium/034331.jpg,2020-09-21 17:27:05,,0,,True
c87d021e-8330-4740-8c1f-8213fa200c95,Woolworths Supermarket,Pantry,Macro Organic Quinoa Tri Colour 500g,717631,$7.00,$1.40 / 100G,https://www.woolworths.com.au/shop/productdetails/717631/macro-organic-quinoa-tri-colour,https://cdn0.woolworths.media/content/wowproductimages/medium/717631.jpg,2020-09-21 17:27:05,Average product rating out of 5: 4.6. Product score is based on 274 ratings,274,Was $9.99 09/01/2017,True
677e2ed1-0b24-4522-b9a5-01d16e2abbe8,Woolworths Supermarket,Pantry,Masterfoods Barbecue Sauce 500ml,099696,$2.50,$0.50 / 100ML,https://www.woolworths.com.au/shop/productdetails/99696/masterfoods-barbecue-sauce,https://cdn0.woolworths.media/content/wowproductimages/medium/099696.jpg,2020-09-21 17:27:05,,0,,True
2ccb68c3-20a8-410a-9620-4c9153538b59,Woolworths Supermarket,Pantry,Woolworths Diced Italian Tomatoes No Added Salt 400g,770320,$0.80,$2.00 / 1KG,https://www.woolworths.com.au/shop/productdetails/770320/woolworths-diced-italian-tomatoes-no-added-salt,https://cdn0.woolworths.media/content/wowproductimages/medium/770320.jpg,2020-09-21 17:27:05,Average product rating out of 5: 4.7. Product score is based on 311 ratings,311,,True
dc02b1c5-08d4-47c2-9527-ffcfc8698b94,Woolworths Supermarket,Pantry,Ritz Crackers Original 300g,660562,$2.50,$0.83 / 100G,https://www.woolworths.com.au/shop/productdetails/660562/ritz-crackers-original,https://cdn0.woolworths.media/content/wowproductimages/medium/660562.jpg,2020-09-21 17:27:05,,0,,True
091ddba6-3e33-46d0-8254-a87b268b35de,Woolworths Supermarket,Pantry,Mckenzie's Himalayan Salt Rock Pink 400g,749926,$5.95,$0.15 / 10G,https://www.woolworths.com.au/shop/productdetails/749926/mckenzie-s-himalayan-salt-rock-pink,https://cdn0.woolworths.media/content/wowproductimages/medium/749926.jpg,2020-09-21 17:27:05,,0,,True
39858eaf-50a9-45e7-86d7-0ba6a4de9294,Woolworths Supermarket,Pantry,Essentials Raw Sugar 2kg,018174,$2.10,$0.11 / 100G,https://www.woolworths.com.au/shop/productdetails/18174/essentials-raw-sugar,https://cdn0.woolworths.media/content/wowproductimages/medium/018174.jpg,2020-09-21 17:27:05,,0,,True
7d637ebb-fe08-41fb-b4af-0f38b9cfb503,Woolworths Supermarket,Pantry,Cadbury Fry's Turkish Delight 55g bar,098390,$1.00,$1.82 / 100G,https://www.woolworths.com.au/shop/productdetails/98390/cadbury-fry-s-turkish-delight,https://cdn0.woolworths.media/content/wowproductimages/medium/098390.jpg,2020-09-21 17:27:05,,0,,True
53e30605-fde1-4a99-9f5a-70fd03457386,Woolworths Supermarket,Pantry,Mckenzie's Rice Flour 375g,094275,$1.50,$4.00 / 1KG,https://www.woolworths.com.au/shop/productdetails/94275/mckenzie-s-rice-flour,https://cdn0.woolworths.media/content/wowproductimages/medium/094275.jpg,2020-09-21 17:27:05,,0,,True
9c0e7751-0de1-4e31-b10d-ca09a008ca80,Woolworths Supermarket,Pantry,Sunbites Grain Waves Sour Cream & Chives 170g,082361,$3.50,$2.06 / 100G,https://www.woolworths.com.au/shop/productdetails/82361/sunbites-grain-waves-sour-cream-chives,https://cdn0.woolworths.media/content/wowproductimages/medium/082361.jpg,2020-09-21 17:27:05,,0,,True
ec6df16e-6938-4548-a733-898214dc0287,Woolworths Supermarket,Pantry,Ardmona Tomatoes Diced No Added Salt 400g,226849,$1.40,$3.50 / 1KG,https://www.woolworths.com.au/shop/productdetails/226849/ardmona-tomatoes-diced-no-added-salt,https://cdn0.woolworths.media/content/wowproductimages/medium/226849.jpg,2020-09-21 17:27:05,,0,,True
2f8edd29-c1ac-44de-bbf1-9ffbd0c3dcc3,Woolworths Supermarket,Pantry,Woolworths Rolled Traditional Oats 750g,321220,$1.40,$0.19 / 100G,https://www.woolworths.com.au/shop/productdetails/321220/woolworths-rolled-traditional-oats,https://cdn0.woolworths.media/content/wowproductimages/medium/321220.jpg,2020-09-21 17:27:05,Average product rating out of 5: 4.6. Product score is based on 748 ratings,748,,True
034ef1cc-38cb-48de-9c8e-094b31ea3ee4,Woolworths Supermarket,Pantry,Cadbury Dairy Milk Chocolate Fair Trade 350g,757883,$5.00,$1.43 / 100G,https://www.woolworths.com.au/shop/productdetails/757883/cadbury-dairy-milk-chocolate-fair-trade,https://cdn0.woolworths.media/content/wowproductimages/medium/757883.jpg,2020-09-21 17:27:05,,0,Was $6.30 16/01/2017,True
0b19fe92-52d4-42e4-978f-7990ae9d07c3,Woolworths Supermarket,Pantry,Indomie Mi Goreng Instant Noodles 5pk 425g,177972,$2.75,$0.65 / 100G,https://www.woolworths.com.au/shop/productdetails/177972/indomie-mi-goreng-instant-noodles,https://cdn0.woolworths.media/content/wowproductimages/medium/177972.jpg,2020-09-21 17:27:05,,0,,True
aa2579cc-af5f-4e36-8eb1-08cadba013ca,Woolworths Supermarket,Pantry,Sunbites Grain Waves Sour Cream & Chives 5 pack,720220,$3.10,$2.82 / 100G,https://www.woolworths.com.au/shop/productdetails/720220/sunbites-grain-waves-sour-cream-chives,https://cdn0.woolworths.media/content/wowproductimages/medium/720220.jpg,2020-09-21 17:27:05,,0,2 for $5.00,True
f959016d-f409-44d3-a8b5-b5fe2c053dab,Woolworths Supermarket,Pantry,Waterthins Fine Wafer Cracker Natural 150g,214469,$2.75,$1.83 / 100G,https://www.woolworths.com.au/shop/productdetails/214469/waterthins-fine-wafer-cracker-natural,https://cdn0.woolworths.media/content/wowproductimages/medium/214469.jpg,2020-09-21 17:27:05,,0,,True
1a85113a-7a29-4f8f-affe-b4beb0dd2296,Woolworths Supermarket,Pantry,Carman's Original Fruit Free Muesli Bars 6 pack,214717,$6.00,$2.22 / 100G,https://www.woolworths.com.au/shop/productdetails/214717/carman-s-original-fruit-free-muesli-bars,https://cdn0.woolworths.media/content/wowproductimages/medium/214717.jpg,2020-09-21 17:27:05,,0,,True
30a29037-a991-4eb4-89ca-ea47c1e2b222,Woolworths Supermarket,Pantry,Carman's Classic Fruit & Nut Muesli Bars 6 pack,214718,$6.00,$2.22 / 100G,https://www.woolworths.com.au/shop/productdetails/214718/carman-s-classic-fruit-nut-muesli-bars,https://cdn0.woolworths.media/content/wowproductimages/medium/214718.jpg,2020-09-21 17:27:05,,0,,True
379550da-71d5-4213-8b8b-62abc05835d4,Woolworths Supermarket,Pantry,Byron Bay Chilli Co. Chilli Sauce Fiery Coconut 250ml,215154,$4.29,$1.72 / 100ML,https://www.woolworths.com.au/shop/productdetails/215154/byron-bay-chilli-co-chilli-sauce-fiery-coconut,https://cdn0.woolworths.media/content/wowproductimages/medium/215154.jpg,2020-09-21 17:27:05,,0,,True
6265f12d-d3cb-4850-840b-55e676878bcc,Woolworths Supermarket,Pantry,Macro Organic Penne Pasta 500g,215448,$1.65,$0.33 / 100G,https://www.woolworths.com.au/shop/productdetails/215448/macro-organic-penne-pasta,https://cdn0.woolworths.media/content/wowproductimages/medium/215448.jpg,2020-09-21 17:27:05,Average product rating out of 5: 4.5. Product score is based on 364 ratings,364,,True
677b63fe-aec1-4047-9e1c-305205c3a82d,Woolworths Supermarket,Pantry,Macro Organic Spaghetti Pasta 500g,215450,$1.65,$0.33 / 100G,https://www.woolworths.com.au/shop/productdetails/215450/macro-organic-spaghetti-pasta,https://cdn0.woolworths.media/content/wowproductimages/medium/215450.jpg,2020-09-21 17:27:05,Average product rating out of 5: 4.4. Product score is based on 540 ratings,540,,True
93abb2d6-dcaa-4814-ab19-6f6ab2be9891,Woolworths Supermarket,Pantry,Macro Organic Spirals Pasta 500g,215451,$1.65,$0.33 / 100G,https://www.woolworths.com.au/shop/productdetails/215451/macro-organic-spirals-pasta,https://cdn0.woolworths.media/content/wowproductimages/medium/215451.jpg,2020-09-21 17:27:05,Average product rating out of 5: 4.5. Product score is based on 645 ratings,645,,True
b593ee62-36c5-43b1-8a39-960965e57b79,Woolworths Supermarket,Pantry,Macro Organic Plain Flour 1kg,215462,$4.50,$4.50 / 1KG,https://www.woolworths.com.au/shop/productdetails/215462/macro-organic-plain-flour,https://cdn0.woolworths.media/content/wowproductimages/medium/215462.jpg,2020-09-21 17:27:05,Average product rating out of 5: 4.1. Product score is based on 1226 ratings,1226,,True
baabda5f-a8a5-4bd8-b751-33723e2eef5d,Woolworths Supermarket,Pantry,Macro Organic Self Raising Flour 1kg,215464,$4.50,$4.50 / 1KG,https://www.woolworths.com.au/shop/productdetails/215464/macro-organic-self-raising-flour,https://cdn0.woolworths.media/content/wowproductimages/medium/215464.jpg,2020-09-21 17:27:05,Average product rating out of 5: 4.1. Product score is based on 244 ratings,244,,True
0b58fdca-105e-430b-80b2-5e1a7b523d95,Woolworths Supermarket,Pantry,Macro Organic Raw Sugar Organic 1kg,215466,$2.85,$0.29 / 100G,https://www.woolworths.com.au/shop/productdetails/215466/macro-organic-raw-sugar-organic,https://cdn0.woolworths.media/content/wowproductimages/medium/215466.jpg,2020-09-21 17:27:05,,0,,True
7ea9dad9-4109-4e4c-9f60-11d38044bbfe,Woolworths Supermarket,Pantry,Sanitarium Crunchy No Added Sugar Or Salt Peanut Butter 500g,215943,$4.00,$0.80 / 100G,https://www.woolworths.com.au/shop/productdetails/215943/sanitarium-crunchy-no-added-sugar-or-salt-peanut-butter,https://cdn0.woolworths.media/content/wowproductimages/medium/215943.jpg,2020-09-21 17:27:05,,0,,True
a00747f9-539c-4190-b753-0b1261462c01,Woolworths Supermarket,Pantry,Sanitarium Smooth No Added Sugar Or Salt Peanut Butter 500g,215945,$4.00,$0.80 / 100G,https://www.woolworths.com.au/shop/productdetails/215945/sanitarium-smooth-no-added-sugar-or-salt-peanut-butter,https://cdn0.woolworths.media/content/wowproductimages/medium/215945.jpg,2020-09-21 17:27:05,,0,,True
4315d268-5f53-4b40-bdf7-96b39231b155,Woolworths Supermarket,Pantry,Sanitarium Crunchy Peanut Butter 500g,215948,$4.00,$0.80 / 100G,https://www.woolworths.com.au/shop/productdetails/215948/sanitarium-crunchy-peanut-butter,https://cdn0.woolworths.media/content/wowproductimages/medium/215948.jpg,2020-09-21 17:27:05,,0,,True
7deff469-1e5f-4404-afcc-b2b3bde3f500,Woolworths Supermarket,Pantry,Sanitarium Smooth Peanut Butter 500g,215949,$4.00,$0.80 / 100G,https://www.woolworths.com.au/shop/productdetails/215949/sanitarium-smooth-peanut-butter,https://cdn0.woolworths.media/content/wowproductimages/medium/215949.jpg,2020-09-21 17:27:05,,0,,True
ba9a284e-77f6-4bd2-907b-9f55fb7c6076,Woolworths Supermarket,Pantry,Masterfoods Whole Cumin Seed 28g,216503,$3.10,$1.11 / 10G,https://www.woolworths.com.au/shop/productdetails/216503/masterfoods-whole-cumin-seed,https://cdn0.woolworths.media/content/wowproductimages/medium/216503.jpg,2020-09-21 17:27:05,,0,,True
c3ddc4ba-2839-423d-9d62-a5d87b3abbd4,Woolworths Supermarket,Pantry,Lindt Excellence Dark Chocolate Orange Intense 100g block,217002,$2.70,$2.70 / 100G,https://www.woolworths.com.au/shop/productdetails/217002/lindt-excellence-dark-chocolate-orange-intense,https://cdn0.woolworths.media/content/wowproductimages/medium/217002.jpg,2020-09-21 17:27:05,,0,,True
0a8cacef-07a2-4217-ba67-c522f9225b73,Woolworths Supermarket,Pantry,Red Island Cold Pressed Olive Oil Extra Virgin 500ml,217225,$8.15,$1.63 / 100ML,https://www.woolworths.com.au/shop/productdetails/217225/red-island-cold-pressed-olive-oil-extra-virgin,https://cdn0.woolworths.media/content/wowproductimages/medium/217225.jpg,2020-09-21 17:27:05,,0,,True
4e379276-92eb-4f05-ba4a-07d8aec108ac,Woolworths Supermarket,Pantry,Green's Cake Mix Traditional Sultana 340g,217506,$2.75,$0.81 / 100G,https://www.woolworths.com.au/shop/productdetails/217506/green-s-cake-mix-traditional-sultana,https://cdn0.woolworths.media/content/wowproductimages/medium/217506.jpg,2020-09-21 17:27:05,,0,,True
5a2d79d2-4942-485b-a756-53f410e1afe2,Woolworths Supermarket,Pantry,Sirena Tuna In Puttanesca 95g,218570,$2.70,$28.42 / 1KG,https://www.woolworths.com.au/shop/productdetails/218570/sirena-tuna-in-puttanesca,https://cdn0.woolworths.media/content/wowproductimages/medium/218570.jpg,2020-09-21 17:27:05,,0,,True
d795f3eb-5f33-44dd-b2f1-7ce61ae78207,Woolworths Supermarket,Pantry,Woolworths Sliced Green Beans 410g,218869,$1.10,$2.68 / 1KG,https://www.woolworths.com.au/shop/productdetails/218869/woolworths-sliced-green-beans,https://cdn0.woolworths.media/content/wowproductimages/medium/218869.jpg,2020-09-21 17:27:05,Average product rating out of 5: 2.6. Product score is based on 972 ratings,972,,True
b8e1fd7d-56b6-4143-816e-ac70af9aef8e,Woolworths Supermarket,Pantry,Woolworths Beans Butter 420g,218893,$0.80,$0.19 / 100G,https://www.woolworths.com.au/shop/productdetails/218893/woolworths-beans-butter,https://cdn0.woolworths.media/content/wowproductimages/medium/218893.jpg,2020-09-21 17:27:05,Average product rating out of 5: 4.2. Product score is based on 390 ratings,390,,True
0e83c025-0eb4-411c-9247-873a0c7bc495,Woolworths Supermarket,Pantry,Woolworths Cannellini Beans 420g,218894,$0.80,$0.19 / 100G,https://www.woolworths.com.au/shop/productdetails/218894/woolworths-cannellini-beans,https://cdn0.woolworths.media/content/wowproductimages/medium/218894.jpg,2020-09-21 17:27:05,Average product rating out of 5: 4.5. Product score is based on 236 ratings,236,,True
f0303d9a-7a17-4127-935a-1186f8d75d63,Woolworths Supermarket,Pantry,Woolworths Whole Baby Carrots Baby 410g,218900,$1.50,$3.66 / 1KG,https://www.woolworths.com.au/shop/productdetails/218900/woolworths-whole-baby-carrots-baby,https://cdn0.woolworths.media/content/wowproductimages/medium/218900.jpg,2020-09-21 17:27:05,Average product rating out of 5: 3.4. Product score is based on 380 ratings,380,,True
8c83f750-cc80-4c5e-9f83-279a31979a46,Woolworths Supermarket,Pantry,Woolworths Peas & Carrots 420g,218915,$1.35,$3.21 / 1KG,https://www.woolworths.com.au/shop/productdetails/218915/woolworths-peas-carrots,https://cdn0.woolworths.media/content/wowproductimages/medium/218915.jpg,2020-09-21 17:27:05,Average product rating out of 5: 2.7. Product score is based on 356 ratings,356,,True
fb2943d5-1e7c-4b69-a0ee-a2eac89fafb2,Woolworths Supermarket,Pantry,Sunbites Grain Waves Sour Cream & Chives 5 pack,720220,$3.10,$2.82 / 100G,https://www.woolworths.com.au/shop/productdetails/720220/sunbites-grain-waves-sour-cream-chives,https://cdn0.woolworths.media/content/wowproductimages/medium/720220.jpg,2020-09-21 17:27:05,,0,2 for $5.00,True
f0bd5e12-2e2b-44e4-9e42-f5bd1f6ace88,Woolworths Supermarket,Pantry,Sanitarium Weet-bix Breakfast Cereal 1.2kg,200695,$5.00,$0.42 / 100G,https://www.woolworths.com.au/shop/productdetails/200695/sanitarium-weet-bix-breakfast-cereal,https://cdn0.woolworths.media/content/wowproductimages/medium/200695.jpg,2020-09-21 17:27:05,,0,,True
228d8372-bb43-4869-a7a8-b84d48046574,Woolworths Supermarket,Pantry,Cobram Estate Extra Virgin Light Olive Oil 750ml,345955,$15.00,$2.00 / 100ML,https://www.woolworths.com.au/shop/productdetails/345955/cobram-estate-extra-virgin-light-olive-oil,https://cdn0.woolworths.media/content/wowproductimages/medium/345955.jpg,2020-09-21 17:27:05,,0,,True
d6c091c1-8daf-44a6-8538-9af03ff6f6c9,Woolworths Supermarket,Pantry,Cadbury Dairy Milk Chocolate Fair Trade 350g,757883,$5.00,$1.43 / 100G,https://www.woolworths.com.au/shop/productdetails/757883/cadbury-dairy-milk-chocolate-fair-trade,https://cdn0.woolworths.media/content/wowproductimages/medium/757883.jpg,2020-09-21 17:27:05,,0,Was $6.30 16/01/2017,True
eef563aa-9cab-4518-b8f7-895763b4d51a,Woolworths Supermarket,Pantry,Woolworths Walnuts Kernel 500g,749540,$11.00,$22.00 / 1KG,https://www.woolworths.com.au/shop/productdetails/749540/woolworths-walnuts-kernel,https://cdn0.woolworths.media/content/wowproductimages/medium/749540.jpg,2020-09-21 17:27:05,Average product rating out of 5: 4.8. Product score is based on 360 ratings,360,,True
0609acbc-f6d8-4743-8401-b0dd30db703f,Woolworths Supermarket,Pantry,Woolworths White Rice Long Grain 5kg,072779,$6.70,$0.13 / 100G,https://www.woolworths.com.au/shop/productdetails/72779/woolworths-white-rice-long-grain,https://cdn0.woolworths.media/content/wowproductimages/medium/072779.jpg,2020-09-21 17:27:05,Average product rating out of 5: 4.8. Product score is based on 14 ratings,14,,True
de814b17-6623-4376-b3fe-f4aa6dbe9399,Woolworths Supermarket,Pantry,Woolworths Almond Meal 400g,610610,$7.50,$18.75 / 1KG,https://www.woolworths.com.au/shop/productdetails/610610/woolworths-almond-meal,https://cdn0.woolworths.media/content/wowproductimages/medium/610610.jpg,2020-09-21 17:27:05,Average product rating out of 5: 4.6. Product score is based on 326 ratings,326,Was $9.00 22/07/2020,True
ca39bf01-b8e9-4ea5-804c-89999492c5a2,Woolworths Supermarket,Pantry,Nescafe Blend 43 Soluble Instant Coffee 500g,035694,$20.00,$4.00 / 100G,https://www.woolworths.com.au/shop/productdetails/35694/nescafe-blend-43-soluble-instant-coffee,https://cdn0.woolworths.media/content/wowproductimages/medium/035694.jpg,2020-09-21 17:27:05,,0,,True
be1365df-f049-4767-a6a9-68ee0e396f41,Woolworths Supermarket,Pantry,Woolworths Diced Italian Tomatoes No Added Salt 400g,770320,$0.80,$2.00 / 1KG,https://www.woolworths.com.au/shop/productdetails/770320/woolworths-diced-italian-tomatoes-no-added-salt,https://cdn0.woolworths.media/content/wowproductimages/medium/770320.jpg,2020-09-21 17:27:05,Average product rating out of 5: 4.7. Product score is based on 311 ratings,311,,True
988ef3f7-ec79-4631-8e54-ff4f3f9b2d95,Woolworths Supermarket,Pantry,Queen Organic Vanilla Bean Paste 65g,225399,$11.80,$18.15 / 100G,https://www.woolworths.com.au/shop/productdetails/225399/queen-organic-vanilla-bean-paste,https://cdn0.woolworths.media/content/wowproductimages/medium/225399.jpg,2020-09-21 17:27:05,,0,,True
f59bca73-ece7-4b8d-b7fc-c39147c60276,Woolworths Supermarket,Pantry,Beechworth Pure Honey 1.5kg,250371,$22.00,$1.47 / 100G,https://www.woolworths.com.au/shop/productdetails/250371/beechworth-pure-honey,https://cdn0.woolworths.media/content/wowproductimages/medium/250371.jpg,2020-09-21 17:27:05,,0,,True
3a04d6c7-8825-40c9-ad26-47e7631b0121,Woolworths Supermarket,Pantry,Arnott's Monte Carlo 250g,036031,$3.00,$1.20 / 100G,https://www.woolworths.com.au/shop/productdetails/36031/arnott-s-monte-carlo,https://cdn0.woolworths.media/content/wowproductimages/medium/036031.jpg,2020-09-21 17:27:05,,0,,True
ecf5b7bb-545e-4603-bf21-9d3b898ce714,Woolworths Supermarket,Pantry,Bertolli Extra Virgin Olive Oil Originale 750ml,502951,$6.50,$0.87 / 100ML,https://www.woolworths.com.au/shop/productdetails/502951/bertolli-extra-virgin-olive-oil-originale,https://cdn0.woolworths.media/content/wowproductimages/medium/502951.jpg,2020-09-21 17:27:05,,0,,True
706a4492-b70b-419d-9e3d-05c71fa889ee,Woolworths Supermarket,Pantry,Ritz Crackers Original 300g,660562,$2.50,$0.83 / 100G,https://www.woolworths.com.au/shop/productdetails/660562/ritz-crackers-original,https://cdn0.woolworths.media/content/wowproductimages/medium/660562.jpg,2020-09-21 17:27:05,,0,,True
f5677476-c3da-48ae-b548-af1b2d63f164,Woolworths Supermarket,Pantry,Moccona Freeze Dried Instant Coffee Classic Medium Roast 400g,208575,$24.00,$6.00 / 100G,https://www.woolworths.com.au/shop/productdetails/208575/moccona-freeze-dried-instant-coffee-classic-medium-roast,https://cdn0.woolworths.media/content/wowproductimages/medium/208575.jpg,2020-09-21 17:27:05,,0,,True
7be5f22c-62f2-44e5-ab9c-0af8c6d0e794,Woolworths Supermarket,Pantry,Vege Chips Chicken Style 100g,793382,$3.80,$3.80 / 100G,https://www.woolworths.com.au/shop/productdetails/793382/vege-chips-chicken-style,https://cdn0.woolworths.media/content/wowproductimages/medium/793382.jpg,2020-09-21 17:27:05,Average product rating out of 5: 4.7. Product score is based on 20 ratings,20,,True
242c9bea-65b7-4001-a298-eade8693d309,Woolworths Supermarket,Pantry,Macro Organic Quinoa Tri Colour 500g,717631,$7.00,$1.40 / 100G,https://www.woolworths.com.au/shop/productdetails/717631/macro-organic-quinoa-tri-colour,https://cdn0.woolworths.media/content/wowproductimages/medium/717631.jpg,2020-09-21 17:27:05,Average product rating out of 5: 4.6. Product score is based on 274 ratings,274,Was $9.99 09/01/2017,True
60bbdb87-1527-4a4c-b188-51e36526dbd4,Woolworths Supermarket,Pantry,Mckenzie's Himalayan Salt Rock Pink 400g,749926,$5.95,$0.15 / 10G,https://www.woolworths.com.au/shop/productdetails/749926/mckenzie-s-himalayan-salt-rock-pink,https://cdn0.woolworths.media/content/wowproductimages/medium/749926.jpg,2020-09-21 17:27:05,,0,,True
8a4ee548-6358-4158-81fe-42fdcfa42bc1,Woolworths Supermarket,Pantry,Continental Cup A Soup Creamy Chicken With Lots Of Noodles 2 pack,026649,$2.00,$3.33 / 100G,https://www.woolworths.com.au/shop/productdetails/26649/continental-cup-a-soup-creamy-chicken-with-lots-of-noodles,https://cdn0.woolworths.media/content/wowproductimages/medium/026649.jpg,2020-09-21 17:27:05,,0,,True
4a9e1925-730b-407d-ae53-e353f4dd0fe2,Woolworths Supermarket,Pantry,Woolworths Rolled Traditional Oats 750g,321220,$1.40,$0.19 / 100G,https://www.woolworths.com.au/shop/productdetails/321220/woolworths-rolled-traditional-oats,https://cdn0.woolworths.media/content/wowproductimages/medium/321220.jpg,2020-09-21 17:27:05,Average product rating out of 5: 4.6. Product score is based on 748 ratings,748,,True
b0c2296d-bb6e-46a4-b7f3-906d1b97eff2,Woolworths Supermarket,Pantry,Woolworths Peas & Corn 420g,218916,$1.15,$2.74 / 1KG,https://www.woolworths.com.au/shop/productdetails/218916/woolworths-peas-corn,https://cdn0.woolworths.media/content/wowproductimages/medium/218916.jpg,2020-09-21 17:27:05,Average product rating out of 5: 3.5. Product score is based on 220 ratings,220,,True
5494ff62-b9e0-40a6-80bc-c0236238af14,Woolworths Supermarket,Pantry,Woolworths Italian Peeled Tomatoes 400g,218918,$0.80,$2.00 / 1KG,https://www.woolworths.com.au/shop/productdetails/218918/woolworths-italian-peeled-tomatoes,https://cdn0.woolworths.media/content/wowproductimages/medium/218918.jpg,2020-09-21 17:27:05,Average product rating out of 5: 4.5. Product score is based on 554 ratings,554,,True
f02b10a7-acc7-4a86-9f91-39ea24d83272,Woolworths Supermarket,Pantry,Woolworths Corn Sweet Kernels 420g,218926,$1.00,$2.38 / 1KG,https://www.woolworths.com.au/shop/productdetails/218926/woolworths-corn-sweet-kernels,https://cdn0.woolworths.media/content/wowproductimages/medium/218926.jpg,2020-09-21 17:27:05,Average product rating out of 5: 4.1. Product score is based on 215 ratings,215,,True
03c3f86b-4a9d-419d-b2a8-20968c4b2e3f,Woolworths Supermarket,Pantry,Woolworths Garden Peas Green 420g,218931,$0.85,$2.02 / 1KG,https://www.woolworths.com.au/shop/productdetails/218931/woolworths-garden-peas-green,https://cdn0.woolworths.media/content/wowproductimages/medium/218931.jpg,2020-09-21 17:27:05,Average product rating out of 5: 2.8. Product score is based on 559 ratings,559,,True
673f14de-3169-4742-8c07-a2724c16e562,Woolworths Supermarket,Pantry,Arnott's Snack Right Wild Berry 250g,219059,$3.00,$1.20 / 100G,https://www.woolworths.com.au/shop/productdetails/219059/arnott-s-snack-right-wild-berry,https://cdn0.woolworths.media/content/wowproductimages/medium/219059.jpg,2020-09-21 17:27:05,,0,Was $4.20 11/02/2019,True
1c50d7e5-c6ec-4b9f-a7b3-f2652eb0d1d8,Woolworths Supermarket,Pantry,Woolworths Prunes Pitted 500g,219607,$4.90,$9.80 / 1KG,https://www.woolworths.com.au/shop/productdetails/219607/woolworths-prunes-pitted,https://cdn0.woolworths.media/content/wowproductimages/medium/219607.jpg,2020-09-21 17:27:05,,0,,True
da4559cd-166c-4965-a362-67ebda9c80bc,Woolworths Supermarket,Pantry,White Wings Parsons Vanilla Creamed Rice 98% Fat Free 430g,220111,$2.75,$0.64 / 100G,https://www.woolworths.com.au/shop/productdetails/220111/white-wings-parsons-vanilla-creamed-rice-98-fat-free,https://cdn0.woolworths.media/content/wowproductimages/medium/220111.jpg,2020-09-21 17:27:05,,0,,True
b27a8f26-4466-4670-8e27-436322c3b535,Woolworths Supermarket,Pantry,Woolworths Pink Salmon 105g,220695,$2.80,$26.67 / 1KG,https://www.woolworths.com.au/shop/productdetails/220695/woolworths-pink-salmon,https://cdn0.woolworths.media/content/wowproductimages/medium/220695.jpg,2020-09-21 17:27:05,,0,,True
5a92cb6e-c56f-498a-8c7c-54ee89ce7f75,Woolworths Supermarket,Pantry,Woolworths Pink Salmon 210g,220696,$3.45,$16.43 / 1KG,https://www.woolworths.com.au/shop/productdetails/220696/woolworths-pink-salmon,https://cdn0.woolworths.media/content/wowproductimages/medium/220696.jpg,2020-09-21 17:27:05,,0,,True
1f2dce7e-391c-41e2-a725-02d566f57cf8,Woolworths Supermarket,Pantry,Woolworths Salmon Pink 415g,220697,$4.70,$11.33 / 1KG,https://www.woolworths.com.au/shop/productdetails/220697/woolworths-salmon-pink,https://cdn0.woolworths.media/content/wowproductimages/medium/220697.jpg,2020-09-21 17:27:05,Average product rating out of 5: 3.9. Product score is based on 632 ratings,632,,True
07aa1647-b7cd-41d4-ada9-dcec8346742d,Woolworths Supermarket,Pantry,Woolworths Red Salmon 105g,220698,$3.70,$35.24 / 1KG,https://www.woolworths.com.au/shop/productdetails/220698/woolworths-red-salmon,https://cdn0.woolworths.media/content/wowproductimages/medium/220698.jpg,2020-09-21 17:27:05,,0,,True
4fa36468-aa97-4209-8724-2f7ec61d93e0,Woolworths Supermarket,Pantry,Essentials Olive Oil Spray 400g,221580,$5.50,$1.38 / 100G,https://www.woolworths.com.au/shop/productdetails/221580/essentials-olive-oil-spray,https://cdn0.woolworths.media/content/wowproductimages/medium/221580.jpg,2020-09-21 17:27:05,,0,,True
847e83f4-a1bd-407d-a5f4-b06ed66ed42c,Woolworths Supermarket,Pantry,Sharwood's Simmer Sauce Tikka Masala 420g,222301,$3.00,$0.71 / 100G,https://www.woolworths.com.au/shop/productdetails/222301/sharwood-s-simmer-sauce-tikka-masala,https://cdn0.woolworths.media/content/wowproductimages/medium/222301.jpg,2020-09-21 17:27:05,,0,Was $4.00 19/03/2018,True
58bd2f25-9490-43ba-aac3-2d2389d87ae9,Woolworths Supermarket,Pantry,Sharwood's Simmer Sauce Korma 420g,222307,$3.00,$0.71 / 100G,https://www.woolworths.com.au/shop/productdetails/222307/sharwood-s-simmer-sauce-korma,https://cdn0.woolworths.media/content/wowproductimages/medium/222307.jpg,2020-09-21 17:27:05,,0,Was $4.00 19/03/2018,True
c16f2546-ff30-4836-8c49-59d47f566059,Woolworths Supermarket,Pantry,Sharwood's Simmer Sauce Butter Chicken 420g,222325,$3.00,$0.71 / 100G,https://www.woolworths.com.au/shop/productdetails/222325/sharwood-s-simmer-sauce-butter-chicken,https://cdn0.woolworths.media/content/wowproductimages/medium/222325.jpg,2020-09-21 17:27:05,,0,Was $4.00 19/03/2018,True
4286f115-37b3-4632-a329-4a837e22b659,Woolworths Supermarket,Pantry,Gravox Gravy Mix Roast Meat Red Wine Garlic 165g,222989,$2.00,$1.21 / 100G,https://www.woolworths.com.au/shop/productdetails/222989/gravox-gravy-mix-roast-meat-red-wine-garlic,https://cdn0.woolworths.media/content/wowproductimages/medium/222989.jpg,2020-09-21 17:27:05,,0,Was $2.55 01/09/16,True
823c67d0-7bee-4747-83a3-1f69488bdd22,Woolworths Supermarket,Pantry,Gravox Gravy Liquid Brown Onion 165g,222992,$2.00,$1.21 / 100G,https://www.woolworths.com.au/shop/productdetails/222992/gravox-gravy-liquid-brown-onion,https://cdn0.woolworths.media/content/wowproductimages/medium/222992.jpg,2020-09-21 17:27:05,,0,Was $2.55 01/09/16,True
33981fe4-fcef-4c0c-b88e-aadf27f85011,Woolworths Supermarket,Pantry,Gravox Gravy Liquid Lamb & Rosemary 165g,222993,$2.00,$1.21 / 100G,https://www.woolworths.com.au/shop/productdetails/222993/gravox-gravy-liquid-lamb-rosemary,https://cdn0.woolworths.media/content/wowproductimages/medium/222993.jpg,2020-09-21 17:27:05,,0,Was $2.55 01/09/16,True
232aa665-af02-4693-aa7f-6672ab1fa507,Woolworths Supermarket,Pantry,Masterfoods Recipe Base Tuscan Meatballs 175g,223136,$2.20,$1.26 / 100G,https://www.woolworths.com.au/shop/productdetails/223136/masterfoods-recipe-base-tuscan-meatballs,https://cdn0.woolworths.media/content/wowproductimages/medium/223136.jpg,2020-09-21 17:27:05,,0,3 for $6.00,True
0e4d8231-0c1d-4165-bd0c-5291df2dc197,Woolworths Supermarket,Pantry,Maharajah's Choice Ingredients Ghee Pure 300ml,223725,$5.75,$1.92 / 100ML,https://www.woolworths.com.au/shop/productdetails/223725/maharajah-s-choice-ingredients-ghee-pure,https://cdn0.woolworths.media/content/wowproductimages/medium/223725.jpg,2020-09-21 17:27:05,,0,,True
461a0dca-3387-40b1-89e7-9db630b8cfe9,Woolworths Supermarket,Pantry,Mazzetti Vinegar Balsamic Vintage 4 Leaf 250ml,224075,$6.80,$2.72 / 100ML,https://www.woolworths.com.au/shop/productdetails/224075/mazzetti-vinegar-balsamic-vintage-4-leaf,https://cdn0.woolworths.media/content/wowproductimages/medium/224075.jpg,2020-09-21 17:27:05,,0,,True
36ea2b01-ccd8-4205-afd9-016f6d054820,Woolworths Supermarket,Pantry,Heinz Big N Chunky Canned Soup Butter Chicken 535g,224183,$2.50,$0.47 / 100G,https://www.woolworths.com.au/shop/productdetails/224183/heinz-big-n-chunky-canned-soup-butter-chicken,https://cdn0.woolworths.media/content/wowproductimages/medium/224183.jpg,2020-09-21 17:27:05,,0,Was $3.89 17/04/2017,True
a14670c7-400f-4d7b-ad23-d3785fa7bae0,Woolworths Supermarket,Pantry,Heinz Big N Chunky Canned Soup Bacon Steak & Potato 535g,224190,$2.50,$0.47 / 100G,https://www.woolworths.com.au/shop/productdetails/224190/heinz-big-n-chunky-canned-soup-bacon-steak-potato,https://cdn0.woolworths.media/content/wowproductimages/medium/224190.jpg,2020-09-21 17:27:05,,0,Was $3.89 17/04/2017,True
ed7949cf-3c52-41aa-acc2-a17523c2fd07,Woolworths Supermarket,Pantry,Heinz Big N Chunky Canned Soup Peppered Steak 535g,224195,$2.50,$0.47 / 100G,https://www.woolworths.com.au/shop/productdetails/224195/heinz-big-n-chunky-canned-soup-peppered-steak,https://cdn0.woolworths.media/content/wowproductimages/medium/224195.jpg,2020-09-21 17:27:05,,0,Was $3.89 17/04/2017,True
42125add-7396-4763-83d3-2f8487eb79ff,Woolworths Supermarket,Pantry,Arnott's Shapes Chicken Crimpy 175g,384245,$2.50,$1.43 / 100G,https://www.woolworths.com.au/shop/productdetails/384245/arnott-s-shapes-chicken-crimpy,https://cdn0.woolworths.media/content/wowproductimages/medium/384245.jpg,2020-09-21 17:27:05,,0,,True
990a1715-083f-4ece-9f74-adc68e5f71c4,Woolworths Supermarket,Pantry,Sunbites Grain Waves Sour Cream & Chives 5 pack,720220,$3.10,$2.82 / 100G,https://www.woolworths.com.au/shop/productdetails/720220/sunbites-grain-waves-sour-cream-chives,https://cdn0.woolworths.media/content/wowproductimages/medium/720220.jpg,2020-09-21 17:27:05,,0,2 for $5.00,True
10cf21e3-a144-4a95-a390-f04c4e3461a4,Woolworths Supermarket,Pantry,Masterfoods Barbecue Sauce 500ml,099696,$2.50,$0.50 / 100ML,https://www.woolworths.com.au/shop/productdetails/99696/masterfoods-barbecue-sauce,https://cdn0.woolworths.media/content/wowproductimages/medium/099696.jpg,2020-09-21 17:27:05,,0,,True
331690f8-4004-4095-8b40-1158d9a88e40,Woolworths Supermarket,Pantry,Essentials Pasta Penne 500g,188800,$0.80,$0.16 / 100G,https://www.woolworths.com.au/shop/productdetails/188800/essentials-pasta-penne,https://cdn0.woolworths.media/content/wowproductimages/medium/188800.jpg,2020-09-21 17:27:05,,0,,True
cf21e126-3b68-4b85-83e8-48ef563bf916,Woolworths Supermarket,Pantry,Fantastic Rice Crackers Original 100g,035231,$1.50,$1.50 / 100G,https://www.woolworths.com.au/shop/productdetails/35231/fantastic-rice-crackers-original,https://cdn0.woolworths.media/content/wowproductimages/medium/035231.jpg,2020-09-21 17:27:05,,0,,True
65911355-8bb3-4318-be2b-ea084e472058,Woolworths Supermarket,Pantry,Ardmona Tomatoes Diced No Added Salt 400g,226849,$1.40,$3.50 / 1KG,https://www.woolworths.com.au/shop/productdetails/226849/ardmona-tomatoes-diced-no-added-salt,https://cdn0.woolworths.media/content/wowproductimages/medium/226849.jpg,2020-09-21 17:27:05,,0,,True
fddb1ccb-03c6-4a11-9c32-a8dbc4a015af,Woolworths Supermarket,Pantry,Cadbury Fry's Turkish Delight 55g bar,098390,$1.00,$1.82 / 100G,https://www.woolworths.com.au/shop/productdetails/98390/cadbury-fry-s-turkish-delight,https://cdn0.woolworths.media/content/wowproductimages/medium/098390.jpg,2020-09-21 17:27:05,,0,,True
aaf0a1a4-3385-40f3-9150-f1ab7920d74e,Woolworths Supermarket,Pantry,Woolworths Rolled Traditional Oats 750g,321220,$1.40,$0.19 / 100G,https://www.woolworths.com.au/shop/productdetails/321220/woolworths-rolled-traditional-oats,https://cdn0.woolworths.media/content/wowproductimages/medium/321220.jpg,2020-09-21 17:27:05,Average product rating out of 5: 4.6. Product score is based on 748 ratings,748,,True
8f0dfd72-b7e2-4f83-ab31-0415e8dbb1bc,Woolworths Supermarket,Pantry,Woolworths Diced Italian Tomatoes No Added Salt 400g,770320,$0.80,$2.00 / 1KG,https://www.woolworths.com.au/shop/productdetails/770320/woolworths-diced-italian-tomatoes-no-added-salt,https://cdn0.woolworths.media/content/wowproductimages/medium/770320.jpg,2020-09-21 17:27:05,Average product rating out of 5: 4.7. Product score is based on 311 ratings,311,,True
92232531-0c72-4746-b98e-9a05b36f0053,Woolworths Supermarket,Pantry,Arnott's Monte Carlo 250g,036031,$3.00,$1.20 / 100G,https://www.woolworths.com.au/shop/productdetails/36031/arnott-s-monte-carlo,https://cdn0.woolworths.media/content/wowproductimages/medium/036031.jpg,2020-09-21 17:27:05,,0,,True
5ce2684a-9171-49d0-89e8-2679944b0365,Woolworths Supermarket,Pantry,Macro Organic Quinoa Tri Colour 500g,717631,$7.00,$1.40 / 100G,https://www.woolworths.com.au/shop/productdetails/717631/macro-organic-quinoa-tri-colour,https://cdn0.woolworths.media/content/wowproductimages/medium/717631.jpg,2020-09-21 17:27:05,Average product rating out of 5: 4.6. Product score is based on 274 ratings,274,Was $9.99 09/01/2017,True
237648a1-43e5-4d71-876f-0d02b250d180,Woolworths Supermarket,Pantry,Heinz Canned Soup Big Red Tomato 420g,034331,$2.20,$0.52 / 100G,https://www.woolworths.com.au/shop/productdetails/34331/heinz-canned-soup-big-red-tomato,https://cdn0.woolworths.media/content/wowproductimages/medium/034331.jpg,2020-09-21 17:27:05,,0,,True
ae9632ad-fd18-49d2-9374-368fc4b34220,Woolworths Supermarket,Pantry,Mckenzie's Rice Flour 375g,094275,$1.50,$4.00 / 1KG,https://www.woolworths.com.au/shop/productdetails/94275/mckenzie-s-rice-flour,https://cdn0.woolworths.media/content/wowproductimages/medium/094275.jpg,2020-09-21 17:27:05,,0,,True
ad356ad7-d26d-4de4-8dfc-c4e4daffcdaf,Woolworths Supermarket,Pantry,Ritz Crackers Original 300g,660562,$2.50,$0.83 / 100G,https://www.woolworths.com.au/shop/productdetails/660562/ritz-crackers-original,https://cdn0.woolworths.media/content/wowproductimages/medium/660562.jpg,2020-09-21 17:27:05,,0,,True
36b7cd33-8a44-49f7-a971-6bdcd0b29467,Woolworths Supermarket,Pantry,Mckenzie's Himalayan Salt Rock Pink 400g,749926,$5.95,$0.15 / 10G,https://www.woolworths.com.au/shop/productdetails/749926/mckenzie-s-himalayan-salt-rock-pink,https://cdn0.woolworths.media/content/wowproductimages/medium/749926.jpg,2020-09-21 17:27:05,,0,,True
e23a1483-17d3-4ea5-88aa-44bca2fb3826,Woolworths Supermarket,Pantry,Cadbury Dairy Milk Chocolate Fair Trade 350g,757883,$5.00,$1.43 / 100G,https://www.woolworths.com.au/shop/productdetails/757883/cadbury-dairy-milk-chocolate-fair-trade,https://cdn0.woolworths.media/content/wowproductimages/medium/757883.jpg,2020-09-21 17:27:05,,0,Was $6.30 16/01/2017,True
338f0e7f-bef9-4510-963b-912eb7ffb64b,Woolworths Supermarket,Pantry,Essentials Raw Sugar 2kg,018174,$2.10,$0.11 / 100G,https://www.woolworths.com.au/shop/productdetails/18174/essentials-raw-sugar,https://cdn0.woolworths.media/content/wowproductimages/medium/018174.jpg,2020-09-21 17:27:05,,0,,True
04b4584a-1024-42a9-9e2a-c7d266dd3c30,Woolworths Supermarket,Pantry,Indomie Mi Goreng Instant Noodles 5pk 425g,177972,$2.75,$0.65 / 100G,https://www.woolworths.com.au/shop/productdetails/177972/indomie-mi-goreng-instant-noodles,https://cdn0.woolworths.media/content/wowproductimages/medium/177972.jpg,2020-09-21 17:27:05,,0,,True
f5e030ae-0ad9-49b2-9542-4858921ffcda,Woolworths Supermarket,Pantry,Continental Cup A Soup Creamy Chicken With Lots Of Noodles 2 pack,026649,$2.00,$3.33 / 100G,https://www.woolworths.com.au/shop/productdetails/26649/continental-cup-a-soup-creamy-chicken-with-lots-of-noodles,https://cdn0.woolworths.media/content/wowproductimages/medium/026649.jpg,2020-09-21 17:27:05,,0,,True
77ec23bf-c548-4395-8def-75ce1d49c0f3,Woolworths Supermarket,Pantry,Sunbites Grain Waves Sour Cream & Chives 170g,082361,$3.50,$2.06 / 100G,https://www.woolworths.com.au/shop/productdetails/82361/sunbites-grain-waves-sour-cream-chives,https://cdn0.woolworths.media/content/wowproductimages/medium/082361.jpg,2020-09-21 17:27:05,,0,,True
fee64fed-75bc-47f2-84e5-bea40a1fb4a3,Woolworths Supermarket,Pantry,Heinz Canned Soup Chunky Beef Stockpot 535g,224203,$2.50,$0.47 / 100G,https://www.woolworths.com.au/shop/productdetails/224203/heinz-canned-soup-chunky-beef-stockpot,https://cdn0.woolworths.media/content/wowproductimages/medium/224203.jpg,2020-09-21 17:27:05,,0,Was $3.89 17/04/2017,True
dd01efe1-e873-49e7-bb0c-631b8a0020b5,Woolworths Supermarket,Pantry,Heinz Classic Canned Soup Winter Vegetable 535g,224221,$2.50,$0.47 / 100G,https://www.woolworths.com.au/shop/productdetails/224221/heinz-classic-canned-soup-winter-vegetable,https://cdn0.woolworths.media/content/wowproductimages/medium/224221.jpg,2020-09-21 17:27:05,,0,Was $3.59 17/04/2017,True
3dd1fa1c-74f7-4ffa-8775-e11020f4860e,Woolworths Supermarket,Pantry,Whittaker's Coconut Slab 50g,224461,$2.00,$4.00 / 100G,https://www.woolworths.com.au/shop/productdetails/224461/whittaker-s-coconut-slab,https://cdn0.woolworths.media/content/wowproductimages/medium/224461.jpg,2020-09-21 17:27:05,,0,,True
61ee92f6-7461-45e7-b08d-6793998cc6f3,Woolworths Supermarket,Pantry,Maggi 2 Minute Instant Cup Noodle Chicken 60g,224905,$1.80,$3.10 / 100G,https://www.woolworths.com.au/shop/productdetails/224905/maggi-2-minute-instant-cup-noodle-chicken,https://cdn0.woolworths.media/content/wowproductimages/medium/224905.jpg,2020-09-21 17:27:05,,0,,True
8516f8ac-196a-4739-8161-14deafd96d91,Woolworths Supermarket,Pantry,Maggi 2 Minute Instant Cup Noodle Beef 58g,224906,$1.80,$3.00 / 100G,https://www.woolworths.com.au/shop/productdetails/224906/maggi-2-minute-instant-cup-noodle-beef,https://cdn0.woolworths.media/content/wowproductimages/medium/224906.jpg,2020-09-21 17:27:05,,0,,True
1fe1554b-70ce-4601-b208-5ef8489fb7d9,Woolworths Supermarket,Pantry,Maggi 2 Minute Instant Cup Noodle Oriental 60g,224909,$1.80,$3.00 / 100G,https://www.woolworths.com.au/shop/productdetails/224909/maggi-2-minute-instant-cup-noodle-oriental,https://cdn0.woolworths.media/content/wowproductimages/medium/224909.jpg,2020-09-21 17:27:05,,0,,True
543be5e3-caa5-4b3d-944c-c82caf4ef859,Woolworths Supermarket,Pantry,Cheezels Original Cheese 190g,225019,$3.50,$1.84 / 100G,https://www.woolworths.com.au/shop/productdetails/225019/cheezels-original-cheese,https://cdn0.woolworths.media/content/wowproductimages/medium/225019.jpg,2020-09-21 17:27:05,,0,,True
1c9e6c9e-6784-45ed-aa82-79ccf77ca1bb,Woolworths Supermarket,Pantry,Cadbury Boost 60g bar,225067,$1.00,$1.67 / 100G,https://www.woolworths.com.au/shop/productdetails/225067/cadbury-boost,https://cdn0.woolworths.media/content/wowproductimages/medium/225067.jpg,2020-09-21 17:27:05,,0,,True
998bda2f-2202-481d-a958-1b693fdaadcf,Woolworths Supermarket,Pantry,Lolly Gobble Popcorn Bag Caramel Nut 175g,225188,$3.00,$1.71 / 100G,https://www.woolworths.com.au/shop/productdetails/225188/lolly-gobble-popcorn-bag-caramel-nut,https://cdn0.woolworths.media/content/wowproductimages/medium/225188.jpg,2020-09-21 17:27:05,,0,Was $3.69 25/09/2017,True
af4e60fa-2dc6-4c27-979d-7ac8a07de98a,Woolworths Supermarket,Pantry,Queen Organic Vanilla Bean Paste 65g,225399,$11.80,$18.15 / 100G,https://www.woolworths.com.au/shop/productdetails/225399/queen-organic-vanilla-bean-paste,https://cdn0.woolworths.media/content/wowproductimages/medium/225399.jpg,2020-09-21 17:27:05,,0,,True
4b7b20ca-6d8a-42df-b47e-1428a8c8365f,Woolworths Supermarket,Pantry,Betty Crocker Triple Chocolate Fudge Brownie Mix 500g,225676,$5.20,$1.04 / 100G,https://www.woolworths.com.au/shop/productdetails/225676/betty-crocker-triple-chocolate-fudge-brownie-mix,https://cdn0.woolworths.media/content/wowproductimages/medium/225676.jpg,2020-09-21 17:27:05,,0,,True
1ad0d4a9-1610-454b-a9ac-9321e7ce973b,Woolworths Supermarket,Pantry,Mckenzie's Arrowroot Tapioca Flour 175g,226010,$1.55,$8.86 / 1KG,https://www.woolworths.com.au/shop/productdetails/226010/mckenzie-s-arrowroot-tapioca-flour,https://cdn0.woolworths.media/content/wowproductimages/medium/226010.jpg,2020-09-21 17:27:05,,0,,True
c1e43071-6716-41d4-88e8-44c1a3aada25,Woolworths Supermarket,Pantry,Nescafe Coffee Mixer Sachets Mocha 10 pack,226106,$3.15,$0.32 / 1EA,https://www.woolworths.com.au/shop/productdetails/226106/nescafe-coffee-mixer-sachets-mocha,https://cdn0.woolworths.media/content/wowproductimages/medium/226106.jpg,2020-09-21 17:27:05,,0,,True
bd566f51-03d7-4f55-b0fd-3ee4ffc9f7a8,Woolworths Supermarket,Pantry,Saxa Iodised Sea Salt Grinder 90g,226270,$5.00,$0.56 / 10G,https://www.woolworths.com.au/shop/productdetails/226270/saxa-iodised-sea-salt-grinder,https://cdn0.woolworths.media/content/wowproductimages/medium/226270.jpg,2020-09-21 17:27:05,,0,,True
157ae64d-e61f-4063-ba53-6c478bbeb13c,Woolworths Supermarket,Pantry,Leggos Pizza Sauce Sachets 4x50g,226413,$2.30,$1.15 / 100G,https://www.woolworths.com.au/shop/productdetails/226413/leggos-pizza-sauce-sachets,https://cdn0.woolworths.media/content/wowproductimages/medium/226413.jpg,2020-09-21 17:27:05,,0,,True
0627b6c1-5b38-4530-b88a-c6b11d60f4e9,Woolworths Supermarket,Pantry,The Food Company Garlic Chopped 375g,226497,$5.00,$0.13 / 10G,https://www.woolworths.com.au/shop/productdetails/226497/the-food-company-garlic-chopped,https://cdn0.woolworths.media/content/wowproductimages/medium/226497.jpg,2020-09-21 17:27:05,,0,,True
819b6d91-e903-48c5-8077-3f42d91a4cc3,Woolworths Supermarket,Pantry,Nescafe Coffee Mixer Sachets Latte Hazelnut 10 pack,226666,$3.15,$0.32 / 1EA,https://www.woolworths.com.au/shop/productdetails/226666/nescafe-coffee-mixer-sachets-latte-hazelnut,https://cdn0.woolworths.media/content/wowproductimages/medium/226666.jpg,2020-09-21 17:27:05,,0,,True
832fb6ed-10e3-4303-846b-f8d9eb834f49,Woolworths Supermarket,Pantry,Ardmona Rich & Thick Basil & Garlic Tomatoes 410g,226836,$1.80,$4.39 / 1KG,https://www.woolworths.com.au/shop/productdetails/226836/ardmona-rich-thick-basil-garlic-tomatoes,https://cdn0.woolworths.media/content/wowproductimages/medium/226836.jpg,2020-09-21 17:27:05,,0,,True
b1b5b492-b5b3-4e58-92f9-3c10a40612e9,Woolworths Supermarket,Pantry,Ardmona Tomatoes Diced No Added Salt 400g,226849,$1.40,$3.50 / 1KG,https://www.woolworths.com.au/shop/productdetails/226849/ardmona-tomatoes-diced-no-added-salt,https://cdn0.woolworths.media/content/wowproductimages/medium/226849.jpg,2020-09-21 17:27:05,,0,,True
adf85542-f502-4323-b946-f86ea73539f2,Woolworths Supermarket,Pantry,Nescafe Coffee Mixer Sachets Latte Vanilla 10 pack,226906,$3.15,$0.32 / 1EA,https://www.woolworths.com.au/shop/productdetails/226906/nescafe-coffee-mixer-sachets-latte-vanilla,https://cdn0.woolworths.media/content/wowproductimages/medium/226906.jpg,2020-09-21 17:27:05,,0,,True
26ef61f0-50fc-4934-87ed-35963d085b87,Woolworths Supermarket,Pantry,Nescafe Coffee Mixer Sachets Caramel Latte 10 pack,226908,$3.15,$0.32 / 1EA,https://www.woolworths.com.au/shop/productdetails/226908/nescafe-coffee-mixer-sachets-caramel-latte,https://cdn0.woolworths.media/content/wowproductimages/medium/226908.jpg,2020-09-21 17:27:05,,0,,True
de465259-89ce-4398-9ae1-a9dd10583c5d,Woolworths Supermarket,Pantry,Hoyt's Garam Masala 25g,226931,$2.10,$0.84 / 10G,https://www.woolworths.com.au/shop/productdetails/226931/hoyt-s-garam-masala,https://cdn0.woolworths.media/content/wowproductimages/medium/226931.jpg,2020-09-21 17:27:05,,0,,True
e2b85163-a3ad-4e98-8bbb-3aa2a31f32bc,Woolworths Supermarket,Pantry,Edgell Chickpeas 400g,227107,$1.50,$3.75 / 1KG,https://www.woolworths.com.au/shop/productdetails/227107/edgell-chickpeas,https://cdn0.woolworths.media/content/wowproductimages/medium/227107.jpg,2020-09-21 17:27:05,,0,Was $1.80 14/05/2018,True
aba1a95e-1333-40f9-ab4d-ed8413bd655b,Woolworths Supermarket,Pantry,Green's Pudding Traditional Sticky Date 260g,227571,$2.80,$1.08 / 100G,https://www.woolworths.com.au/shop/productdetails/227571/green-s-pudding-traditional-sticky-date,https://cdn0.woolworths.media/content/wowproductimages/medium/227571.jpg,2020-09-21 17:27:05,,0,,True
fa8e2a4b-6abf-4241-8de8-e655351c8a1b,Woolworths Supermarket,Pantry,Arnott's Shapes Chicken Crimpy 175g,384245,$2.50,$1.43 / 100G,https://www.woolworths.com.au/shop/productdetails/384245/arnott-s-shapes-chicken-crimpy,https://cdn0.woolworths.media/content/wowproductimages/medium/384245.jpg,2020-09-21 17:27:05,,0,,True
0209b44c-eb17-402a-818f-721afe1b6b21,Woolworths Supermarket,Pantry,Sunbites Grain Waves Sour Cream & Chives 5 pack,720220,$3.10,$2.82 / 100G,https://www.woolworths.com.au/shop/productdetails/720220/sunbites-grain-waves-sour-cream-chives,https://cdn0.woolworths.media/content/wowproductimages/medium/720220.jpg,2020-09-21 17:27:05,,0,2 for $5.00,True
079c84f7-dd1d-42a9-acf9-a3d838f622cd,Woolworths Supermarket,Pantry,Essentials Raw Sugar 2kg,018174,$2.10,$0.11 / 100G,https://www.woolworths.com.au/shop/productdetails/18174/essentials-raw-sugar,https://cdn0.woolworths.media/content/wowproductimages/medium/018174.jpg,2020-09-21 17:27:05,,0,,True
36d5cffc-93c8-4654-8688-8ff6c59532e8,Woolworths Supermarket,Pantry,Essentials Pasta Penne 500g,188800,$0.80,$0.16 / 100G,https://www.woolworths.com.au/shop/productdetails/188800/essentials-pasta-penne,https://cdn0.woolworths.media/content/wowproductimages/medium/188800.jpg,2020-09-21 17:27:05,,0,,True
614394f8-845e-465b-96b5-051d792a3891,Woolworths Supermarket,Pantry,Mckenzie's Rice Flour 375g,094275,$1.50,$4.00 / 1KG,https://www.woolworths.com.au/shop/productdetails/94275/mckenzie-s-rice-flour,https://cdn0.woolworths.media/content/wowproductimages/medium/094275.jpg,2020-09-21 17:27:05,,0,,True
15b95fdf-edd1-4e5e-a67d-ae6de737b5c6,Woolworths Supermarket,Pantry,Woolworths Rolled Traditional Oats 750g,321220,$1.40,$0.19 / 100G,https://www.woolworths.com.au/shop/productdetails/321220/woolworths-rolled-traditional-oats,https://cdn0.woolworths.media/content/wowproductimages/medium/321220.jpg,2020-09-21 17:27:05,Average product rating out of 5: 4.6. Product score is based on 748 ratings,748,,True
9117ba06-fe55-47e9-9771-fd4a53f84743,Woolworths Supermarket,Pantry,Arnott's Monte Carlo 250g,036031,$3.00,$1.20 / 100G,https://www.woolworths.com.au/shop/productdetails/36031/arnott-s-monte-carlo,https://cdn0.woolworths.media/content/wowproductimages/medium/036031.jpg,2020-09-21 17:27:05,,0,,True
abcc35ff-cbc9-4598-acea-88e4912a97c0,Woolworths Supermarket,Pantry,Masterfoods Barbecue Sauce 500ml,099696,$2.50,$0.50 / 100ML,https://www.woolworths.com.au/shop/productdetails/99696/masterfoods-barbecue-sauce,https://cdn0.woolworths.media/content/wowproductimages/medium/099696.jpg,2020-09-21 17:27:05,,0,,True
9a818a20-3b02-43e5-afa8-e44bf6c0c7ca,Woolworths Supermarket,Pantry,Cadbury Fry's Turkish Delight 55g bar,098390,$1.00,$1.82 / 100G,https://www.woolworths.com.au/shop/productdetails/98390/cadbury-fry-s-turkish-delight,https://cdn0.woolworths.media/content/wowproductimages/medium/098390.jpg,2020-09-21 17:27:05,,0,,True
52c70827-046d-44d7-ac43-e944ff044df2,Woolworths Supermarket,Pantry,Continental Cup A Soup Creamy Chicken With Lots Of Noodles 2 pack,026649,$2.00,$3.33 / 100G,https://www.woolworths.com.au/shop/productdetails/26649/continental-cup-a-soup-creamy-chicken-with-lots-of-noodles,https://cdn0.woolworths.media/content/wowproductimages/medium/026649.jpg,2020-09-21 17:27:05,,0,,True
852eb7e0-a571-479d-849d-3c4c4c1a6739,Woolworths Supermarket,Pantry,Mckenzie's Himalayan Salt Rock Pink 400g,749926,$5.95,$0.15 / 10G,https://www.woolworths.com.au/shop/productdetails/749926/mckenzie-s-himalayan-salt-rock-pink,https://cdn0.woolworths.media/content/wowproductimages/medium/749926.jpg,2020-09-21 17:27:05,,0,,True
df53bf80-5dfe-42ed-b866-9a38766045d6,Woolworths Supermarket,Pantry,Ritz Crackers Original 300g,660562,$2.50,$0.83 / 100G,https://www.woolworths.com.au/shop/productdetails/660562/ritz-crackers-original,https://cdn0.woolworths.media/content/wowproductimages/medium/660562.jpg,2020-09-21 17:27:05,,0,,True
ea6d5eb0-e3ae-4650-a246-9bab00fd54ea,Woolworths Supermarket,Pantry,Ardmona Tomatoes Diced No Added Salt 400g,226849,$1.40,$3.50 / 1KG,https://www.woolworths.com.au/shop/productdetails/226849/ardmona-tomatoes-diced-no-added-salt,https://cdn0.woolworths.media/content/wowproductimages/medium/226849.jpg,2020-09-21 17:27:05,,0,,True
4648e532-8376-42a0-997d-a2c69702f239,Woolworths Supermarket,Pantry,Heinz Canned Soup Big Red Tomato 420g,034331,$2.20,$0.52 / 100G,https://www.woolworths.com.au/shop/productdetails/34331/heinz-canned-soup-big-red-tomato,https://cdn0.woolworths.media/content/wowproductimages/medium/034331.jpg,2020-09-21 17:27:05,,0,,True
27d63c60-3261-4d7b-81d2-bd57b1af8556,Woolworths Supermarket,Pantry,Cadbury Dairy Milk Chocolate Fair Trade 350g,757883,$5.00,$1.43 / 100G,https://www.woolworths.com.au/shop/productdetails/757883/cadbury-dairy-milk-chocolate-fair-trade,https://cdn0.woolworths.media/content/wowproductimages/medium/757883.jpg,2020-09-21 17:27:05,,0,Was $6.30 16/01/2017,True
fa765e3e-232b-4122-80a1-a18e260eb0be,Woolworths Supermarket,Pantry,Woolworths Diced Italian Tomatoes No Added Salt 400g,770320,$0.80,$2.00 / 1KG,https://www.woolworths.com.au/shop/productdetails/770320/woolworths-diced-italian-tomatoes-no-added-salt,https://cdn0.woolworths.media/content/wowproductimages/medium/770320.jpg,2020-09-21 17:27:05,Average product rating out of 5: 4.7. Product score is based on 311 ratings,311,,True
b5c8c237-79b3-420d-8dd1-6580e5684fae,Woolworths Supermarket,Pantry,Fantastic Rice Crackers Original 100g,035231,$1.50,$1.50 / 100G,https://www.woolworths.com.au/shop/productdetails/35231/fantastic-rice-crackers-original,https://cdn0.woolworths.media/content/wowproductimages/medium/035231.jpg,2020-09-21 17:27:05,,0,,True
47686fe8-e1f6-4cf3-92db-d8d1dee8d6cc,Woolworths Supermarket,Pantry,Macro Organic Quinoa Tri Colour 500g,717631,$7.00,$1.40 / 100G,https://www.woolworths.com.au/shop/productdetails/717631/macro-organic-quinoa-tri-colour,https://cdn0.woolworths.media/content/wowproductimages/medium/717631.jpg,2020-09-21 17:27:05,Average product rating out of 5: 4.6. Product score is based on 274 ratings,274,Was $9.99 09/01/2017,True
b7399513-af33-4909-b312-222d9952be24,Woolworths Supermarket,Pantry,Sunbites Grain Waves Sour Cream & Chives 170g,082361,$3.50,$2.06 / 100G,https://www.woolworths.com.au/shop/productdetails/82361/sunbites-grain-waves-sour-cream-chives,https://cdn0.woolworths.media/content/wowproductimages/medium/082361.jpg,2020-09-21 17:27:05,,0,,True
85c3bda8-ffc8-4475-a020-c56ce0cc3297,Woolworths Supermarket,Pantry,Indomie Mi Goreng Instant Noodles 5pk 425g,177972,$2.75,$0.65 / 100G,https://www.woolworths.com.au/shop/productdetails/177972/indomie-mi-goreng-instant-noodles,https://cdn0.woolworths.media/content/wowproductimages/medium/177972.jpg,2020-09-21 17:27:05,,0,,True
f2385a91-39c4-4ff2-975b-d9b90288fe78,Woolworths Supermarket,Pantry,Alfa One Rice Bran Oil 500ml,227756,$3.00,$0.60 / 100ML,https://www.woolworths.com.au/shop/productdetails/227756/alfa-one-rice-bran-oil,https://cdn0.woolworths.media/content/wowproductimages/medium/227756.jpg,2020-09-21 17:27:05,,0,,True
483dbc4d-3976-4e3c-843a-c95c8e398de8,Woolworths Supermarket,Pantry,Old El Paso Taco Shells Stand N Stuff Stand N Stuff 10 pack,228151,$3.50,$2.50 / 100G,https://www.woolworths.com.au/shop/productdetails/228151/old-el-paso-taco-shells-stand-n-stuff-stand-n-stuff,https://cdn0.woolworths.media/content/wowproductimages/medium/228151.jpg,2020-09-21 17:27:05,,0,,True
7fba6879-9692-434a-954d-c4a916476565,Woolworths Supermarket,Pantry,Old El Paso Stand N Stuff Taco Kit 295g,228154,$7.00,$2.37 / 100G,https://www.woolworths.com.au/shop/productdetails/228154/old-el-paso-stand-n-stuff-taco-kit,https://cdn0.woolworths.media/content/wowproductimages/medium/228154.jpg,2020-09-21 17:27:05,,0,,True
3bfa6eff-6bab-4156-be3f-1a9fa02c415a,Woolworths Supermarket,Pantry,Vicks Vapodrops Throat Lozenges Menthol 3x10 pack,228278,$4.25,$0.14 / 1EA,https://www.woolworths.com.au/shop/productdetails/228278/vicks-vapodrops-throat-lozenges-menthol,https://cdn0.woolworths.media/content/wowproductimages/medium/228278.jpg,2020-09-21 17:27:05,,0,,True
975b13b9-aec5-4581-a3a1-0a1c34443451,Woolworths Supermarket,Pantry,Twinings Green Tea & Lemon Bags 10 pack,228496,$2.70,$0.27 / 1EA,https://www.woolworths.com.au/shop/productdetails/228496/twinings-green-tea-lemon-bags,https://cdn0.woolworths.media/content/wowproductimages/medium/228496.jpg,2020-09-21 17:27:05,,0,,True
0d547ff0-1298-4411-8647-db416617feb3,Woolworths Supermarket,Pantry,Twinings Green Tea & Mint Tea Bags 10 pack,228497,$2.70,$0.27 / 1EA,https://www.woolworths.com.au/shop/productdetails/228497/twinings-green-tea-mint-tea-bags,https://cdn0.woolworths.media/content/wowproductimages/medium/228497.jpg,2020-09-21 17:27:05,,0,,True
d675ba30-1dcd-48b3-8b89-728027763eb3,Woolworths Supermarket,Pantry,Lotus Peak White Tea Bags 25pk 50g,228519,$3.50,$0.14 / 1EA,https://www.woolworths.com.au/shop/productdetails/228519/lotus-peak-white-tea-bags,https://cdn0.woolworths.media/content/wowproductimages/medium/228519.jpg,2020-09-21 17:27:05,,0,Was $4.00 13/08/2018,True
fc4a6ced-9d66-4363-be6a-a0c14b80f308,Woolworths Supermarket,Pantry,Madura Premium Blend Tea 200g,228520,$5.35,$2.68 / 100G,https://www.woolworths.com.au/shop/productdetails/228520/madura-premium-blend-tea,https://cdn0.woolworths.media/content/wowproductimages/medium/228520.jpg,2020-09-21 17:27:05,,0,,True
01900003-8066-48ba-ad7a-3703291e53f7,Woolworths Supermarket,Pantry,Lipton Quality Black Leaf Tea Intense 100 pack,228523,$5.00,$0.05 / 1EA,https://www.woolworths.com.au/shop/productdetails/228523/lipton-quality-black-leaf-tea-intense,https://cdn0.woolworths.media/content/wowproductimages/medium/228523.jpg,2020-09-21 17:27:05,,0,,True
e81dda63-dd95-4f96-b9c9-171c803be973,Woolworths Supermarket,Pantry,White Wings Plain Flour Wholemeal 1kg,228764,$2.50,$2.50 / 1KG,https://www.woolworths.com.au/shop/productdetails/228764/white-wings-plain-flour-wholemeal,https://cdn0.woolworths.media/content/wowproductimages/medium/228764.jpg,2020-09-21 17:27:05,,0,,True
029d5ba7-0eea-45de-acfe-da39f0b9b66f,Woolworths Supermarket,Pantry,White Wings Self Raising Flour Wholemeal 1kg,228765,$2.50,$2.50 / 1KG,https://www.woolworths.com.au/shop/productdetails/228765/white-wings-self-raising-flour-wholemeal,https://cdn0.woolworths.media/content/wowproductimages/medium/228765.jpg,2020-09-21 17:27:05,,0,,True
5a38a597-a6d7-4682-8fec-144f4a8e71a3,Woolworths Supermarket,Pantry,Poonsin Vietnamese Dipping Sauce For Spring Roll 300ml,228978,$2.65,$0.88 / 100ML,https://www.woolworths.com.au/shop/productdetails/228978/poonsin-vietnamese-dipping-sauce-for-spring-roll,https://cdn0.woolworths.media/content/wowproductimages/medium/228978.jpg,2020-09-21 17:27:05,,0,,True
75a44b23-86d6-48c8-9ef9-5ae6ed4af530,Woolworths Supermarket,Pantry,Woolworths Salted Cashews 200g,229159,$5.49,$27.45 / 1KG,https://www.woolworths.com.au/shop/productdetails/229159/woolworths-salted-cashews,https://cdn0.woolworths.media/content/wowproductimages/medium/229159.jpg,2020-09-21 17:27:05,Average product rating out of 5: 4.7. Product score is based on 41 ratings,41,,True
7ee00651-5e4f-446c-afc9-415f5fd743db,Woolworths Supermarket,Pantry,Woolworths Salted Pistachios 250g,229172,$7.00,$28.00 / 1KG,https://www.woolworths.com.au/shop/productdetails/229172/woolworths-salted-pistachios,https://cdn0.woolworths.media/content/wowproductimages/medium/229172.jpg,2020-09-21 17:27:05,Average product rating out of 5: 4.5. Product score is based on 735 ratings,735,,True
6ddd6e8e-05a6-42b5-bfe0-acddfb08009e,Woolworths Supermarket,Pantry,Woolworths Salted Macadamias 200g,229174,$9.00,$4.50 / 100G,https://www.woolworths.com.au/shop/productdetails/229174/woolworths-salted-macadamias,https://cdn0.woolworths.media/content/wowproductimages/medium/229174.jpg,2020-09-21 17:27:05,Average product rating out of 5: 4.8. Product score is based on 116 ratings,116,,True
d1d0127b-3e1c-41d9-8720-b3a8c8c44ed6,Woolworths Supermarket,Pantry,Pandaroo Japanese Ginger Sushi 200g,229231,$3.25,$1.63 / 100G,https://www.woolworths.com.au/shop/productdetails/229231/pandaroo-japanese-ginger-sushi,https://cdn0.woolworths.media/content/wowproductimages/medium/229231.jpg,2020-09-21 17:27:05,,0,,True
1deb3664-f533-458b-8f57-81207105f895,Woolworths Supermarket,Pantry,Pandaroo Sushi Rice 1kg,229234,$4.70,$0.47 / 100G,https://www.woolworths.com.au/shop/productdetails/229234/pandaroo-sushi-rice,https://cdn0.woolworths.media/content/wowproductimages/medium/229234.jpg,2020-09-21 17:27:05,,0,,True
0344b010-8a6d-4d86-a938-8adda62d486c,Woolworths Supermarket,Pantry,Topps Push Pop Candy 15g,229333,$1.30,$8.67 / 100G,https://www.woolworths.com.au/shop/productdetails/229333/topps-push-pop-candy,https://cdn0.woolworths.media/content/wowproductimages/medium/229333.jpg,2020-09-21 17:27:05,,0,,True
406d1727-1721-4f1c-af08-abebae1e5dcf,Woolworths Supermarket,Pantry,Obento Japanese Rice Wine Vinegar 250ml,229400,$2.30,$0.92 / 100ML,https://www.woolworths.com.au/shop/productdetails/229400/obento-japanese-rice-wine-vinegar,https://cdn0.woolworths.media/content/wowproductimages/medium/229400.jpg,2020-09-21 17:27:05,,0,,True
5bbec01a-e077-440a-879b-4a9004697060,Woolworths Supermarket,Pantry,Nature's Cuppa English Breakfast Tea Bags 60pk 150g,229774,$6.79,$0.11 / 1EA,https://www.woolworths.com.au/shop/productdetails/229774/nature-s-cuppa-english-breakfast-tea-bags,https://cdn0.woolworths.media/content/wowproductimages/medium/229774.jpg,2020-09-21 17:27:05,,0,,True
c0b62d34-4c1f-44d2-8fa0-ce6026bc3834,Woolworths Supermarket,Pantry,Angas Park Figs Soft N Juicy 250g,229894,$4.50,$18.00 / 1KG,https://www.woolworths.com.au/shop/productdetails/229894/angas-park-figs-soft-n-juicy,https://cdn0.woolworths.media/content/wowproductimages/medium/229894.jpg,2020-09-21 17:27:05,,0,,True
c172cf9c-9caf-4d26-90a4-72ec17593419,Woolworths Supermarket,Pantry,Uncle Tobys Cereal Vita Weeties 700g,230220,$4.50,$0.64 / 100G,https://www.woolworths.com.au/shop/productdetails/230220/uncle-tobys-cereal-vita-weeties,https://cdn0.woolworths.media/content/wowproductimages/medium/230220.jpg,2020-09-21 17:27:05,,0,,True
0036dce8-06ba-4a14-8ea4-a2dcdbdedd57,Woolworths Supermarket,Pantry,Ardmona Crushed Tomatoes Vine Ripened 410g,230392,$1.40,$3.41 / 1KG,https://www.woolworths.com.au/shop/productdetails/230392/ardmona-crushed-tomatoes-vine-ripened,https://cdn0.woolworths.media/content/wowproductimages/medium/230392.jpg,2020-09-21 17:27:05,,0,,True
218c844c-83b0-4e5a-b025-2cb5abf048d2,Woolworths Supermarket,Pantry,Woolworths Worcestershire Sauce 250ml,230475,$2.00,$0.80 / 100ML,https://www.woolworths.com.au/shop/productdetails/230475/woolworths-worcestershire-sauce,https://cdn0.woolworths.media/content/wowproductimages/medium/230475.jpg,2020-09-21 17:27:05,,0,,True
83915037-66b3-4456-af00-9eefdf3921e7,Woolworths Supermarket,Pantry,Arnott's Shapes Chicken Crimpy 175g,384245,$2.50,$1.43 / 100G,https://www.woolworths.com.au/shop/productdetails/384245/arnott-s-shapes-chicken-crimpy,https://cdn0.woolworths.media/content/wowproductimages/medium/384245.jpg,2020-09-21 17:27:05,,0,,True
d65d99b5-2817-4e7b-ac0f-3bf2d7e9d78e,Woolworths Supermarket,Pantry,Sunbites Grain Waves Sour Cream & Chives 5 pack,720220,$3.10,$2.82 / 100G,https://www.woolworths.com.au/shop/productdetails/720220/sunbites-grain-waves-sour-cream-chives,https://cdn0.woolworths.media/content/wowproductimages/medium/720220.jpg,2020-09-21 17:27:05,,0,2 for $5.00,True
adc2ed1a-04b0-41c4-9f61-ba8a8e031d96,Woolworths Supermarket,Pantry,Woolworths Rolled Traditional Oats 750g,321220,$1.40,$0.19 / 100G,https://www.woolworths.com.au/shop/productdetails/321220/woolworths-rolled-traditional-oats,https://cdn0.woolworths.media/content/wowproductimages/medium/321220.jpg,2020-09-21 17:27:05,Average product rating out of 5: 4.6. Product score is based on 748 ratings,748,,True
cc82739a-7755-4b9a-b02f-2a4f7af3b033,Woolworths Supermarket,Pantry,Woolworths Diced Italian Tomatoes No Added Salt 400g,770320,$0.80,$2.00 / 1KG,https://www.woolworths.com.au/shop/productdetails/770320/woolworths-diced-italian-tomatoes-no-added-salt,https://cdn0.woolworths.media/content/wowproductimages/medium/770320.jpg,2020-09-21 17:27:05,Average product rating out of 5: 4.7. Product score is based on 311 ratings,311,,True
585a144a-7183-4548-9988-b15e3a84ce10,Woolworths Supermarket,Pantry,Fantastic Rice Crackers Original 100g,035231,$1.50,$1.50 / 100G,https://www.woolworths.com.au/shop/productdetails/35231/fantastic-rice-crackers-original,https://cdn0.woolworths.media/content/wowproductimages/medium/035231.jpg,2020-09-21 17:27:05,,0,,True
8d5f53dc-70b2-4458-a98c-8e2b5328cd6e,Woolworths Supermarket,Pantry,Mckenzie's Himalayan Salt Rock Pink 400g,749926,$5.95,$0.15 / 10G,https://www.woolworths.com.au/shop/productdetails/749926/mckenzie-s-himalayan-salt-rock-pink,https://cdn0.woolworths.media/content/wowproductimages/medium/749926.jpg,2020-09-21 17:27:05,,0,,True
3ac9c40c-d106-4c70-842d-9b304e4578cf,Woolworths Supermarket,Pantry,Arnott's Monte Carlo 250g,036031,$3.00,$1.20 / 100G,https://www.woolworths.com.au/shop/productdetails/36031/arnott-s-monte-carlo,https://cdn0.woolworths.media/content/wowproductimages/medium/036031.jpg,2020-09-21 17:27:05,,0,,True
b512d30d-0c79-4355-8fcf-2318614e7ad3,Woolworths Supermarket,Pantry,Continental Cup A Soup Creamy Chicken With Lots Of Noodles 2 pack,026649,$2.00,$3.33 / 100G,https://www.woolworths.com.au/shop/productdetails/26649/continental-cup-a-soup-creamy-chicken-with-lots-of-noodles,https://cdn0.woolworths.media/content/wowproductimages/medium/026649.jpg,2020-09-21 17:27:05,,0,,True
5d273555-177a-406f-8907-08cbd1a8222c,Woolworths Supermarket,Pantry,Ritz Crackers Original 300g,660562,$2.50,$0.83 / 100G,https://www.woolworths.com.au/shop/productdetails/660562/ritz-crackers-original,https://cdn0.woolworths.media/content/wowproductimages/medium/660562.jpg,2020-09-21 17:27:05,,0,,True
7fd5cc5d-d3e1-449e-b9b6-508f76b6c53c,Woolworths Supermarket,Pantry,Mckenzie's Rice Flour 375g,094275,$1.50,$4.00 / 1KG,https://www.woolworths.com.au/shop/productdetails/94275/mckenzie-s-rice-flour,https://cdn0.woolworths.media/content/wowproductimages/medium/094275.jpg,2020-09-21 17:27:05,,0,,True
c87e3c51-41b2-4932-aa89-b3e7c1b39186,Woolworths Supermarket,Pantry,Masterfoods Barbecue Sauce 500ml,099696,$2.50,$0.50 / 100ML,https://www.woolworths.com.au/shop/productdetails/99696/masterfoods-barbecue-sauce,https://cdn0.woolworths.media/content/wowproductimages/medium/099696.jpg,2020-09-21 17:27:05,,0,,True
df1aa4c5-de58-41ac-aa9e-052af8b1bfc7,Woolworths Supermarket,Pantry,Essentials Raw Sugar 2kg,018174,$2.10,$0.11 / 100G,https://www.woolworths.com.au/shop/productdetails/18174/essentials-raw-sugar,https://cdn0.woolworths.media/content/wowproductimages/medium/018174.jpg,2020-09-21 17:27:05,,0,,True
4256118e-ed2e-44d0-92b0-03ddebc4dea5,Woolworths Supermarket,Pantry,Macro Organic Quinoa Tri Colour 500g,717631,$7.00,$1.40 / 100G,https://www.woolworths.com.au/shop/productdetails/717631/macro-organic-quinoa-tri-colour,https://cdn0.woolworths.media/content/wowproductimages/medium/717631.jpg,2020-09-21 17:27:05,Average product rating out of 5: 4.6. Product score is based on 274 ratings,274,Was $9.99 09/01/2017,True
adaf905b-060e-4e41-a4c4-6a503451b277,Woolworths Supermarket,Pantry,Essentials Pasta Penne 500g,188800,$0.80,$0.16 / 100G,https://www.woolworths.com.au/shop/productdetails/188800/essentials-pasta-penne,https://cdn0.woolworths.media/content/wowproductimages/medium/188800.jpg,2020-09-21 17:27:05,,0,,True
d1a371b2-43bc-4fb2-9fee-44cd6d3378eb,Woolworths Supermarket,Pantry,Ardmona Tomatoes Diced No Added Salt 400g,226849,$1.40,$3.50 / 1KG,https://www.woolworths.com.au/shop/productdetails/226849/ardmona-tomatoes-diced-no-added-salt,https://cdn0.woolworths.media/content/wowproductimages/medium/226849.jpg,2020-09-21 17:27:05,,0,,True
6457f4e8-6a70-4f26-8521-f3dd461337b5,Woolworths Supermarket,Pantry,Heinz Canned Soup Big Red Tomato 420g,034331,$2.20,$0.52 / 100G,https://www.woolworths.com.au/shop/productdetails/34331/heinz-canned-soup-big-red-tomato,https://cdn0.woolworths.media/content/wowproductimages/medium/034331.jpg,2020-09-21 17:27:05,,0,,True
ebeed349-4b54-4329-96a6-d7cfdcf33c24,Woolworths Supermarket,Pantry,Cadbury Dairy Milk Chocolate Fair Trade 350g,757883,$5.00,$1.43 / 100G,https://www.woolworths.com.au/shop/productdetails/757883/cadbury-dairy-milk-chocolate-fair-trade,https://cdn0.woolworths.media/content/wowproductimages/medium/757883.jpg,2020-09-21 17:27:05,,0,Was $6.30 16/01/2017,True
1292548d-11df-4627-aa0e-c54190d633e1,Woolworths Supermarket,Pantry,Indomie Mi Goreng Instant Noodles 5pk 425g,177972,$2.75,$0.65 / 100G,https://www.woolworths.com.au/shop/productdetails/177972/indomie-mi-goreng-instant-noodles,https://cdn0.woolworths.media/content/wowproductimages/medium/177972.jpg,2020-09-21 17:27:05,,0,,True
9b9c0b09-05e4-473c-b415-faa6734358d6,Woolworths Supermarket,Pantry,Sunbites Grain Waves Sour Cream & Chives 170g,082361,$3.50,$2.06 / 100G,https://www.woolworths.com.au/shop/productdetails/82361/sunbites-grain-waves-sour-cream-chives,https://cdn0.woolworths.media/content/wowproductimages/medium/082361.jpg,2020-09-21 17:27:05,,0,,True
5b33c66b-0074-45ef-8aaf-d00ec3872010,Woolworths Supermarket,Pantry,Cadbury Fry's Turkish Delight 55g bar,098390,$1.00,$1.82 / 100G,https://www.woolworths.com.au/shop/productdetails/98390/cadbury-fry-s-turkish-delight,https://cdn0.woolworths.media/content/wowproductimages/medium/098390.jpg,2020-09-21 17:27:05,,0,,True
8c5cd8d3-2907-41b0-a7dc-865b7dc6544e,Woolworths Supermarket,Pantry,Woolworths Barbecue Sauce Squeeze 500ml,230504,$1.50,$0.30 / 100ML,https://www.woolworths.com.au/shop/productdetails/230504/woolworths-barbecue-sauce-squeeze,https://cdn0.woolworths.media/content/wowproductimages/medium/230504.jpg,2020-09-21 17:27:05,Average product rating out of 5: 3.6. Product score is based on 179 ratings,179,,True
c802a61e-5664-4dbf-b081-45546d2b5a6e,Woolworths Supermarket,Pantry,Eskal Gluten Free Crackers 200g,230507,$4.79,$2.40 / 100G,https://www.woolworths.com.au/shop/productdetails/230507/eskal-gluten-free-crackers,https://cdn0.woolworths.media/content/wowproductimages/medium/230507.jpg,2020-09-21 17:27:05,Average product rating out of 5: 4.6. Product score is based on 29 ratings,29,,True
27c4bc36-9732-4e9e-b2b8-23bc1a244eb7,Woolworths Supermarket,Pantry,Woolworths Cranberry Sauce 275g,230513,$2.65,$0.96 / 100G,https://www.woolworths.com.au/shop/productdetails/230513/woolworths-cranberry-sauce,https://cdn0.woolworths.media/content/wowproductimages/medium/230513.jpg,2020-09-21 17:27:05,,0,,True
a52c762e-7212-4964-8424-a38248fac2f0,Woolworths Supermarket,Pantry,Woolworths Apple Sauce 370g,230514,$1.80,$0.49 / 100G,https://www.woolworths.com.au/shop/productdetails/230514/woolworths-apple-sauce,https://cdn0.woolworths.media/content/wowproductimages/medium/230514.jpg,2020-09-21 17:27:05,Average product rating out of 5: 4.5. Product score is based on 340 ratings,340,Was $2.00 28/11/2017,True
3b6c3cf6-e7f0-481a-a5f4-f9ce1d61c991,Woolworths Supermarket,Pantry,Woolworths Tomato Sauce Squeeze 500ml,230519,$1.50,$0.30 / 100ML,https://www.woolworths.com.au/shop/productdetails/230519/woolworths-tomato-sauce-squeeze,https://cdn0.woolworths.media/content/wowproductimages/medium/230519.jpg,2020-09-21 17:27:05,Average product rating out of 5: 3.8. Product score is based on 284 ratings,284,,True
e2dd8a86-051b-4527-b2d1-111a782843e5,Woolworths Supermarket,Pantry,Woolworths Asian Sauce Oyster 320ml,230528,$2.00,$0.63 / 100ML,https://www.woolworths.com.au/shop/productdetails/230528/woolworths-asian-sauce-oyster,https://cdn0.woolworths.media/content/wowproductimages/medium/230528.jpg,2020-09-21 17:27:05,,0,,True
ac96c052-5cd7-4d31-8aa7-425fb099fc51,Woolworths Supermarket,Pantry,Woolworths Hoisin Sauce 320ml,230533,$1.30,$0.41 / 100ML,https://www.woolworths.com.au/shop/productdetails/230533/woolworths-hoisin-sauce,https://cdn0.woolworths.media/content/wowproductimages/medium/230533.jpg,2020-09-21 17:27:05,Average product rating out of 5: 4.3. Product score is based on 385 ratings,385,,True
c9bedeeb-4610-4569-93c9-8f589643b0e7,Woolworths Supermarket,Pantry,Well Naturally No Sugar Added Choc Mint Crisp Bar 45g,230586,$2.00,$4.44 / 100G,https://www.woolworths.com.au/shop/productdetails/230586/well-naturally-no-sugar-added-choc-mint-crisp-bar,https://cdn0.woolworths.media/content/wowproductimages/medium/230586.jpg,2020-09-21 17:27:05,Average product rating out of 5: 4.9. Product score is based on 9 ratings,9,,True
84581c82-23db-43ad-a841-7aa43815f245,Woolworths Supermarket,Pantry,Ardmona Rich & Thick Classic Finely Chopped Tomatoes 410g,230649,$1.80,$4.39 / 1KG,https://www.woolworths.com.au/shop/productdetails/230649/ardmona-rich-thick-classic-finely-chopped-tomatoes,https://cdn0.woolworths.media/content/wowproductimages/medium/230649.jpg,2020-09-21 17:27:05,,0,,True
9b92e163-0d3c-437f-94f0-fe6b9f4cc94f,Woolworths Supermarket,Pantry,Continental Pasta & Sauce Sour Cream & Chives 85g,230924,$2.10,$2.47 / 100G,https://www.woolworths.com.au/shop/productdetails/230924/continental-pasta-sauce-sour-cream-chives,https://cdn0.woolworths.media/content/wowproductimages/medium/230924.jpg,2020-09-21 17:27:05,,0,,True
3f66f7c2-bce8-4b37-bd4c-183e8334d0b7,Woolworths Supermarket,Pantry,Continental Pasta & Sauce Macaroni Cheese 105g,230941,$2.10,$1.83 / 100G,https://www.woolworths.com.au/shop/productdetails/230941/continental-pasta-sauce-macaroni-cheese,https://cdn0.woolworths.media/content/wowproductimages/medium/230941.jpg,2020-09-21 17:27:05,,0,,True
bddae52d-9ffa-4ff9-9f12-38a17a2e9963,Woolworths Supermarket,Pantry,Continental Pasta & Sauce Chicken Curry 90g,230942,$2.10,$2.33 / 100G,https://www.woolworths.com.au/shop/productdetails/230942/continental-pasta-sauce-chicken-curry,https://cdn0.woolworths.media/content/wowproductimages/medium/230942.jpg,2020-09-21 17:27:05,,0,,True
0dbabf76-e136-40c7-859a-9881efd06666,Woolworths Supermarket,Pantry,Continental Pasta & Sauce Alfredo 85g,230945,$2.10,$2.47 / 100G,https://www.woolworths.com.au/shop/productdetails/230945/continental-pasta-sauce-alfredo,https://cdn0.woolworths.media/content/wowproductimages/medium/230945.jpg,2020-09-21 17:27:05,,0,,True
a2526923-6ff7-42b9-860a-c2f5a442fc87,Woolworths Supermarket,Pantry,Continental Pasta & Sauce Creamy Bacon Carbonara 85g,230946,$2.10,$2.47 / 100G,https://www.woolworths.com.au/shop/productdetails/230946/continental-pasta-sauce-creamy-bacon-carbonara,https://cdn0.woolworths.media/content/wowproductimages/medium/230946.jpg,2020-09-21 17:27:05,,0,,True
ecea83ef-0138-483c-8220-42d4e5388d8b,Woolworths Supermarket,Pantry,The Healthy Baker Plain Flour Easy Store 1kg,230949,$3.00,$3.00 / 1KG,https://www.woolworths.com.au/shop/productdetails/230949/the-healthy-baker-plain-flour-easy-store,https://cdn0.woolworths.media/content/wowproductimages/medium/230949.jpg,2020-09-21 17:27:05,,0,,True
9ab33eac-eae0-4e02-a019-9914d89a956e,Woolworths Supermarket,Pantry,The Healthy Baker Self Raising Flour Easy Store 1kg,230952,$3.00,$3.00 / 1KG,https://www.woolworths.com.au/shop/productdetails/230952/the-healthy-baker-self-raising-flour-easy-store,https://cdn0.woolworths.media/content/wowproductimages/medium/230952.jpg,2020-09-21 17:27:05,,0,,True
d2cefbe1-f1f0-4806-896d-9ece3ca65eeb,Woolworths Supermarket,Pantry,Continental Value Pack Pasta & Sauce Macaroni Cheese 170g,230975,$3.00,$1.76 / 100G,https://www.woolworths.com.au/shop/productdetails/230975/continental-value-pack-pasta-sauce-macaroni-cheese,https://cdn0.woolworths.media/content/wowproductimages/medium/230975.jpg,2020-09-21 17:27:05,,0,,True
d54cfc5d-16e1-492f-8efa-c531cf933e1a,Woolworths Supermarket,Pantry,Jols Sugar Free Pastilles Three Fruits 23g,231545,$1.50,$6.52 / 100G,https://www.woolworths.com.au/shop/productdetails/231545/jols-sugar-free-pastilles-three-fruits,https://cdn0.woolworths.media/content/wowproductimages/medium/231545.jpg,2020-09-21 17:27:05,,0,Was $2.00 07/08/2017,True
0bbf4547-e22a-487e-aaf3-a5839b097c38,Woolworths Supermarket,Pantry,Eclipse Peppermint Ice Chewing Gum Sugar Free Multipack 56g,231580,$3.50,$6.25 / 100G,https://www.woolworths.com.au/shop/productdetails/231580/eclipse-peppermint-ice-chewing-gum-sugar-free-multipack,https://cdn0.woolworths.media/content/wowproductimages/medium/231580.jpg,2020-09-21 17:27:05,,0,,True
8992ef61-94d7-4b80-b735-f4a1a741ed72,Woolworths Supermarket,Pantry,Eclipse Spearmint Ice Chewing Gum Sugar Free Multipack 56g,231582,$3.50,$6.25 / 100G,https://www.woolworths.com.au/shop/productdetails/231582/eclipse-spearmint-ice-chewing-gum-sugar-free-multipack,https://cdn0.woolworths.media/content/wowproductimages/medium/231582.jpg,2020-09-21 17:27:05,,0,,True
6fdc8338-804e-4e32-b124-7d255925801a,Woolworths Supermarket,Pantry,Sunrice Basmati Rice 1kg,231636,$4.60,$0.46 / 100G,https://www.woolworths.com.au/shop/productdetails/231636/sunrice-basmati-rice,https://cdn0.woolworths.media/content/wowproductimages/medium/231636.jpg,2020-09-21 17:27:05,,0,,True
4ec9452b-fb99-4897-bd8e-7b2e674bf3c5,Woolworths Supermarket,Pantry,Byron Bay Original Honey 500g,231686,$9.35,$1.87 / 100G,https://www.woolworths.com.au/shop/productdetails/231686/byron-bay-original-honey,https://cdn0.woolworths.media/content/wowproductimages/medium/231686.jpg,2020-09-21 17:27:05,,0,,True
e72b721a-a85f-4602-ad1d-391ba80d91f8,Woolworths Supermarket,Pantry,Macro Macadamia Kernels 225g,231808,$12.00,$53.33 / 1KG,https://www.woolworths.com.au/shop/productdetails/231808/macro-macadamia-kernels,https://cdn0.woolworths.media/content/wowproductimages/medium/231808.jpg,2020-09-21 17:27:05,Average product rating out of 5: 4.1. Product score is based on 9 ratings,9,,True
d3ec1176-3f14-4b3c-a54f-23eea95d0b8e,Woolworths Supermarket,Pantry,Macro Pumpkin Kernels 250g,231811,$4.00,$16.00 / 1KG,https://www.woolworths.com.au/shop/productdetails/231811/macro-pumpkin-kernels,https://cdn0.woolworths.media/content/wowproductimages/medium/231811.jpg,2020-09-21 17:27:05,Average product rating out of 5: 4.7. Product score is based on 48 ratings,48,,True
4a80a91e-b1d2-40d3-99e1-eff4216c92d5,Woolworths Supermarket,Pantry,Arnott's Shapes Chicken Crimpy 175g,384245,$2.50,$1.43 / 100G,https://www.woolworths.com.au/shop/productdetails/384245/arnott-s-shapes-chicken-crimpy,https://cdn0.woolworths.media/content/wowproductimages/medium/384245.jpg,2020-09-21 17:27:05,,0,,True
4ea905b8-f63b-45b1-8241-1b467a284385,Woolworths Supermarket,Pantry,Woolworths Diced Italian Tomatoes No Added Salt 400g,770320,$0.80,$2.00 / 1KG,https://www.woolworths.com.au/shop/productdetails/770320/woolworths-diced-italian-tomatoes-no-added-salt,https://cdn0.woolworths.media/content/wowproductimages/medium/770320.jpg,2020-09-21 17:27:05,Average product rating out of 5: 4.7. Product score is based on 311 ratings,311,,True
781d2aa1-d247-48b8-8286-5a31c75ddaab,Woolworths Supermarket,Pantry,Sunbites Grain Waves Sour Cream & Chives 170g,082361,$3.50,$2.06 / 100G,https://www.woolworths.com.au/shop/productdetails/82361/sunbites-grain-waves-sour-cream-chives,https://cdn0.woolworths.media/content/wowproductimages/medium/082361.jpg,2020-09-21 17:27:05,,0,,True
3ce4aa7c-de97-4400-a13a-709598fc3649,Woolworths Supermarket,Pantry,Indomie Mi Goreng Instant Noodles 5pk 425g,177972,$2.75,$0.65 / 100G,https://www.woolworths.com.au/shop/productdetails/177972/indomie-mi-goreng-instant-noodles,https://cdn0.woolworths.media/content/wowproductimages/medium/177972.jpg,2020-09-21 17:27:05,,0,,True
9c995d6e-e900-4873-ab75-701dc619ffdd,Woolworths Supermarket,Pantry,Cadbury Dairy Milk Chocolate Fair Trade 350g,757883,$5.00,$1.43 / 100G,https://www.woolworths.com.au/shop/productdetails/757883/cadbury-dairy-milk-chocolate-fair-trade,https://cdn0.woolworths.media/content/wowproductimages/medium/757883.jpg,2020-09-21 17:27:05,,0,Was $6.30 16/01/2017,True
0c08c082-0664-44fc-8ffe-e611841fd92d,Woolworths Supermarket,Pantry,Mckenzie's Himalayan Salt Rock Pink 400g,749926,$5.95,$0.15 / 10G,https://www.woolworths.com.au/shop/productdetails/749926/mckenzie-s-himalayan-salt-rock-pink,https://cdn0.woolworths.media/content/wowproductimages/medium/749926.jpg,2020-09-21 17:27:05,,0,,True
ab9336ce-0b13-4fe4-8b35-e7e54583476f,Woolworths Supermarket,Pantry,Cadbury Fry's Turkish Delight 55g bar,098390,$1.00,$1.82 / 100G,https://www.woolworths.com.au/shop/productdetails/98390/cadbury-fry-s-turkish-delight,https://cdn0.woolworths.media/content/wowproductimages/medium/098390.jpg,2020-09-21 17:27:05,,0,,True
81b22600-b0b6-483b-8505-98194a25adf2,Woolworths Supermarket,Pantry,Essentials Pasta Penne 500g,188800,$0.80,$0.16 / 100G,https://www.woolworths.com.au/shop/productdetails/188800/essentials-pasta-penne,https://cdn0.woolworths.media/content/wowproductimages/medium/188800.jpg,2020-09-21 17:27:05,,0,,True
e6d7e041-c5e8-4c66-8e61-8143ea9c868c,Woolworths Supermarket,Pantry,Ritz Crackers Original 300g,660562,$2.50,$0.83 / 100G,https://www.woolworths.com.au/shop/productdetails/660562/ritz-crackers-original,https://cdn0.woolworths.media/content/wowproductimages/medium/660562.jpg,2020-09-21 17:27:05,,0,,True
dd1d3468-6dd4-4692-9b9d-8b01e9ca4e1c,Woolworths Supermarket,Pantry,Continental Cup A Soup Creamy Chicken With Lots Of Noodles 2 pack,026649,$2.00,$3.33 / 100G,https://www.woolworths.com.au/shop/productdetails/26649/continental-cup-a-soup-creamy-chicken-with-lots-of-noodles,https://cdn0.woolworths.media/content/wowproductimages/medium/026649.jpg,2020-09-21 17:27:05,,0,,True
dfc97018-ae46-45b4-aa27-0161ae5b9e00,Woolworths Supermarket,Pantry,Mckenzie's Rice Flour 375g,094275,$1.50,$4.00 / 1KG,https://www.woolworths.com.au/shop/productdetails/94275/mckenzie-s-rice-flour,https://cdn0.woolworths.media/content/wowproductimages/medium/094275.jpg,2020-09-21 17:27:05,,0,,True
405309af-af2a-415d-a948-ae9a31433a01,Woolworths Supermarket,Pantry,Ardmona Tomatoes Diced No Added Salt 400g,226849,$1.40,$3.50 / 1KG,https://www.woolworths.com.au/shop/productdetails/226849/ardmona-tomatoes-diced-no-added-salt,https://cdn0.woolworths.media/content/wowproductimages/medium/226849.jpg,2020-09-21 17:27:05,,0,,True
b57ef0af-e5ec-48e9-873a-74831f2a7828,Woolworths Supermarket,Pantry,Macro Organic Quinoa Tri Colour 500g,717631,$7.00,$1.40 / 100G,https://www.woolworths.com.au/shop/productdetails/717631/macro-organic-quinoa-tri-colour,https://cdn0.woolworths.media/content/wowproductimages/medium/717631.jpg,2020-09-21 17:27:05,Average product rating out of 5: 4.6. Product score is based on 274 ratings,274,Was $9.99 09/01/2017,True
dc7139b7-3c34-4bd1-af58-90783d053cc1,Woolworths Supermarket,Pantry,Masterfoods Barbecue Sauce 500ml,099696,$2.50,$0.50 / 100ML,https://www.woolworths.com.au/shop/productdetails/99696/masterfoods-barbecue-sauce,https://cdn0.woolworths.media/content/wowproductimages/medium/099696.jpg,2020-09-21 17:27:05,,0,,True
d17c8401-a759-4a8d-a345-aea182a3633a,Woolworths Supermarket,Pantry,Essentials Raw Sugar 2kg,018174,$2.10,$0.11 / 100G,https://www.woolworths.com.au/shop/productdetails/18174/essentials-raw-sugar,https://cdn0.woolworths.media/content/wowproductimages/medium/018174.jpg,2020-09-21 17:27:05,,0,,True
ba9c4119-293e-4164-99aa-c013b6490576,Woolworths Supermarket,Pantry,Arnott's Monte Carlo 250g,036031,$3.00,$1.20 / 100G,https://www.woolworths.com.au/shop/productdetails/36031/arnott-s-monte-carlo,https://cdn0.woolworths.media/content/wowproductimages/medium/036031.jpg,2020-09-21 17:27:05,,0,,True
89c20414-c717-4d2c-8743-b256d77dd869,Woolworths Supermarket,Pantry,Fantastic Rice Crackers Original 100g,035231,$1.50,$1.50 / 100G,https://www.woolworths.com.au/shop/productdetails/35231/fantastic-rice-crackers-original,https://cdn0.woolworths.media/content/wowproductimages/medium/035231.jpg,2020-09-21 17:27:05,,0,,True
a8d1efe2-eb42-48db-b0ea-0bd91b92e796,Woolworths Supermarket,Pantry,Heinz Canned Soup Big Red Tomato 420g,034331,$2.20,$0.52 / 100G,https://www.woolworths.com.au/shop/productdetails/34331/heinz-canned-soup-big-red-tomato,https://cdn0.woolworths.media/content/wowproductimages/medium/034331.jpg,2020-09-21 17:27:05,,0,,True
deab700b-7e21-48f6-801c-28c4be6f8c71,Woolworths Supermarket,Pantry,Woolworths Rolled Traditional Oats 750g,321220,$1.40,$0.19 / 100G,https://www.woolworths.com.au/shop/productdetails/321220/woolworths-rolled-traditional-oats,https://cdn0.woolworths.media/content/wowproductimages/medium/321220.jpg,2020-09-21 17:27:05,Average product rating out of 5: 4.6. Product score is based on 748 ratings,748,,True
2bb97e24-a23c-4e68-bafa-5fd2d039c544,Woolworths Supermarket,Pantry,Sunbites Grain Waves Sour Cream & Chives 5 pack,720220,$3.10,$2.82 / 100G,https://www.woolworths.com.au/shop/productdetails/720220/sunbites-grain-waves-sour-cream-chives,https://cdn0.woolworths.media/content/wowproductimages/medium/720220.jpg,2020-09-21 17:27:05,,0,2 for $5.00,True
8cac3270-48b3-4f03-ae41-735b6a1f61e2,Woolworths Supermarket,Pantry,Macro Cashew Kernels 250g,231812,$6.30,$25.20 / 1KG,https://www.woolworths.com.au/shop/productdetails/231812/macro-cashew-kernels,https://cdn0.woolworths.media/content/wowproductimages/medium/231812.jpg,2020-09-21 17:27:05,Average product rating out of 5: 4.3. Product score is based on 43 ratings,43,,True
7bd4e5d1-4477-44e0-90c5-daf3b89e570a,Woolworths Supermarket,Pantry,Essentials Cooking Chocolate Melts 375g,232097,$2.50,$0.67 / 100G,https://www.woolworths.com.au/shop/productdetails/232097/essentials-cooking-chocolate-melts,https://cdn0.woolworths.media/content/wowproductimages/medium/232097.jpg,2020-09-21 17:27:05,,0,,True
833a1bb7-aa11-44ec-9334-af550644d482,Woolworths Supermarket,Pantry,Praise Dressings Thousand Island 330ml,232124,$2.00,$0.61 / 100ML,https://www.woolworths.com.au/shop/productdetails/232124/praise-dressings-thousand-island,https://cdn0.woolworths.media/content/wowproductimages/medium/232124.jpg,2020-09-21 17:27:05,,0,,True
fcbc78ec-e088-4c55-9c10-ee084f7398c9,Woolworths Supermarket,Pantry,Hermesetas Sweetener Tablets 300pk,232208,$4.00,$1.33 / 100EA,https://www.woolworths.com.au/shop/productdetails/232208/hermesetas-sweetener-tablets,https://cdn0.woolworths.media/content/wowproductimages/medium/232208.jpg,2020-09-21 17:27:05,,0,,True
b509f22c-0543-42ff-8bc3-ce838cc2c85b,Woolworths Supermarket,Pantry,Kraft Easy Mac Cheesy Chicken 4 pack,232270,$4.00,$1.43 / 100G,https://www.woolworths.com.au/shop/productdetails/232270/kraft-easy-mac-cheesy-chicken,https://cdn0.woolworths.media/content/wowproductimages/medium/232270.jpg,2020-09-21 17:27:05,,0,,True
76383730-2b93-4bc9-9333-779cf2e32432,Woolworths Supermarket,Pantry,Chupa Chups Strawberry Melody Pop Melody Pop 15g,232605,$0.60,$4.00 / 100G,https://www.woolworths.com.au/shop/productdetails/232605/chupa-chups-strawberry-melody-pop-melody-pop,https://cdn0.woolworths.media/content/wowproductimages/medium/232605.jpg,2020-09-21 17:27:05,,0,,True
28158a63-c0af-4da3-ab22-9de4742006bd,Woolworths Supermarket,Pantry,Poppin Microwave Popcorn Butter Flavour Mini Packs 25g x5 pack,232786,$3.80,$3.04 / 100G,https://www.woolworths.com.au/shop/productdetails/232786/poppin-microwave-popcorn-butter-flavour-mini-packs,https://cdn0.woolworths.media/content/wowproductimages/medium/232786.jpg,2020-09-21 17:27:05,,0,Was $3.99 11/06/2018,True
b117d4b3-afe2-4497-9fd3-d1167ece43d2,Woolworths Supermarket,Pantry,Old El Paso Mexican Burrito Tortillas Jumbo 6 pack,233280,$5.30,$1.18 / 100G,https://www.woolworths.com.au/shop/productdetails/233280/old-el-paso-mexican-burrito-tortillas-jumbo,https://cdn0.woolworths.media/content/wowproductimages/medium/233280.jpg,2020-09-21 17:27:05,,0,,True
40065915-b378-4f6b-a5f1-fe5738c6482b,Woolworths Supermarket,Pantry,Woolworths Smooth Peanut Butter 500g,233922,$2.45,$0.49 / 100G,https://www.woolworths.com.au/shop/productdetails/233922/woolworths-smooth-peanut-butter,https://cdn0.woolworths.media/content/wowproductimages/medium/233922.jpg,2020-09-21 17:27:05,Average product rating out of 5: 4.1. Product score is based on 220 ratings,220,Was $4.00 18/02/2019,True
59c06148-e9e7-4e34-8c4d-0b7d1fb22856,Woolworths Supermarket,Pantry,Woolworths Crunchy Peanut Butter 500g,233925,$2.45,$0.49 / 100G,https://www.woolworths.com.au/shop/productdetails/233925/woolworths-crunchy-peanut-butter,https://cdn0.woolworths.media/content/wowproductimages/medium/233925.jpg,2020-09-21 17:27:05,Average product rating out of 5: 4.5. Product score is based on 52 ratings,52,Was $4.00 18/02/2019,True
b3f52e93-c688-4720-9e00-e4708d256e12,Woolworths Supermarket,Pantry,Mazzetti Vinegar Balsamic Glaze 215ml,233996,,,https://www.woolworths.com.au/shop/productdetails/233996/mazzetti-vinegar-balsamic-glaze,https://cdn0.woolworths.media/content/wowproductimages/medium/233996.jpg,2020-09-21 17:27:05,,0,,False
30b66eb6-2478-418e-92b2-c874e21a9106,Woolworths Supermarket,Pantry,Alfa One Rice Bran Oil 4l,234923,$12.00,$0.30 / 100ML,https://www.woolworths.com.au/shop/productdetails/234923/alfa-one-rice-bran-oil,https://cdn0.woolworths.media/content/wowproductimages/medium/234923.jpg,2020-09-21 17:27:05,,0,Was $24.00 07/11/16,True
0d558135-6521-445e-9cf8-31e86753dfb3,Woolworths Supermarket,Pantry,Red Island Extra Virgin Olive Oil Spray 150g,235064,$3.50,$2.33 / 100G,https://www.woolworths.com.au/shop/productdetails/235064/red-island-extra-virgin-olive-oil-spray,https://cdn0.woolworths.media/content/wowproductimages/medium/235064.jpg,2020-09-21 17:27:05,,0,,True
7b45750e-5b27-4b80-bd72-315c5a362361,Woolworths Supermarket,Pantry,Macro Natural Almond Kernels 250g,235127,$7.00,$28.00 / 1KG,https://www.woolworths.com.au/shop/productdetails/235127/macro-natural-almond-kernels,https://cdn0.woolworths.media/content/wowproductimages/medium/235127.jpg,2020-09-21 17:27:05,Average product rating out of 5: 4.6. Product score is based on 92 ratings,92,,True
dabc8641-47a7-4bd9-ba8d-cfae1efa45f8,Woolworths Supermarket,Pantry,Macro Natural Semolina Flour 925g,235131,$4.50,$4.86 / 1KG,https://www.woolworths.com.au/shop/productdetails/235131/macro-natural-semolina-flour,https://cdn0.woolworths.media/content/wowproductimages/medium/235131.jpg,2020-09-21 17:27:05,Average product rating out of 5: 4.4. Product score is based on 412 ratings,412,,True
59601df5-b56b-4a26-a712-07b62c9a7180,Woolworths Supermarket,Pantry,Angas Park Apple 200g,235896,$4.40,$22.00 / 1KG,https://www.woolworths.com.au/shop/productdetails/235896/angas-park-apple,https://cdn0.woolworths.media/content/wowproductimages/medium/235896.jpg,2020-09-21 17:27:05,,0,,True
6b9e19d0-6a16-4ace-977c-b96926712c29,Woolworths Supermarket,Pantry,Woolworths Diced Italian Tomatoes 800g,236393,$1.50,$1.88 / 1KG,https://www.woolworths.com.au/shop/productdetails/236393/woolworths-diced-italian-tomatoes,https://cdn0.woolworths.media/content/wowproductimages/medium/236393.jpg,2020-09-21 17:27:05,Average product rating out of 5: 4.6. Product score is based on 442 ratings,442,,True
7f1cd971-cb42-441d-bdc6-cc53a6243b59,Woolworths Supermarket,Pantry,Cobram Estate Classic Extra Virgin Olive Oil 750ml,237418,$15.00,$2.00 / 100ML,https://www.woolworths.com.au/shop/productdetails/237418/cobram-estate-classic-extra-virgin-olive-oil,https://cdn0.woolworths.media/content/wowproductimages/medium/237418.jpg,2020-09-21 17:27:05,,0,,True
879f2188-2dab-404f-b1ff-ad02b3093bc4,Woolworths Supermarket,Pantry,Buderim Ginger Limited Ginger Naked 200g,237825,$4.50,$22.50 / 1KG,https://www.woolworths.com.au/shop/productdetails/237825/buderim-ginger-limited-ginger-naked,https://cdn0.woolworths.media/content/wowproductimages/medium/237825.jpg,2020-09-21 17:27:05,,0,,True
843bacd6-ffb8-4d0e-8ee1-c448e3ef5e49,Woolworths Supermarket,Pantry,Robern Apricot Balls 200g,241100,$3.00,$15.00 / 1KG,https://www.woolworths.com.au/shop/productdetails/241100/robern-apricot-balls,https://cdn0.woolworths.media/content/wowproductimages/medium/241100.jpg,2020-09-21 17:27:05,,0,,True
cfaf6db8-040d-482f-839d-081743fb1b67,Woolworths Supermarket,Pantry,Robern Apricot Indulgence 200g,241116,$3.00,$15.00 / 1KG,https://www.woolworths.com.au/shop/productdetails/241116/robern-apricot-indulgence,https://cdn0.woolworths.media/content/wowproductimages/medium/241116.jpg,2020-09-21 17:27:05,,0,,True
6aa467f7-f85f-4470-ae42-3199cba8fea4,Woolworths Supermarket,Pantry,Golden Days Fruit Apricot Coconut Slice 150g,241243,$2.45,$1.63 / 100G,https://www.woolworths.com.au/shop/productdetails/241243/golden-days-fruit-apricot-coconut-slice,https://cdn0.woolworths.media/content/wowproductimages/medium/241243.jpg,2020-09-21 17:27:05,Average product rating out of 5: 4.6. Product score is based on 16 ratings,16,,True
ec31b2e3-bd77-4b70-a6d8-7756682cf73f,Woolworths Supermarket,Pantry,Sandhurst Baby Capers In Wine Vinegar 110g,242762,$2.60,$23.64 / 1KG,https://www.woolworths.com.au/shop/productdetails/242762/sandhurst-baby-capers-in-wine-vinegar,https://cdn0.woolworths.media/content/wowproductimages/medium/242762.jpg,2020-09-21 17:27:05,,0,,True
cd9c8ea4-5ce1-4bc8-9922-75f0963b61b3,Woolworths Supermarket,Pantry,San Remo Lasagne Gluten Free 200g,242926,$4.20,$2.10 / 100G,https://www.woolworths.com.au/shop/productdetails/242926/san-remo-lasagne-gluten-free,https://cdn0.woolworths.media/content/wowproductimages/medium/242926.jpg,2020-09-21 17:27:05,,0,,True
5f6d67dc-471a-4713-9493-61396a61fa45,Woolworths Supermarket,Pantry,Arnott's Shapes Chicken Crimpy 175g,384245,$2.50,$1.43 / 100G,https://www.woolworths.com.au/shop/productdetails/384245/arnott-s-shapes-chicken-crimpy,https://cdn0.woolworths.media/content/wowproductimages/medium/384245.jpg,2020-09-21 17:27:05,,0,,True
a20493b0-5bce-4ad9-9f78-cffb11e4ceb7,Woolworths Supermarket,Pantry,Fantastic Rice Crackers Original 100g,035231,$1.50,$1.50 / 100G,https://www.woolworths.com.au/shop/productdetails/35231/fantastic-rice-crackers-original,https://cdn0.woolworths.media/content/wowproductimages/medium/035231.jpg,2020-09-21 17:27:05,,0,,True
93bc6174-09d5-4e4e-b692-4688570ad567,Woolworths Supermarket,Pantry,Sunbites Grain Waves Sour Cream & Chives 170g,082361,$3.50,$2.06 / 100G,https://www.woolworths.com.au/shop/productdetails/82361/sunbites-grain-waves-sour-cream-chives,https://cdn0.woolworths.media/content/wowproductimages/medium/082361.jpg,2020-09-21 17:27:05,,0,,True
208afd8c-4173-4786-b8e9-c6d0ab4ad2d3,Woolworths Supermarket,Pantry,Mckenzie's Himalayan Salt Rock Pink 400g,749926,$5.95,$0.15 / 10G,https://www.woolworths.com.au/shop/productdetails/749926/mckenzie-s-himalayan-salt-rock-pink,https://cdn0.woolworths.media/content/wowproductimages/medium/749926.jpg,2020-09-21 17:27:05,,0,,True
f995403f-8133-4aee-a622-dc990c06d3fd,Woolworths Supermarket,Pantry,Ritz Crackers Original 300g,660562,$2.50,$0.83 / 100G,https://www.woolworths.com.au/shop/productdetails/660562/ritz-crackers-original,https://cdn0.woolworths.media/content/wowproductimages/medium/660562.jpg,2020-09-21 17:27:05,,0,,True
f38cab70-deed-48b5-bd74-e7d499379ad5,Woolworths Supermarket,Pantry,Cadbury Dairy Milk Chocolate Fair Trade 350g,757883,$5.00,$1.43 / 100G,https://www.woolworths.com.au/shop/productdetails/757883/cadbury-dairy-milk-chocolate-fair-trade,https://cdn0.woolworths.media/content/wowproductimages/medium/757883.jpg,2020-09-21 17:27:05,,0,Was $6.30 16/01/2017,True
53a31fc4-b4b6-49c3-8b62-4f9ba87cc37c,Woolworths Supermarket,Pantry,Ardmona Tomatoes Diced No Added Salt 400g,226849,$1.40,$3.50 / 1KG,https://www.woolworths.com.au/shop/productdetails/226849/ardmona-tomatoes-diced-no-added-salt,https://cdn0.woolworths.media/content/wowproductimages/medium/226849.jpg,2020-09-21 17:27:05,,0,,True
2e99e714-c5c3-43d0-8d66-b2139c05ac48,Woolworths Supermarket,Pantry,Continental Cup A Soup Creamy Chicken With Lots Of Noodles 2 pack,026649,$2.00,$3.33 / 100G,https://www.woolworths.com.au/shop/productdetails/26649/continental-cup-a-soup-creamy-chicken-with-lots-of-noodles,https://cdn0.woolworths.media/content/wowproductimages/medium/026649.jpg,2020-09-21 17:27:05,,0,,True
ade3f16b-eabf-450b-b9aa-08315a87f502,Woolworths Supermarket,Pantry,Woolworths Rolled Traditional Oats 750g,321220,$1.40,$0.19 / 100G,https://www.woolworths.com.au/shop/productdetails/321220/woolworths-rolled-traditional-oats,https://cdn0.woolworths.media/content/wowproductimages/medium/321220.jpg,2020-09-21 17:27:05,Average product rating out of 5: 4.6. Product score is based on 748 ratings,748,,True
6f2b3e75-7ced-4960-bf63-d2e938a7c6dd,Woolworths Supermarket,Pantry,Arnott's Monte Carlo 250g,036031,$3.00,$1.20 / 100G,https://www.woolworths.com.au/shop/productdetails/36031/arnott-s-monte-carlo,https://cdn0.woolworths.media/content/wowproductimages/medium/036031.jpg,2020-09-21 17:27:05,,0,,True
37e624e2-e142-4155-bf93-085020d852ee,Woolworths Supermarket,Pantry,Masterfoods Barbecue Sauce 500ml,099696,$2.50,$0.50 / 100ML,https://www.woolworths.com.au/shop/productdetails/99696/masterfoods-barbecue-sauce,https://cdn0.woolworths.media/content/wowproductimages/medium/099696.jpg,2020-09-21 17:27:05,,0,,True
c1ebbc79-8ddf-40c1-a054-8921f0ea73ab,Woolworths Supermarket,Pantry,Macro Organic Quinoa Tri Colour 500g,717631,$7.00,$1.40 / 100G,https://www.woolworths.com.au/shop/productdetails/717631/macro-organic-quinoa-tri-colour,https://cdn0.woolworths.media/content/wowproductimages/medium/717631.jpg,2020-09-21 17:27:05,Average product rating out of 5: 4.6. Product score is based on 274 ratings,274,Was $9.99 09/01/2017,True
63fbefa4-183e-4038-84ce-0eab92ffbdc5,Woolworths Supermarket,Pantry,Cadbury Fry's Turkish Delight 55g bar,098390,$1.00,$1.82 / 100G,https://www.woolworths.com.au/shop/productdetails/98390/cadbury-fry-s-turkish-delight,https://cdn0.woolworths.media/content/wowproductimages/medium/098390.jpg,2020-09-21 17:27:05,,0,,True
7aa12096-6fff-49d0-9ea6-b4ac0f3bd01a,Woolworths Supermarket,Pantry,Mckenzie's Rice Flour 375g,094275,$1.50,$4.00 / 1KG,https://www.woolworths.com.au/shop/productdetails/94275/mckenzie-s-rice-flour,https://cdn0.woolworths.media/content/wowproductimages/medium/094275.jpg,2020-09-21 17:27:05,,0,,True
0355f0b2-ead1-4efe-a793-317e8a3d676f,Woolworths Supermarket,Pantry,Heinz Canned Soup Big Red Tomato 420g,034331,$2.20,$0.52 / 100G,https://www.woolworths.com.au/shop/productdetails/34331/heinz-canned-soup-big-red-tomato,https://cdn0.woolworths.media/content/wowproductimages/medium/034331.jpg,2020-09-21 17:27:05,,0,,True
7dd21755-d454-4fe7-9cab-7008daf2bfee,Woolworths Supermarket,Pantry,Woolworths Diced Italian Tomatoes No Added Salt 400g,770320,$0.80,$2.00 / 1KG,https://www.woolworths.com.au/shop/productdetails/770320/woolworths-diced-italian-tomatoes-no-added-salt,https://cdn0.woolworths.media/content/wowproductimages/medium/770320.jpg,2020-09-21 17:27:05,Average product rating out of 5: 4.7. Product score is based on 311 ratings,311,,True
d565b662-3edf-4150-b964-d9b8fb59c3d9,Woolworths Supermarket,Pantry,Essentials Pasta Penne 500g,188800,$0.80,$0.16 / 100G,https://www.woolworths.com.au/shop/productdetails/188800/essentials-pasta-penne,https://cdn0.woolworths.media/content/wowproductimages/medium/188800.jpg,2020-09-21 17:27:05,,0,,True
1d7ba05b-27c6-4ee8-b1ae-068f620bc738,Woolworths Supermarket,Pantry,Essentials Raw Sugar 2kg,018174,$2.10,$0.11 / 100G,https://www.woolworths.com.au/shop/productdetails/18174/essentials-raw-sugar,https://cdn0.woolworths.media/content/wowproductimages/medium/018174.jpg,2020-09-21 17:27:05,,0,,True
fda637dc-c21c-40c1-8982-3614fe1e7c6b,Woolworths Supermarket,Pantry,Indomie Mi Goreng Instant Noodles 5pk 425g,177972,$2.75,$0.65 / 100G,https://www.woolworths.com.au/shop/productdetails/177972/indomie-mi-goreng-instant-noodles,https://cdn0.woolworths.media/content/wowproductimages/medium/177972.jpg,2020-09-21 17:27:05,,0,,True
eefaa14e-d220-405b-84b5-5018e9c3ebcf,Woolworths Supermarket,Pantry,Sunbites Grain Waves Sour Cream & Chives 5 pack,720220,$3.10,$2.82 / 100G,https://www.woolworths.com.au/shop/productdetails/720220/sunbites-grain-waves-sour-cream-chives,https://cdn0.woolworths.media/content/wowproductimages/medium/720220.jpg,2020-09-21 17:27:05,,0,2 for $5.00,True
cd00637d-9e5a-4304-898f-5ec52ee81010,Woolworths Supermarket,Pantry,Ayam Paste Thai Green Curry 195g,243740,$3.50,$1.79 / 100G,https://www.woolworths.com.au/shop/productdetails/243740/ayam-paste-thai-green-curry,https://cdn0.woolworths.media/content/wowproductimages/medium/243740.jpg,2020-09-21 17:27:05,,0,,True
d3619dd0-8d8d-4e0c-8c28-e27cd7478634,Woolworths Supermarket,Pantry,Sunrice Microwave Jasmine Rice In 90 Seconds 250g,244754,$2.50,$1.00 / 100G,https://www.woolworths.com.au/shop/productdetails/244754/sunrice-microwave-jasmine-rice-in-90-seconds,https://cdn0.woolworths.media/content/wowproductimages/medium/244754.jpg,2020-09-21 17:27:05,,0,Was $2.99 08/03/2016,True
f096cde7-5c07-42e2-b55b-d560e7595bb3,Woolworths Supermarket,Pantry,Sunrice Microwave Long Grain In 90 Seconds 250g,244755,$2.50,$1.00 / 100G,https://www.woolworths.com.au/shop/productdetails/244755/sunrice-microwave-long-grain-in-90-seconds,https://cdn0.woolworths.media/content/wowproductimages/medium/244755.jpg,2020-09-21 17:27:05,,0,Was $2.99 08/03/2016,True
d0887926-cc21-4df5-95b6-77be47428504,Woolworths Supermarket,Pantry,Sunrice Microwave Medium Grain Brown Rice In 90 250g,244756,$2.50,$1.00 / 100G,https://www.woolworths.com.au/shop/productdetails/244756/sunrice-microwave-medium-grain-brown-rice-in-90,https://cdn0.woolworths.media/content/wowproductimages/medium/244756.jpg,2020-09-21 17:27:05,,0,Was $2.99 08/03/2016,True
921d5f20-9b17-41f2-aa1d-c32de8fca119,Woolworths Supermarket,Pantry,Sanitarium Weet-bix Blends Multi-grain+ Breakfast Cereal 575g,245169,$5.30,$0.92 / 100G,https://www.woolworths.com.au/shop/productdetails/245169/sanitarium-weet-bix-blends-multi-grain-breakfast-cereal,https://cdn0.woolworths.media/content/wowproductimages/medium/245169.jpg,2020-09-21 17:27:05,,0,,True
277038fe-488c-4abd-8e4e-c4298ad3ec9f,Woolworths Supermarket,Pantry,Woolworths Peach In Mango Flavoured Jelly 4x120g,245394,$2.20,$4.58 / 1KG,https://www.woolworths.com.au/shop/productdetails/245394/woolworths-peach-in-mango-flavoured-jelly,https://cdn0.woolworths.media/content/wowproductimages/medium/245394.jpg,2020-09-21 17:27:05,Average product rating out of 5: 4.0. Product score is based on 203 ratings,203,Was $3.49 08/08/16,True
5c43568c-78c4-4f3d-bd95-ae0231534261,Woolworths Supermarket,Pantry,Woolworths Two Fruits In Tropical Jelly 4x120g,245396,$2.20,$4.58 / 1KG,https://www.woolworths.com.au/shop/productdetails/245396/woolworths-two-fruits-in-tropical-jelly,https://cdn0.woolworths.media/content/wowproductimages/medium/245396.jpg,2020-09-21 17:27:05,Average product rating out of 5: 4.0. Product score is based on 283 ratings,283,Was $3.49 08/08/16,True
b2f83a86-0d8b-4e76-bef7-75a5df2d9e39,Woolworths Supermarket,Pantry,Campbell's Chunky Canned Soup Beef Hearty & Filling 505g,245573,$3.50,$0.69 / 100G,https://www.woolworths.com.au/shop/productdetails/245573/campbell-s-chunky-canned-soup-beef-hearty-filling,https://cdn0.woolworths.media/content/wowproductimages/medium/245573.jpg,2020-09-21 17:27:05,,0,,True
ad16a44c-1db2-4b42-aec8-c4e01681c9c7,Woolworths Supermarket,Pantry,Campbell's Chunky Ham & Pea Ham & Pea 505g,245575,$3.50,$0.69 / 100G,https://www.woolworths.com.au/shop/productdetails/245575/campbell-s-chunky-ham-pea-ham-pea,https://cdn0.woolworths.media/content/wowproductimages/medium/245575.jpg,2020-09-21 17:27:05,,0,,True
dc1f425a-a95d-4159-aebb-083e78e7b919,Woolworths Supermarket,Pantry,Campbell's Chunky Canned Soup Potato & Bacon 505g,245580,$3.50,$0.69 / 100G,https://www.woolworths.com.au/shop/productdetails/245580/campbell-s-chunky-canned-soup-potato-bacon,https://cdn0.woolworths.media/content/wowproductimages/medium/245580.jpg,2020-09-21 17:27:05,,0,,True
927003da-063d-438d-927a-2a05647ad1f7,Woolworths Supermarket,Pantry,Campbell's Chunky Canned Soup Roast Chicken & Vegetable 505g,245581,$3.50,$0.69 / 100G,https://www.woolworths.com.au/shop/productdetails/245581/campbell-s-chunky-canned-soup-roast-chicken-vegetable,https://cdn0.woolworths.media/content/wowproductimages/medium/245581.jpg,2020-09-21 17:27:05,,0,,True
11ce20eb-7c60-4b55-957c-6c8c4a3bf31f,Woolworths Supermarket,Pantry,Gravox Gravy Liquid Traditional 165g,245951,$2.00,$1.21 / 100G,https://www.woolworths.com.au/shop/productdetails/245951/gravox-gravy-liquid-traditional,https://cdn0.woolworths.media/content/wowproductimages/medium/245951.jpg,2020-09-21 17:27:05,,0,Was $2.55 01/09/16,True
d73fcdc4-86a4-45ff-90f6-4a730606f8ac,Woolworths Supermarket,Pantry,Gravox Finishing Sauce Diane 165g,245952,$2.00,$1.21 / 100G,https://www.woolworths.com.au/shop/productdetails/245952/gravox-finishing-sauce-diane,https://cdn0.woolworths.media/content/wowproductimages/medium/245952.jpg,2020-09-21 17:27:05,,0,Was $2.55 01/09/16,True
30d136ca-79ff-451b-a9bd-de73f1d2e8f3,Woolworths Supermarket,Pantry,Gravox Finishing Sauce Pepper Steak 165g,245953,$2.00,$1.21 / 100G,https://www.woolworths.com.au/shop/productdetails/245953/gravox-finishing-sauce-pepper-steak,https://cdn0.woolworths.media/content/wowproductimages/medium/245953.jpg,2020-09-21 17:27:05,,0,Was $2.55 01/09/16,True
8b9e3564-b1e6-4a32-9f61-8535fd2937b7,Woolworths Supermarket,Pantry,Brunswick Sardines In Olive Oil 106g,246335,$1.50,$14.15 / 1KG,https://www.woolworths.com.au/shop/productdetails/246335/brunswick-sardines-in-olive-oil,https://cdn0.woolworths.media/content/wowproductimages/medium/246335.jpg,2020-09-21 17:27:05,,0,,True
b3489c0e-2283-4e1a-8c6a-23bda1a1250a,Woolworths Supermarket,Pantry,Maggi Multipack Instant Cups Noodle Chicken 4 pack,246590,$5.00,$2.08 / 100G,https://www.woolworths.com.au/shop/productdetails/246590/maggi-multipack-instant-cups-noodle-chicken,https://cdn0.woolworths.media/content/wowproductimages/medium/246590.jpg,2020-09-21 17:27:05,,0,Was $6.50 17/01/2018,True
88b077ae-bd5c-4a21-b303-dd5daebe235e,Woolworths Supermarket,Pantry,Green's Pudding Lemon Sponge 260g,246598,$2.80,$1.08 / 100G,https://www.woolworths.com.au/shop/productdetails/246598/green-s-pudding-lemon-sponge,https://cdn0.woolworths.media/content/wowproductimages/medium/246598.jpg,2020-09-21 17:27:05,,0,,True
42470d9b-7980-4abc-9fc8-8078092959b8,Woolworths Supermarket,Pantry,Woolworths Cooking Chocolate Dark 200g,246610,$2.50,$1.25 / 100G,https://www.woolworths.com.au/shop/productdetails/246610/woolworths-cooking-chocolate-dark,https://cdn0.woolworths.media/content/wowproductimages/medium/246610.jpg,2020-09-21 17:27:05,Average product rating out of 5: 4.1. Product score is based on 103 ratings,103,,True
4d3cb375-a8ec-4837-9b7e-cb138dc5b45b,Woolworths Supermarket,Pantry,Woolworths Cooking Chocolate Milk 200g,246611,$2.50,$1.25 / 100G,https://www.woolworths.com.au/shop/productdetails/246611/woolworths-cooking-chocolate-milk,https://cdn0.woolworths.media/content/wowproductimages/medium/246611.jpg,2020-09-21 17:27:05,Average product rating out of 5: 4.5. Product score is based on 160 ratings,160,,True
560fb2cb-b56b-4fae-85ce-0f0156faf28f,Woolworths Supermarket,Pantry,Sanitarium Weet-bix Organic Breakfast Cereal 750g,246967,$5.65,$0.75 / 100G,https://www.woolworths.com.au/shop/productdetails/246967/sanitarium-weet-bix-organic-breakfast-cereal,https://cdn0.woolworths.media/content/wowproductimages/medium/246967.jpg,2020-09-21 17:27:05,,0,,True
79061924-251a-41df-803d-4e9fec1bb14b,Woolworths Supermarket,Pantry,Sanitarium Weet-bix Kids Breakfast Cereal 375g,246970,$3.20,$0.85 / 100G,https://www.woolworths.com.au/shop/productdetails/246970/sanitarium-weet-bix-kids-breakfast-cereal,https://cdn0.woolworths.media/content/wowproductimages/medium/246970.jpg,2020-09-21 17:27:05,,0,,True
8f033fbd-24b2-4775-85df-9f548253e522,Woolworths Supermarket,Pantry,Nesquik Cereal 650g,247242,$3.75,$0.58 / 100G,https://www.woolworths.com.au/shop/productdetails/247242/nesquik-cereal,https://cdn0.woolworths.media/content/wowproductimages/medium/247242.jpg,2020-09-21 17:27:05,,0,,True
d2fbb4e2-75d7-4f89-ba9e-1d94e743bca8,Woolworths Supermarket,Pantry,Spc Spaghetti Rich Tomato Sauce 4x220g,247302,$4.20,$0.48 / 100G,https://www.woolworths.com.au/shop/productdetails/247302/spc-spaghetti-rich-tomato-sauce,https://cdn0.woolworths.media/content/wowproductimages/medium/247302.jpg,2020-09-21 17:27:05,,0,,True
75d09058-0fd8-427a-b559-56f1a3a1fc03,Woolworths Supermarket,Pantry,Spc Baked Beans Ham Sauce 4x220g,247304,$4.20,$0.48 / 100G,https://www.woolworths.com.au/shop/productdetails/247304/spc-baked-beans-ham-sauce,https://cdn0.woolworths.media/content/wowproductimages/medium/247304.jpg,2020-09-21 17:27:05,,0,,True
5975b39a-6cd9-4986-bfc9-5c436135d227,Woolworths Supermarket,Pantry,Arnott's Shapes Chicken Crimpy 175g,384245,$2.50,$1.43 / 100G,https://www.woolworths.com.au/shop/productdetails/384245/arnott-s-shapes-chicken-crimpy,https://cdn0.woolworths.media/content/wowproductimages/medium/384245.jpg,2020-09-21 17:27:05,,0,,True
c4647bc0-69c9-45d7-bdd6-ad6c75ca4707,Woolworths Supermarket,Pantry,Mckenzie's Rice Flour 375g,094275,$1.50,$4.00 / 1KG,https://www.woolworths.com.au/shop/productdetails/94275/mckenzie-s-rice-flour,https://cdn0.woolworths.media/content/wowproductimages/medium/094275.jpg,2020-09-21 17:27:05,,0,,True
832b26b9-8d0e-406c-b8eb-94f9cce25c99,Woolworths Supermarket,Pantry,Sunbites Grain Waves Sour Cream & Chives 170g,082361,$3.50,$2.06 / 100G,https://www.woolworths.com.au/shop/productdetails/82361/sunbites-grain-waves-sour-cream-chives,https://cdn0.woolworths.media/content/wowproductimages/medium/082361.jpg,2020-09-21 17:27:05,,0,,True
9e58a4e4-2d61-4116-a5a3-54a3870962e0,Woolworths Supermarket,Pantry,Indomie Mi Goreng Instant Noodles 5pk 425g,177972,$2.75,$0.65 / 100G,https://www.woolworths.com.au/shop/productdetails/177972/indomie-mi-goreng-instant-noodles,https://cdn0.woolworths.media/content/wowproductimages/medium/177972.jpg,2020-09-21 17:27:05,,0,,True
b7a3db3b-3574-45f3-8b82-27d8536fcb01,Woolworths Supermarket,Pantry,Arnott's Monte Carlo 250g,036031,$3.00,$1.20 / 100G,https://www.woolworths.com.au/shop/productdetails/36031/arnott-s-monte-carlo,https://cdn0.woolworths.media/content/wowproductimages/medium/036031.jpg,2020-09-21 17:27:05,,0,,True
92c369fa-bbb2-431d-8d8f-b21fb11f1aa3,Woolworths Supermarket,Pantry,Essentials Raw Sugar 2kg,018174,$2.10,$0.11 / 100G,https://www.woolworths.com.au/shop/productdetails/18174/essentials-raw-sugar,https://cdn0.woolworths.media/content/wowproductimages/medium/018174.jpg,2020-09-21 17:27:05,,0,,True
786e0338-ea6f-4e8d-8ad3-2e374f885b3c,Woolworths Supermarket,Pantry,Mckenzie's Himalayan Salt Rock Pink 400g,749926,$5.95,$0.15 / 10G,https://www.woolworths.com.au/shop/productdetails/749926/mckenzie-s-himalayan-salt-rock-pink,https://cdn0.woolworths.media/content/wowproductimages/medium/749926.jpg,2020-09-21 17:27:05,,0,,True
dbbd8d07-5d0a-411e-9c7d-add17344f1b2,Woolworths Supermarket,Pantry,Woolworths Diced Italian Tomatoes No Added Salt 400g,770320,$0.80,$2.00 / 1KG,https://www.woolworths.com.au/shop/productdetails/770320/woolworths-diced-italian-tomatoes-no-added-salt,https://cdn0.woolworths.media/content/wowproductimages/medium/770320.jpg,2020-09-21 17:27:05,Average product rating out of 5: 4.7. Product score is based on 311 ratings,311,,True
ecc9e5c0-090f-4238-8f01-e767e8d52933,Woolworths Supermarket,Pantry,Essentials Pasta Penne 500g,188800,$0.80,$0.16 / 100G,https://www.woolworths.com.au/shop/productdetails/188800/essentials-pasta-penne,https://cdn0.woolworths.media/content/wowproductimages/medium/188800.jpg,2020-09-21 17:27:05,,0,,True
22bbe390-aa81-463f-825f-c8db20cbfb4b,Woolworths Supermarket,Pantry,Ritz Crackers Original 300g,660562,$2.50,$0.83 / 100G,https://www.woolworths.com.au/shop/productdetails/660562/ritz-crackers-original,https://cdn0.woolworths.media/content/wowproductimages/medium/660562.jpg,2020-09-21 17:27:05,,0,,True
afd6d5fe-b31b-4f35-8b54-8b0a815f5c8d,Woolworths Supermarket,Pantry,Woolworths Rolled Traditional Oats 750g,321220,$1.40,$0.19 / 100G,https://www.woolworths.com.au/shop/productdetails/321220/woolworths-rolled-traditional-oats,https://cdn0.woolworths.media/content/wowproductimages/medium/321220.jpg,2020-09-21 17:27:05,Average product rating out of 5: 4.6. Product score is based on 748 ratings,748,,True
d5b0004a-bd93-4988-bc25-87bb81b99114,Woolworths Supermarket,Pantry,Fantastic Rice Crackers Original 100g,035231,$1.50,$1.50 / 100G,https://www.woolworths.com.au/shop/productdetails/35231/fantastic-rice-crackers-original,https://cdn0.woolworths.media/content/wowproductimages/medium/035231.jpg,2020-09-21 17:27:05,,0,,True
557cd4df-fdd0-4c51-a11a-979c413ed8f7,Woolworths Supermarket,Pantry,Macro Organic Quinoa Tri Colour 500g,717631,$7.00,$1.40 / 100G,https://www.woolworths.com.au/shop/productdetails/717631/macro-organic-quinoa-tri-colour,https://cdn0.woolworths.media/content/wowproductimages/medium/717631.jpg,2020-09-21 17:27:05,Average product rating out of 5: 4.6. Product score is based on 274 ratings,274,Was $9.99 09/01/2017,True
40846050-1f50-4dcc-9d3c-e0c139628b26,Woolworths Supermarket,Pantry,Ardmona Tomatoes Diced No Added Salt 400g,226849,$1.40,$3.50 / 1KG,https://www.woolworths.com.au/shop/productdetails/226849/ardmona-tomatoes-diced-no-added-salt,https://cdn0.woolworths.media/content/wowproductimages/medium/226849.jpg,2020-09-21 17:27:05,,0,,True
77e5ed3b-dc77-4b30-9654-3a0e1d767cb2,Woolworths Supermarket,Pantry,Masterfoods Barbecue Sauce 500ml,099696,$2.50,$0.50 / 100ML,https://www.woolworths.com.au/shop/productdetails/99696/masterfoods-barbecue-sauce,https://cdn0.woolworths.media/content/wowproductimages/medium/099696.jpg,2020-09-21 17:27:05,,0,,True
441e654b-d03d-4588-826e-6af0aec853fb,Woolworths Supermarket,Pantry,Continental Cup A Soup Creamy Chicken With Lots Of Noodles 2 pack,026649,$2.00,$3.33 / 100G,https://www.woolworths.com.au/shop/productdetails/26649/continental-cup-a-soup-creamy-chicken-with-lots-of-noodles,https://cdn0.woolworths.media/content/wowproductimages/medium/026649.jpg,2020-09-21 17:27:05,,0,,True
ea29c5a5-1746-4c7f-9ade-62eaa663b256,Woolworths Supermarket,Pantry,Heinz Canned Soup Big Red Tomato 420g,034331,$2.20,$0.52 / 100G,https://www.woolworths.com.au/shop/productdetails/34331/heinz-canned-soup-big-red-tomato,https://cdn0.woolworths.media/content/wowproductimages/medium/034331.jpg,2020-09-21 17:27:05,,0,,True
463f6be0-0d4a-48fb-bc8f-4d2f86150ca4,Woolworths Supermarket,Pantry,Cadbury Dairy Milk Chocolate Fair Trade 350g,757883,$5.00,$1.43 / 100G,https://www.woolworths.com.au/shop/productdetails/757883/cadbury-dairy-milk-chocolate-fair-trade,https://cdn0.woolworths.media/content/wowproductimages/medium/757883.jpg,2020-09-21 17:27:05,,0,Was $6.30 16/01/2017,True
d29ccaf8-2b2d-466e-8a4c-3461a2534623,Woolworths Supermarket,Pantry,Cadbury Fry's Turkish Delight 55g bar,098390,$1.00,$1.82 / 100G,https://www.woolworths.com.au/shop/productdetails/98390/cadbury-fry-s-turkish-delight,https://cdn0.woolworths.media/content/wowproductimages/medium/098390.jpg,2020-09-21 17:27:05,,0,,True
0479e1ec-3fbc-4d41-89d7-2041faee41c6,Woolworths Supermarket,Pantry,Sunbites Grain Waves Sour Cream & Chives 5 pack,720220,$3.10,$2.82 / 100G,https://www.woolworths.com.au/shop/productdetails/720220/sunbites-grain-waves-sour-cream-chives,https://cdn0.woolworths.media/content/wowproductimages/medium/720220.jpg,2020-09-21 17:27:05,,0,2 for $5.00,True
a532480c-1ad7-48b6-b57b-d89a9a3f182f,Woolworths Supermarket,Pantry,Campbell's Chunky Canned Soup Hearty Irish Stew 505g,247332,$3.50,$0.69 / 100G,https://www.woolworths.com.au/shop/productdetails/247332/campbell-s-chunky-canned-soup-hearty-irish-stew,https://cdn0.woolworths.media/content/wowproductimages/medium/247332.jpg,2020-09-21 17:27:05,,0,,True
7a70be35-5371-45ea-b5b8-e391b90364a3,Woolworths Supermarket,Pantry,Lucky Natural Seed Mix With Pine Nuts 200g,247368,$4.90,$24.50 / 1KG,https://www.woolworths.com.au/shop/productdetails/247368/lucky-natural-seed-mix-with-pine-nuts,https://cdn0.woolworths.media/content/wowproductimages/medium/247368.jpg,2020-09-21 17:27:05,,0,,True
93ce426e-dd08-4362-9206-4b624f2f51c7,Woolworths Supermarket,Pantry,Woolworths Ground Coffee Espresso 250g,247957,$4.50,$1.80 / 100G,https://www.woolworths.com.au/shop/productdetails/247957/woolworths-ground-coffee-espresso,https://cdn0.woolworths.media/content/wowproductimages/medium/247957.jpg,2020-09-21 17:27:05,,0,,True
f837d3ed-efdb-40cf-a169-afc3ce55c5f1,Woolworths Supermarket,Pantry,Woolworths Extra Virgin Olive Oil 500ml,248084,$5.00,$1.00 / 100ML,https://www.woolworths.com.au/shop/productdetails/248084/woolworths-extra-virgin-olive-oil,https://cdn0.woolworths.media/content/wowproductimages/medium/248084.jpg,2020-09-21 17:27:05,,0,Was $5.89 23/05/2016,True
c71051d1-a1d0-4fca-8e5e-5ffb7874a210,Woolworths Supermarket,Pantry,White Wings Pancake Mix Buttermilk 325g,248148,$2.50,$0.77 / 100G,https://www.woolworths.com.au/shop/productdetails/248148/white-wings-pancake-mix-buttermilk,https://cdn0.woolworths.media/content/wowproductimages/medium/248148.jpg,2020-09-21 17:27:05,,0,Was $3.15 30/01/2017,True
54347beb-3ec5-4cae-9594-38e38b106109,Woolworths Supermarket,Pantry,Uncle Tobys Le Snak Tasty Cheese Dip & Crackers 12 pack,248197,$5.00,$1.89 / 100G,https://www.woolworths.com.au/shop/productdetails/248197/uncle-tobys-le-snak-tasty-cheese-dip-crackers,https://cdn0.woolworths.media/content/wowproductimages/medium/248197.jpg,2020-09-21 17:27:05,,0,,True
4de3a483-b2a3-4b96-b144-04e4dadb9b8b,Woolworths Supermarket,Pantry,Nestle Uncle Tobys Le Snak French Onion Dip & Crackers 12 pack,248198,$5.00,$1.89 / 100G,https://www.woolworths.com.au/shop/productdetails/248198/nestle-uncle-tobys-le-snak-french-onion-dip-crackers,https://cdn0.woolworths.media/content/wowproductimages/medium/248198.jpg,2020-09-21 17:27:05,,0,,True
fe717342-8b39-4f0e-96e2-521e93f31885,Woolworths Supermarket,Pantry,Nestle Uncle Tobys Le Snak Cheddar Cheese Dip & Crackers 12 pack,248199,$5.00,$1.89 / 100G,https://www.woolworths.com.au/shop/productdetails/248199/nestle-uncle-tobys-le-snak-cheddar-cheese-dip-crackers,https://cdn0.woolworths.media/content/wowproductimages/medium/248199.jpg,2020-09-21 17:27:05,,0,,True
b38cd272-d462-4061-9e46-d41e8f81f0bf,Woolworths Supermarket,Pantry,Nestle Uncle Tobys Le Snak Cheddar Cheese Dip & Crackers 6 pack,248205,$4.70,$3.56 / 100G,https://www.woolworths.com.au/shop/productdetails/248205/nestle-uncle-tobys-le-snak-cheddar-cheese-dip-crackers,https://cdn0.woolworths.media/content/wowproductimages/medium/248205.jpg,2020-09-21 17:27:05,,0,,True
bb4bd92b-ea98-4b14-ac49-ab8d316e7145,Woolworths Supermarket,Pantry,Uncle Tobys Le Snak Tasty Cheese Dip & Crackers 6 pack,248207,$4.70,$3.56 / 100G,https://www.woolworths.com.au/shop/productdetails/248207/uncle-tobys-le-snak-tasty-cheese-dip-crackers,https://cdn0.woolworths.media/content/wowproductimages/medium/248207.jpg,2020-09-21 17:27:05,,0,,True
145dea07-b2b4-4127-9059-f4c5791cdab5,Woolworths Supermarket,Pantry,Uncle Tobys Muesli Bars Yoghurt & Strawberry 6 pack,248247,$4.30,$2.32 / 100G,https://www.woolworths.com.au/shop/productdetails/248247/uncle-tobys-muesli-bars-yoghurt-strawberry,https://cdn0.woolworths.media/content/wowproductimages/medium/248247.jpg,2020-09-21 17:27:05,,0,,True
8a574496-c56f-4cc3-bda5-bb4755a87f50,Woolworths Supermarket,Pantry,Nestle Uncle Tobys Muesli Bars Yoghurt & Mango & Passionfruit 6 pack,248248,$4.30,$2.32 / 100G,https://www.woolworths.com.au/shop/productdetails/248248/nestle-uncle-tobys-muesli-bars-yoghurt-mango-passionfruit,https://cdn0.woolworths.media/content/wowproductimages/medium/248248.jpg,2020-09-21 17:27:05,,0,,True
90357a57-73c7-4255-b30b-ed44246b0d2e,Woolworths Supermarket,Pantry,Uncle Tobys Muesli Bars Chewy Choc Chip 6 pack,248249,$4.30,$2.32 / 100G,https://www.woolworths.com.au/shop/productdetails/248249/uncle-tobys-muesli-bars-chewy-choc-chip,https://cdn0.woolworths.media/content/wowproductimages/medium/248249.jpg,2020-09-21 17:27:05,,0,,True
e2aa829f-cb63-4bdc-85a1-f1276898d073,Woolworths Supermarket,Pantry,Nestle Uncle Tobys Muesli Bars Chewy Apricot 6 pack,248250,$4.30,$2.32 / 100G,https://www.woolworths.com.au/shop/productdetails/248250/nestle-uncle-tobys-muesli-bars-chewy-apricot,https://cdn0.woolworths.media/content/wowproductimages/medium/248250.jpg,2020-09-21 17:27:05,,0,,True
e89e2af5-8341-420f-a324-de35e209b00f,Woolworths Supermarket,Pantry,Nestle Uncle Tobys Muesli Bars Yoghurt & Honeycomb 185g,248257,$4.30,$2.32 / 100G,https://www.woolworths.com.au/shop/productdetails/248257/nestle-uncle-tobys-muesli-bars-yoghurt-honeycomb,https://cdn0.woolworths.media/content/wowproductimages/medium/248257.jpg,2020-09-21 17:27:05,,0,,True
54c3362e-6b52-4ab7-8e9b-5f2ebf550d67,Woolworths Supermarket,Pantry,Annalisa Beans Four Mix 400g,248347,$1.50,$3.75 / 1KG,https://www.woolworths.com.au/shop/productdetails/248347/annalisa-beans-four-mix,https://cdn0.woolworths.media/content/wowproductimages/medium/248347.jpg,2020-09-21 17:27:05,,0,,True
46705644-375d-472d-ae13-9a222635a9bd,Woolworths Supermarket,Pantry,Annalisa Beans Red Kidney 400g,248348,$1.50,$3.75 / 1KG,https://www.woolworths.com.au/shop/productdetails/248348/annalisa-beans-red-kidney,https://cdn0.woolworths.media/content/wowproductimages/medium/248348.jpg,2020-09-21 17:27:05,,0,,True
2c9bafde-a9b2-4f1a-af52-b035e58d3237,Woolworths Supermarket,Pantry,Always Fresh Crustini Crispbread Sesame And Sea Salt 125g,248353,$3.70,$2.96 / 100G,https://www.woolworths.com.au/shop/productdetails/248353/always-fresh-crustini-crispbread-sesame-and-sea-salt,https://cdn0.woolworths.media/content/wowproductimages/medium/248353.jpg,2020-09-21 17:27:05,,0,,True
36767751-7ed2-43da-8869-40ed10e1c41b,Woolworths Supermarket,Pantry,Always Fresh Crustini Crispbread Rosemary & Sea Salt 125g,248355,$3.70,$2.96 / 100G,https://www.woolworths.com.au/shop/productdetails/248355/always-fresh-crustini-crispbread-rosemary-sea-salt,https://cdn0.woolworths.media/content/wowproductimages/medium/248355.jpg,2020-09-21 17:27:05,,0,,True
b3a1c7ff-a1f0-4a69-9160-81c05004780c,Woolworths Supermarket,Pantry,Sunrice Rice Cakes Sea Salt & Balsamic Vinegar 195g,248362,$2.70,$1.38 / 100G,https://www.woolworths.com.au/shop/productdetails/248362/sunrice-rice-cakes-sea-salt-balsamic-vinegar,https://cdn0.woolworths.media/content/wowproductimages/medium/248362.jpg,2020-09-21 17:27:05,,0,,True
1c570dfd-0789-4917-9d41-0a87b44bd1d6,Woolworths Supermarket,Pantry,Moccona Freeze Dried Instant Coffee Classic Dark Roast 100g,248497,$9.95,$9.95 / 100G,https://www.woolworths.com.au/shop/productdetails/248497/moccona-freeze-dried-instant-coffee-classic-dark-roast,https://cdn0.woolworths.media/content/wowproductimages/medium/248497.jpg,2020-09-21 17:27:05,,0,,True
7267eb67-a987-43ed-8983-df8995a6ac11,Woolworths Supermarket,Pantry,Moccona Freeze Dried Instant Coffee Classic Dark Roast 200g,248520,$10.00,$5.00 / 100G,https://www.woolworths.com.au/shop/productdetails/248520/moccona-freeze-dried-instant-coffee-classic-dark-roast,https://cdn0.woolworths.media/content/wowproductimages/medium/248520.jpg,2020-09-21 17:27:05,,0,,True
b185c0fa-bc94-49bb-92d1-80dac4f0c034,Woolworths Supermarket,Pantry,Old El Paso Mexican Mini Tortillas 10 pack,248677,$3.70,$1.48 / 100G,https://www.woolworths.com.au/shop/productdetails/248677/old-el-paso-mexican-mini-tortillas,https://cdn0.woolworths.media/content/wowproductimages/medium/248677.jpg,2020-09-21 17:27:05,,0,,True
425c40f0-350b-41a4-b6ec-5813db0461fb,Woolworths Supermarket,Pantry,Old El Paso Fajita Dinner Kit 485g,248678,$6.50,$1.34 / 100G,https://www.woolworths.com.au/shop/productdetails/248678/old-el-paso-fajita-dinner-kit,https://cdn0.woolworths.media/content/wowproductimages/medium/248678.jpg,2020-09-21 17:27:05,,0,,True
85707359-b67d-46d0-b414-2f31ee82d02f,Woolworths Supermarket,Pantry,Sunbites Grain Waves Sour Cream & Chives 5 pack,720220,$3.10,$2.82 / 100G,https://www.woolworths.com.au/shop/productdetails/720220/sunbites-grain-waves-sour-cream-chives,https://cdn0.woolworths.media/content/wowproductimages/medium/720220.jpg,2020-09-21 17:27:05,,0,2 for $5.00,True
888cd430-632d-46dd-83b2-d0e94745cc89,Woolworths Supermarket,Pantry,Woolworths Rolled Traditional Oats 750g,321220,$1.40,$0.19 / 100G,https://www.woolworths.com.au/shop/productdetails/321220/woolworths-rolled-traditional-oats,https://cdn0.woolworths.media/content/wowproductimages/medium/321220.jpg,2020-09-21 17:27:05,Average product rating out of 5: 4.6. Product score is based on 748 ratings,748,,True
422ad19e-12f5-42e5-ad45-9093da386bd5,Woolworths Supermarket,Pantry,Cobram Estate Extra Virgin Light Olive Oil 750ml,345955,$15.00,$2.00 / 100ML,https://www.woolworths.com.au/shop/productdetails/345955/cobram-estate-extra-virgin-light-olive-oil,https://cdn0.woolworths.media/content/wowproductimages/medium/345955.jpg,2020-09-21 17:27:05,,0,,True
2cfa9e2e-b8fc-44f7-8799-1ac089aaaaf3,Woolworths Supermarket,Pantry,Ritz Crackers Original 300g,660562,$2.50,$0.83 / 100G,https://www.woolworths.com.au/shop/productdetails/660562/ritz-crackers-original,https://cdn0.woolworths.media/content/wowproductimages/medium/660562.jpg,2020-09-21 17:27:05,,0,,True
e821ec47-bf30-4b26-8304-8ba0e419ed29,Woolworths Supermarket,Pantry,Nescafe Blend 43 Soluble Instant Coffee 500g,035694,$20.00,$4.00 / 100G,https://www.woolworths.com.au/shop/productdetails/35694/nescafe-blend-43-soluble-instant-coffee,https://cdn0.woolworths.media/content/wowproductimages/medium/035694.jpg,2020-09-21 17:27:05,,0,,True
7be502c8-4a59-4496-bd5b-073da7118c3a,Woolworths Supermarket,Pantry,Mckenzie's Himalayan Salt Rock Pink 400g,749926,$5.95,$0.15 / 10G,https://www.woolworths.com.au/shop/productdetails/749926/mckenzie-s-himalayan-salt-rock-pink,https://cdn0.woolworths.media/content/wowproductimages/medium/749926.jpg,2020-09-21 17:27:05,,0,,True
a69ee392-0bbd-48bc-935f-b8e090f16a72,Woolworths Supermarket,Pantry,Continental Cup A Soup Creamy Chicken With Lots Of Noodles 2 pack,026649,$2.00,$3.33 / 100G,https://www.woolworths.com.au/shop/productdetails/26649/continental-cup-a-soup-creamy-chicken-with-lots-of-noodles,https://cdn0.woolworths.media/content/wowproductimages/medium/026649.jpg,2020-09-21 17:27:05,,0,,True
a6e52503-b9ad-4898-b4a3-1ca321931e2c,Woolworths Supermarket,Pantry,Woolworths White Rice Long Grain 5kg,072779,$6.70,$0.13 / 100G,https://www.woolworths.com.au/shop/productdetails/72779/woolworths-white-rice-long-grain,https://cdn0.woolworths.media/content/wowproductimages/medium/072779.jpg,2020-09-21 17:27:05,Average product rating out of 5: 4.8. Product score is based on 14 ratings,14,,True
76d94702-3282-4412-8342-43ecb71fd51d,Woolworths Supermarket,Pantry,Macro Organic Quinoa Tri Colour 500g,717631,$7.00,$1.40 / 100G,https://www.woolworths.com.au/shop/productdetails/717631/macro-organic-quinoa-tri-colour,https://cdn0.woolworths.media/content/wowproductimages/medium/717631.jpg,2020-09-21 17:27:05,Average product rating out of 5: 4.6. Product score is based on 274 ratings,274,Was $9.99 09/01/2017,True
cfb60fb0-330c-4155-87f4-8d5c17be0129,Woolworths Supermarket,Pantry,Moccona Freeze Dried Instant Coffee Classic Medium Roast 400g,208575,$24.00,$6.00 / 100G,https://www.woolworths.com.au/shop/productdetails/208575/moccona-freeze-dried-instant-coffee-classic-medium-roast,https://cdn0.woolworths.media/content/wowproductimages/medium/208575.jpg,2020-09-21 17:27:05,,0,,True
28f7ffc6-665d-4d8c-9e03-2513682bfb52,Woolworths Supermarket,Pantry,Vege Chips Chicken Style 100g,793382,$3.80,$3.80 / 100G,https://www.woolworths.com.au/shop/productdetails/793382/vege-chips-chicken-style,https://cdn0.woolworths.media/content/wowproductimages/medium/793382.jpg,2020-09-21 17:27:05,Average product rating out of 5: 4.7. Product score is based on 20 ratings,20,,True
f4f071f7-53bb-4fe2-b2bb-d9a1eab5b1a2,Woolworths Supermarket,Pantry,Woolworths Diced Italian Tomatoes No Added Salt 400g,770320,$0.80,$2.00 / 1KG,https://www.woolworths.com.au/shop/productdetails/770320/woolworths-diced-italian-tomatoes-no-added-salt,https://cdn0.woolworths.media/content/wowproductimages/medium/770320.jpg,2020-09-21 17:27:05,Average product rating out of 5: 4.7. Product score is based on 311 ratings,311,,True
ba48056e-87db-4bb0-96af-f5dfe53dbcb2,Woolworths Supermarket,Pantry,Arnott's Monte Carlo 250g,036031,$3.00,$1.20 / 100G,https://www.woolworths.com.au/shop/productdetails/36031/arnott-s-monte-carlo,https://cdn0.woolworths.media/content/wowproductimages/medium/036031.jpg,2020-09-21 17:27:05,,0,,True
bcc0c846-27a4-4641-a9a5-68d8e4072ab2,Woolworths Supermarket,Pantry,Woolworths Almond Meal 400g,610610,$7.50,$18.75 / 1KG,https://www.woolworths.com.au/shop/productdetails/610610/woolworths-almond-meal,https://cdn0.woolworths.media/content/wowproductimages/medium/610610.jpg,2020-09-21 17:27:05,Average product rating out of 5: 4.6. Product score is based on 326 ratings,326,Was $9.00 22/07/2020,True
39269a56-72f9-4142-a55e-1d8a8b0ca5d8,Woolworths Supermarket,Pantry,Beechworth Pure Honey 1.5kg,250371,$22.00,$1.47 / 100G,https://www.woolworths.com.au/shop/productdetails/250371/beechworth-pure-honey,https://cdn0.woolworths.media/content/wowproductimages/medium/250371.jpg,2020-09-21 17:27:05,,0,,True
69bf82d8-d9a4-429e-b150-390f56295543,Woolworths Supermarket,Pantry,Queen Organic Vanilla Bean Paste 65g,225399,$11.80,$18.15 / 100G,https://www.woolworths.com.au/shop/productdetails/225399/queen-organic-vanilla-bean-paste,https://cdn0.woolworths.media/content/wowproductimages/medium/225399.jpg,2020-09-21 17:27:05,,0,,True
60af0cb3-9b08-46ea-a813-845bc7b5db6e,Woolworths Supermarket,Pantry,Woolworths Walnuts Kernel 500g,749540,$11.00,$22.00 / 1KG,https://www.woolworths.com.au/shop/productdetails/749540/woolworths-walnuts-kernel,https://cdn0.woolworths.media/content/wowproductimages/medium/749540.jpg,2020-09-21 17:27:05,Average product rating out of 5: 4.8. Product score is based on 360 ratings,360,,True
eb808c5a-533e-4f84-ac63-5358581aadbe,Woolworths Supermarket,Pantry,Sanitarium Weet-bix Breakfast Cereal 1.2kg,200695,$5.00,$0.42 / 100G,https://www.woolworths.com.au/shop/productdetails/200695/sanitarium-weet-bix-breakfast-cereal,https://cdn0.woolworths.media/content/wowproductimages/medium/200695.jpg,2020-09-21 17:27:05,,0,,True
db7b472c-8239-43b9-b7bd-2b5da2ca1ed5,Woolworths Supermarket,Pantry,Bertolli Extra Virgin Olive Oil Originale 750ml,502951,$6.50,$0.87 / 100ML,https://www.woolworths.com.au/shop/productdetails/502951/bertolli-extra-virgin-olive-oil-originale,https://cdn0.woolworths.media/content/wowproductimages/medium/502951.jpg,2020-09-21 17:27:05,,0,,True
15da5eea-8e06-470a-a98f-b5a6ea4a007b,Woolworths Supermarket,Pantry,Cadbury Dairy Milk Chocolate Fair Trade 350g,757883,$5.00,$1.43 / 100G,https://www.woolworths.com.au/shop/productdetails/757883/cadbury-dairy-milk-chocolate-fair-trade,https://cdn0.woolworths.media/content/wowproductimages/medium/757883.jpg,2020-09-21 17:27:05,,0,Was $6.30 16/01/2017,True
229d1194-1015-4907-9cb8-0c78a6f63a69,Woolworths Supermarket,Pantry,Old El Paso Fajita Spice Mix 40g,248679,$2.00,$5.00 / 100G,https://www.woolworths.com.au/shop/productdetails/248679/old-el-paso-fajita-spice-mix,https://cdn0.woolworths.media/content/wowproductimages/medium/248679.jpg,2020-09-21 17:27:05,,0,,True
7d331e39-c5e3-44c9-b1b8-3c8aa3588d5e,Woolworths Supermarket,Pantry,Woolworths Crispbread & Cheese Cheddar Dip 12 pack,248801,$4.00,$1.33 / 100G,https://www.woolworths.com.au/shop/productdetails/248801/woolworths-crispbread-cheese-cheddar-dip,https://cdn0.woolworths.media/content/wowproductimages/medium/248801.jpg,2020-09-21 17:27:05,Average product rating out of 5: 4.1. Product score is based on 210 ratings,210,,True
7f533148-c549-4b33-93a0-be12bfbf9f59,Woolworths Supermarket,Pantry,Essentials Crispbread & Cheese French Onion Dip 12 pack,248802,$4.00,$1.33 / 100G,https://www.woolworths.com.au/shop/productdetails/248802/essentials-crispbread-cheese-french-onion-dip,https://cdn0.woolworths.media/content/wowproductimages/medium/248802.jpg,2020-09-21 17:27:05,Average product rating out of 5: 4.0. Product score is based on 347 ratings,347,,True
880eaf7f-ecd5-4da0-839f-a5235c3ea745,Woolworths Supermarket,Pantry,Yackandandah Lemon Curd 350g,249189,$4.10,$1.17 / 100G,https://www.woolworths.com.au/shop/productdetails/249189/yackandandah-lemon-curd,https://cdn0.woolworths.media/content/wowproductimages/medium/249189.jpg,2020-09-21 17:27:05,,0,,True
91a88d1e-5475-41be-836a-2824029534dc,Woolworths Supermarket,Pantry,Buderim Ginger Marmalade 365g,249361,$3.40,$0.93 / 100G,https://www.woolworths.com.au/shop/productdetails/249361/buderim-ginger-marmalade,https://cdn0.woolworths.media/content/wowproductimages/medium/249361.jpg,2020-09-21 17:27:05,,0,,True
a3223af8-d3d7-4cd3-b78e-e82120b0d747,Woolworths Supermarket,Pantry,Masterfoods Tuscan Seasoning 155g,249549,$6.30,$0.41 / 10G,https://www.woolworths.com.au/shop/productdetails/249549/masterfoods-tuscan-seasoning,https://cdn0.woolworths.media/content/wowproductimages/medium/249549.jpg,2020-09-21 17:27:05,,0,,True
d96e6fd9-2738-4f02-91b3-2656c86aeb0a,Woolworths Supermarket,Pantry,Masterfoods Moroccan Seasoning 160g,249551,$6.70,$0.42 / 10G,https://www.woolworths.com.au/shop/productdetails/249551/masterfoods-moroccan-seasoning,https://cdn0.woolworths.media/content/wowproductimages/medium/249551.jpg,2020-09-21 17:27:05,,0,,True
bbef33a5-da66-4472-914f-8fac2d718b9c,Woolworths Supermarket,Pantry,Massel Gourmet Liquid Stock Chicken 1l,249573,$2.50,$0.25 / 100ML,https://www.woolworths.com.au/shop/productdetails/249573/massel-gourmet-liquid-stock-chicken,https://cdn0.woolworths.media/content/wowproductimages/medium/249573.jpg,2020-09-21 17:27:05,,0,,True
95df777b-38ce-4aa6-8546-c4ed07bcae25,Woolworths Supermarket,Pantry,Massel Gourmet Liquid Stock Vegetable 1l,249574,$2.50,$0.25 / 100ML,https://www.woolworths.com.au/shop/productdetails/249574/massel-gourmet-liquid-stock-vegetable,https://cdn0.woolworths.media/content/wowproductimages/medium/249574.jpg,2020-09-21 17:27:05,,0,,True
4e48335a-ba4d-4620-8db9-531702fd69a5,Woolworths Supermarket,Pantry,Hoyt's Cinnamon Dutch Ground 150g,249587,$4.23,$0.28 / 10G,https://www.woolworths.com.au/shop/productdetails/249587/hoyt-s-cinnamon-dutch-ground,https://cdn0.woolworths.media/content/wowproductimages/medium/249587.jpg,2020-09-21 17:27:05,,0,,True
73ad286c-330e-4b47-858d-d993d2d7b545,Woolworths Supermarket,Pantry,Nutino Hazelnut Spread Spread 750g,249627,$5.50,$0.73 / 100G,https://www.woolworths.com.au/shop/productdetails/249627/nutino-hazelnut-spread-spread,https://cdn0.woolworths.media/content/wowproductimages/medium/249627.jpg,2020-09-21 17:27:05,,0,Was $6.75 25/09/2017,True
4c44a902-fdee-42f3-b437-81ecd63c6573,Woolworths Supermarket,Pantry,Nutino Hazelnut Spread Spread 400g,249628,$3.50,$0.88 / 100G,https://www.woolworths.com.au/shop/productdetails/249628/nutino-hazelnut-spread-spread,https://cdn0.woolworths.media/content/wowproductimages/medium/249628.jpg,2020-09-21 17:27:05,,0,Was $4.50 25/09/2017,True
cbbf92ab-7b9f-4b1b-ae15-aabe42413cf9,Woolworths Supermarket,Pantry,Nutino Hazelnut Spread Spread 220g,249629,$2.50,$1.14 / 100G,https://www.woolworths.com.au/shop/productdetails/249629/nutino-hazelnut-spread-spread,https://cdn0.woolworths.media/content/wowproductimages/medium/249629.jpg,2020-09-21 17:27:05,,0,Was $3.35 25/09/2017,True
6ac6e334-c66e-42c9-88a5-9462ef9c615c,Woolworths Supermarket,Pantry,Lindt Lindor Chocolate Balls Milk 125g bag,249701,$4.80,$3.84 / 100G,https://www.woolworths.com.au/shop/productdetails/249701/lindt-lindor-chocolate-balls-milk,https://cdn0.woolworths.media/content/wowproductimages/medium/249701.jpg,2020-09-21 17:27:05,,0,,True
f4360095-c84b-461d-897d-78e5522fd6ab,Woolworths Supermarket,Pantry,Lindt Lindor Chocolate Balls Assorted 125g bag,249702,$4.80,$3.84 / 100G,https://www.woolworths.com.au/shop/productdetails/249702/lindt-lindor-chocolate-balls-assorted,https://cdn0.woolworths.media/content/wowproductimages/medium/249702.jpg,2020-09-21 17:27:05,,0,,True
89e5200b-5f2b-49d9-a356-d2a455705eb0,Woolworths Supermarket,Pantry,Dilmah Extra Strength Tea Bags 200 pack,250036,$11.80,$0.06 / 1EA,https://www.woolworths.com.au/shop/productdetails/250036/dilmah-extra-strength-tea-bags,https://cdn0.woolworths.media/content/wowproductimages/medium/250036.jpg,2020-09-21 17:27:05,,0,,True
26c4678f-65a9-45f2-95d1-20e065d85c44,Woolworths Supermarket,Pantry,Twinings Green Tea With Lemon Tea Bags 50 pack,250055,$7.00,$0.14 / 1EA,https://www.woolworths.com.au/shop/productdetails/250055/twinings-green-tea-with-lemon-tea-bags,https://cdn0.woolworths.media/content/wowproductimages/medium/250055.jpg,2020-09-21 17:27:05,,0,,True
37baecb9-f788-4408-bbca-b62b67f6622d,Woolworths Supermarket,Pantry,Valcom Paste Laksa 230g,250298,$3.20,$1.39 / 100G,https://www.woolworths.com.au/shop/productdetails/250298/valcom-paste-laksa,https://cdn0.woolworths.media/content/wowproductimages/medium/250298.jpg,2020-09-21 17:27:05,,0,,True
3a7b0f7c-3d46-4c36-b91d-52f9375b1b75,Woolworths Supermarket,Pantry,Valcom Paste Pad Thai 240g,250299,$3.20,$1.33 / 100G,https://www.woolworths.com.au/shop/productdetails/250299/valcom-paste-pad-thai,https://cdn0.woolworths.media/content/wowproductimages/medium/250299.jpg,2020-09-21 17:27:05,,0,,True
4a5492e4-c8e1-4861-99a2-677c0c3927e2,Woolworths Supermarket,Pantry,Jeeny's Ingredients Puree Tamarind 220g,250310,,,https://www.woolworths.com.au/shop/productdetails/250310/jeeny-s-ingredients-puree-tamarind,https://cdn0.woolworths.media/content/wowproductimages/medium/250310.jpg,2020-09-21 17:27:05,,0,,False
7a5731ac-0176-45e1-b2f4-a1c7441f07e9,Woolworths Supermarket,Pantry,Kewpie Japanese Mayonnaise 300g,250311,$4.70,$1.57 / 100G,https://www.woolworths.com.au/shop/productdetails/250311/kewpie-japanese-mayonnaise,https://cdn0.woolworths.media/content/wowproductimages/medium/250311.jpg,2020-09-21 17:27:05,,0,,True
32c0ad82-1444-4e53-ab26-0112fbfc7e7a,Woolworths Supermarket,Pantry,Beechworth Pure Honey 1.5kg,250371,$22.00,$1.47 / 100G,https://www.woolworths.com.au/shop/productdetails/250371/beechworth-pure-honey,https://cdn0.woolworths.media/content/wowproductimages/medium/250371.jpg,2020-09-21 17:27:05,,0,,True
06e93610-b14c-41e1-8830-68ca8600f42a,Woolworths Supermarket,Pantry,Archibald's Pure Honey 680g,250402,$10.00,$1.47 / 100G,https://www.woolworths.com.au/shop/productdetails/250402/archibald-s-pure-honey,https://cdn0.woolworths.media/content/wowproductimages/medium/250402.jpg,2020-09-21 17:27:05,,0,,True
f7164b4c-ba1d-4eb7-9de2-e0074d337ee9,Woolworths Supermarket,Pantry,Woolworths Chocolate Fingers Biscuit 200g,250552,$1.65,$0.83 / 100G,https://www.woolworths.com.au/shop/productdetails/250552/woolworths-chocolate-fingers-biscuit,https://cdn0.woolworths.media/content/wowproductimages/medium/250552.jpg,2020-09-21 17:27:05,Average product rating out of 5: 4.4. Product score is based on 385 ratings,385,,True
3fc7fca5-9c7d-4f04-aa9a-903dbb967f10,Woolworths Supermarket,Pantry,Arnott's Shapes Chicken Crimpy 175g,384245,$2.50,$1.43 / 100G,https://www.woolworths.com.au/shop/productdetails/384245/arnott-s-shapes-chicken-crimpy,https://cdn0.woolworths.media/content/wowproductimages/medium/384245.jpg,2020-09-21 17:27:05,,0,,True
7c02f92e-e108-4b3f-bbbd-f41947944a62,Woolworths Supermarket,Pantry,Sunbites Grain Waves Sour Cream & Chives 5 pack,720220,$3.10,$2.82 / 100G,https://www.woolworths.com.au/shop/productdetails/720220/sunbites-grain-waves-sour-cream-chives,https://cdn0.woolworths.media/content/wowproductimages/medium/720220.jpg,2020-09-21 17:27:05,,0,2 for $5.00,True
88fc0682-fb0f-4948-a9b0-3eb71611ed66,Woolworths Supermarket,Pantry,Essentials Raw Sugar 2kg,018174,$2.10,$0.11 / 100G,https://www.woolworths.com.au/shop/productdetails/18174/essentials-raw-sugar,https://cdn0.woolworths.media/content/wowproductimages/medium/018174.jpg,2020-09-21 17:27:05,,0,,True
33e1d525-1ab9-4e6d-8515-6d1888250e08,Woolworths Supermarket,Pantry,Mckenzie's Himalayan Salt Rock Pink 400g,749926,$5.95,$0.15 / 10G,https://www.woolworths.com.au/shop/productdetails/749926/mckenzie-s-himalayan-salt-rock-pink,https://cdn0.woolworths.media/content/wowproductimages/medium/749926.jpg,2020-09-21 17:27:05,,0,,True
8f2bad6a-4cf9-4e1a-a146-348efdb1642f,Woolworths Supermarket,Pantry,Fantastic Rice Crackers Original 100g,035231,$1.50,$1.50 / 100G,https://www.woolworths.com.au/shop/productdetails/35231/fantastic-rice-crackers-original,https://cdn0.woolworths.media/content/wowproductimages/medium/035231.jpg,2020-09-21 17:27:05,,0,,True
62b16f15-65bb-4efa-abe4-a1aef6319581,Woolworths Supermarket,Pantry,Woolworths Diced Italian Tomatoes No Added Salt 400g,770320,$0.80,$2.00 / 1KG,https://www.woolworths.com.au/shop/productdetails/770320/woolworths-diced-italian-tomatoes-no-added-salt,https://cdn0.woolworths.media/content/wowproductimages/medium/770320.jpg,2020-09-21 17:27:05,Average product rating out of 5: 4.7. Product score is based on 311 ratings,311,,True
11381a21-dac3-4ddd-9db9-7b1645648b2f,Woolworths Supermarket,Pantry,Ritz Crackers Original 300g,660562,$2.50,$0.83 / 100G,https://www.woolworths.com.au/shop/productdetails/660562/ritz-crackers-original,https://cdn0.woolworths.media/content/wowproductimages/medium/660562.jpg,2020-09-21 17:27:05,,0,,True
d27c0deb-31c4-4f30-bd39-f9f01e7a83d7,Woolworths Supermarket,Pantry,Arnott's Monte Carlo 250g,036031,$3.00,$1.20 / 100G,https://www.woolworths.com.au/shop/productdetails/36031/arnott-s-monte-carlo,https://cdn0.woolworths.media/content/wowproductimages/medium/036031.jpg,2020-09-21 17:27:05,,0,,True
c0ed493a-2a57-4961-bf22-21275574038a,Woolworths Supermarket,Pantry,Ardmona Tomatoes Diced No Added Salt 400g,226849,$1.40,$3.50 / 1KG,https://www.woolworths.com.au/shop/productdetails/226849/ardmona-tomatoes-diced-no-added-salt,https://cdn0.woolworths.media/content/wowproductimages/medium/226849.jpg,2020-09-21 17:27:05,,0,,True
7350d422-611e-4ed5-b0d1-7273c6510479,Woolworths Supermarket,Pantry,Essentials Pasta Penne 500g,188800,$0.80,$0.16 / 100G,https://www.woolworths.com.au/shop/productdetails/188800/essentials-pasta-penne,https://cdn0.woolworths.media/content/wowproductimages/medium/188800.jpg,2020-09-21 17:27:05,,0,,True
ba17b10a-917c-4987-80bd-309751d681df,Woolworths Supermarket,Pantry,Cadbury Fry's Turkish Delight 55g bar,098390,$1.00,$1.82 / 100G,https://www.woolworths.com.au/shop/productdetails/98390/cadbury-fry-s-turkish-delight,https://cdn0.woolworths.media/content/wowproductimages/medium/098390.jpg,2020-09-21 17:27:05,,0,,True
000869ea-9c4a-429b-a3c2-128e3fa96c52,Woolworths Supermarket,Pantry,Mckenzie's Rice Flour 375g,094275,$1.50,$4.00 / 1KG,https://www.woolworths.com.au/shop/productdetails/94275/mckenzie-s-rice-flour,https://cdn0.woolworths.media/content/wowproductimages/medium/094275.jpg,2020-09-21 17:27:05,,0,,True
ad4b4d57-96ed-4065-9b74-e93ae00357c9,Woolworths Supermarket,Pantry,Heinz Canned Soup Big Red Tomato 420g,034331,$2.20,$0.52 / 100G,https://www.woolworths.com.au/shop/productdetails/34331/heinz-canned-soup-big-red-tomato,https://cdn0.woolworths.media/content/wowproductimages/medium/034331.jpg,2020-09-21 17:27:05,,0,,True
cb4d127e-fa42-4dfc-9d00-9f3d4af662af,Woolworths Supermarket,Pantry,Masterfoods Barbecue Sauce 500ml,099696,$2.50,$0.50 / 100ML,https://www.woolworths.com.au/shop/productdetails/99696/masterfoods-barbecue-sauce,https://cdn0.woolworths.media/content/wowproductimages/medium/099696.jpg,2020-09-21 17:27:05,,0,,True
63cc2b70-729b-4946-affa-24e5c5b28cfb,Woolworths Supermarket,Pantry,Macro Organic Quinoa Tri Colour 500g,717631,$7.00,$1.40 / 100G,https://www.woolworths.com.au/shop/productdetails/717631/macro-organic-quinoa-tri-colour,https://cdn0.woolworths.media/content/wowproductimages/medium/717631.jpg,2020-09-21 17:27:05,Average product rating out of 5: 4.6. Product score is based on 274 ratings,274,Was $9.99 09/01/2017,True
2b2288fb-8c75-444f-b5f3-8f77af6f35d1,Woolworths Supermarket,Pantry,Cadbury Dairy Milk Chocolate Fair Trade 350g,757883,$5.00,$1.43 / 100G,https://www.woolworths.com.au/shop/productdetails/757883/cadbury-dairy-milk-chocolate-fair-trade,https://cdn0.woolworths.media/content/wowproductimages/medium/757883.jpg,2020-09-21 17:27:05,,0,Was $6.30 16/01/2017,True
64bb72e5-e492-4a1b-9ed5-0938080b0af4,Woolworths Supermarket,Pantry,Continental Cup A Soup Creamy Chicken With Lots Of Noodles 2 pack,026649,$2.00,$3.33 / 100G,https://www.woolworths.com.au/shop/productdetails/26649/continental-cup-a-soup-creamy-chicken-with-lots-of-noodles,https://cdn0.woolworths.media/content/wowproductimages/medium/026649.jpg,2020-09-21 17:27:05,,0,,True
d63b7a12-c2ee-4b69-9c31-4338443a8a4b,Woolworths Supermarket,Pantry,Indomie Mi Goreng Instant Noodles 5pk 425g,177972,$2.75,$0.65 / 100G,https://www.woolworths.com.au/shop/productdetails/177972/indomie-mi-goreng-instant-noodles,https://cdn0.woolworths.media/content/wowproductimages/medium/177972.jpg,2020-09-21 17:27:05,,0,,True
8d78e217-3aec-412f-b592-ae7dcfd705e4,Woolworths Supermarket,Pantry,Woolworths Rolled Traditional Oats 750g,321220,$1.40,$0.19 / 100G,https://www.woolworths.com.au/shop/productdetails/321220/woolworths-rolled-traditional-oats,https://cdn0.woolworths.media/content/wowproductimages/medium/321220.jpg,2020-09-21 17:27:05,Average product rating out of 5: 4.6. Product score is based on 748 ratings,748,,True
6791b4c2-c8de-47ff-b340-923b765dfcb4,Woolworths Supermarket,Pantry,Sunbites Grain Waves Sour Cream & Chives 170g,082361,$3.50,$2.06 / 100G,https://www.woolworths.com.au/shop/productdetails/82361/sunbites-grain-waves-sour-cream-chives,https://cdn0.woolworths.media/content/wowproductimages/medium/082361.jpg,2020-09-21 17:27:05,,0,,True
d92b40c6-16c5-487c-8641-5855ae43b0a0,Woolworths Supermarket,Pantry,Woolworths Choccy Caramels 200g,250556,$1.65,$0.83 / 100G,https://www.woolworths.com.au/shop/productdetails/250556/woolworths-choccy-caramels,https://cdn0.woolworths.media/content/wowproductimages/medium/250556.jpg,2020-09-21 17:27:05,Average product rating out of 5: 3.8. Product score is based on 617 ratings,617,,True
fb741c1f-502a-42d4-a986-6c4a11d10a12,Woolworths Supermarket,Pantry,Woolworths Choccy Mints Biscuit 200g,250557,$1.65,$0.83 / 100G,https://www.woolworths.com.au/shop/productdetails/250557/woolworths-choccy-mints-biscuit,https://cdn0.woolworths.media/content/wowproductimages/medium/250557.jpg,2020-09-21 17:27:05,Average product rating out of 5: 4.5. Product score is based on 261 ratings,261,,True
42e69952-c7b5-48d0-8993-b74b301833be,Woolworths Supermarket,Pantry,Woolworths Rocky Road Mallows Biscuits 190g,250559,$2.00,$1.05 / 100G,https://www.woolworths.com.au/shop/productdetails/250559/woolworths-rocky-road-mallows-biscuits,https://cdn0.woolworths.media/content/wowproductimages/medium/250559.jpg,2020-09-21 17:27:05,Average product rating out of 5: 4.4. Product score is based on 1584 ratings,1584,,True
048e5964-fcc5-4b12-acb3-064356ecc9de,Woolworths Supermarket,Pantry,Woolworths Brown Onion Instant Gravy 120g,250673,$1.75,$0.15 / 10G,https://www.woolworths.com.au/shop/productdetails/250673/woolworths-brown-onion-instant-gravy,https://cdn0.woolworths.media/content/wowproductimages/medium/250673.jpg,2020-09-21 17:27:05,Average product rating out of 5: 3.7. Product score is based on 327 ratings,327,,True
f2180d87-4418-40a6-918d-9c6a07eff4bf,Woolworths Supermarket,Pantry,Woolworths Flavoured Instant Gravy Chicken 120g,250675,$1.75,$0.15 / 10G,https://www.woolworths.com.au/shop/productdetails/250675/woolworths-flavoured-instant-gravy-chicken,https://cdn0.woolworths.media/content/wowproductimages/medium/250675.jpg,2020-09-21 17:27:05,Average product rating out of 5: 3.8. Product score is based on 375 ratings,375,,True
86d062b9-e8bb-489e-9a47-116dd9804f5b,Woolworths Supermarket,Pantry,Woolworths Roast Meat Flavoured Instant Gravy 120g,250677,$1.75,$0.15 / 10G,https://www.woolworths.com.au/shop/productdetails/250677/woolworths-roast-meat-flavoured-instant-gravy,https://cdn0.woolworths.media/content/wowproductimages/medium/250677.jpg,2020-09-21 17:27:05,Average product rating out of 5: 3.7. Product score is based on 433 ratings,433,,True
743246e0-65a4-4f87-9c7d-9bd575f3adaf,Woolworths Supermarket,Pantry,Woolworths Gravy Mix Traditional 120g,250679,$1.75,$0.15 / 10G,https://www.woolworths.com.au/shop/productdetails/250679/woolworths-gravy-mix-traditional,https://cdn0.woolworths.media/content/wowproductimages/medium/250679.jpg,2020-09-21 17:27:05,Average product rating out of 5: 3.8. Product score is based on 469 ratings,469,,True
7a4619dd-d35c-4ef2-8e98-b14cfd425fd8,Woolworths Supermarket,Pantry,Woolworths Unsalted Cashews 200g,250812,$5.50,$27.50 / 1KG,https://www.woolworths.com.au/shop/productdetails/250812/woolworths-unsalted-cashews,https://cdn0.woolworths.media/content/wowproductimages/medium/250812.jpg,2020-09-21 17:27:05,Average product rating out of 5: 4.6. Product score is based on 407 ratings,407,,True
f32ca43e-af2d-44b8-bfaa-0bfe9581defb,Woolworths Supermarket,Pantry,Leggos Passata Sauce Italian Herbs 700g,250962,$3.20,$0.46 / 100G,https://www.woolworths.com.au/shop/productdetails/250962/leggos-passata-sauce-italian-herbs,https://cdn0.woolworths.media/content/wowproductimages/medium/250962.jpg,2020-09-21 17:27:05,,0,,True
a01125c5-df84-4a1f-a06c-c452cc2dd967,Woolworths Supermarket,Pantry,Woolworths All Spice Ground 30g,250979,$2.00,$0.67 / 10G,https://www.woolworths.com.au/shop/productdetails/250979/woolworths-all-spice-ground,https://cdn0.woolworths.media/content/wowproductimages/medium/250979.jpg,2020-09-21 17:27:05,Average product rating out of 5: 4.4. Product score is based on 179 ratings,179,,True
2a9a17ac-a5eb-4e54-a8b3-7e0e183bea6e,Woolworths Supermarket,Pantry,Woolworths Basil Leaves 10g,250981,$1.50,$1.50 / 10G,https://www.woolworths.com.au/shop/productdetails/250981/woolworths-basil-leaves,https://cdn0.woolworths.media/content/wowproductimages/medium/250981.jpg,2020-09-21 17:27:05,Average product rating out of 5: 4.6. Product score is based on 162 ratings,162,,True
cea3ad50-f74f-4353-a6b0-d0476d639d10,Woolworths Supermarket,Pantry,Woolworths Cajun Seasoning 35g,250988,$2.00,$0.57 / 10G,https://www.woolworths.com.au/shop/productdetails/250988/woolworths-cajun-seasoning,https://cdn0.woolworths.media/content/wowproductimages/medium/250988.jpg,2020-09-21 17:27:05,,0,,True
fcffbf0a-3588-47e0-9abd-d3c016482a11,Woolworths Supermarket,Pantry,Woolworths Ground Cardamom 24g,250990,$2.70,$1.13 / 10G,https://www.woolworths.com.au/shop/productdetails/250990/woolworths-ground-cardamom,https://cdn0.woolworths.media/content/wowproductimages/medium/250990.jpg,2020-09-21 17:27:05,,0,,True
49a38470-cdb2-45d5-928f-cf49f0a44233,Woolworths Supermarket,Pantry,Woolworths Cayenne Pepper 30g,250992,$2.60,$0.87 / 10G,https://www.woolworths.com.au/shop/productdetails/250992/woolworths-cayenne-pepper,https://cdn0.woolworths.media/content/wowproductimages/medium/250992.jpg,2020-09-21 17:27:05,Average product rating out of 5: 4.5. Product score is based on 175 ratings,175,,True
f6bbb1b4-655b-4bb7-bf48-f53ecefc4276,Woolworths Supermarket,Pantry,Woolworths Chilli Flakes 23g,250994,$1.70,$0.74 / 10G,https://www.woolworths.com.au/shop/productdetails/250994/woolworths-chilli-flakes,https://cdn0.woolworths.media/content/wowproductimages/medium/250994.jpg,2020-09-21 17:27:05,Average product rating out of 5: 4.5. Product score is based on 604 ratings,604,,True
d71b735d-edbb-448b-b1e2-8393b0c16b6d,Woolworths Supermarket,Pantry,Woolworths Chilli Ground 30g,250995,$2.20,$0.73 / 10G,https://www.woolworths.com.au/shop/productdetails/250995/woolworths-chilli-ground,https://cdn0.woolworths.media/content/wowproductimages/medium/250995.jpg,2020-09-21 17:27:05,Average product rating out of 5: 4.6. Product score is based on 406 ratings,406,,True
8288652b-4000-4df5-8482-b958aee67ac4,Woolworths Supermarket,Pantry,Woolworths Cinnamon Ground 32g,251000,$1.70,$0.53 / 10G,https://www.woolworths.com.au/shop/productdetails/251000/woolworths-cinnamon-ground,https://cdn0.woolworths.media/content/wowproductimages/medium/251000.jpg,2020-09-21 17:27:05,Average product rating out of 5: 4.7. Product score is based on 285 ratings,285,,True
b3909f56-abac-47aa-bc34-d3c809fdefb6,Woolworths Supermarket,Pantry,Woolworths Cinnamon Sugar 60g,251001,$1.50,$0.25 / 10G,https://www.woolworths.com.au/shop/productdetails/251001/woolworths-cinnamon-sugar,https://cdn0.woolworths.media/content/wowproductimages/medium/251001.jpg,2020-09-21 17:27:05,Average product rating out of 5: 4.6. Product score is based on 100 ratings,100,,True
5bd7e536-d49c-4d8d-b67f-3a09dc9bde13,Woolworths Supermarket,Pantry,Woolworths Cloves Ground 30g,251002,$3.20,$1.07 / 10G,https://www.woolworths.com.au/shop/productdetails/251002/woolworths-cloves-ground,https://cdn0.woolworths.media/content/wowproductimages/medium/251002.jpg,2020-09-21 17:27:05,,0,,True
e70fd0db-b7d5-4430-b5a6-94630b01afa4,Woolworths Supermarket,Pantry,Woolworths Coriander Leaves Leaves 5g,251004,$2.50,$5.00 / 10G,https://www.woolworths.com.au/shop/productdetails/251004/woolworths-coriander-leaves-leaves,https://cdn0.woolworths.media/content/wowproductimages/medium/251004.jpg,2020-09-21 17:27:05,Average product rating out of 5: 4.1. Product score is based on 552 ratings,552,,True
22ad80cf-d647-420e-aaa4-1f336872f1b8,Woolworths Supermarket,Pantry,Woolworths Coriander Seeds Ground 20g,251005,$1.40,$0.70 / 10G,https://www.woolworths.com.au/shop/productdetails/251005/woolworths-coriander-seeds-ground,https://cdn0.woolworths.media/content/wowproductimages/medium/251005.jpg,2020-09-21 17:27:05,Average product rating out of 5: 4.3. Product score is based on 568 ratings,568,,True
d527ee83-4b0d-4b04-af5c-3d0ac3a1b986,Woolworths Supermarket,Pantry,Woolworths Cumin Ground Ground 30g,251007,$1.90,$0.63 / 10G,https://www.woolworths.com.au/shop/productdetails/251007/woolworths-cumin-ground-ground,https://cdn0.woolworths.media/content/wowproductimages/medium/251007.jpg,2020-09-21 17:27:05,Average product rating out of 5: 4.6. Product score is based on 317 ratings,317,,True
5c4bb7a8-bfca-480b-ac66-72abcbf69609,Woolworths Supermarket,Pantry,Woolworths Dill 10g,251009,$2.10,$2.10 / 10G,https://www.woolworths.com.au/shop/productdetails/251009/woolworths-dill,https://cdn0.woolworths.media/content/wowproductimages/medium/251009.jpg,2020-09-21 17:27:05,Average product rating out of 5: 4.4. Product score is based on 94 ratings,94,,True
06face1b-7a4c-496a-bfbc-c98baa3cc4ca,Woolworths Supermarket,Pantry,Woolworths Fennel Seed Whole 26g,251011,$2.35,$0.90 / 10G,https://www.woolworths.com.au/shop/productdetails/251011/woolworths-fennel-seed-whole,https://cdn0.woolworths.media/content/wowproductimages/medium/251011.jpg,2020-09-21 17:27:05,Average product rating out of 5: 4.4. Product score is based on 363 ratings,363,,True
66142569-2249-45d7-8954-c2155cd35ef5,Woolworths Supermarket,Pantry,Arnott's Shapes Chicken Crimpy 175g,384245,$2.50,$1.43 / 100G,https://www.woolworths.com.au/shop/productdetails/384245/arnott-s-shapes-chicken-crimpy,https://cdn0.woolworths.media/content/wowproductimages/medium/384245.jpg,2020-09-21 17:27:05,,0,,True
17c6bd48-3e0f-4564-8da0-6d27ad1dcdc7,Woolworths Supermarket,Pantry,Woolworths Diced Italian Tomatoes No Added Salt 400g,770320,$0.80,$2.00 / 1KG,https://www.woolworths.com.au/shop/productdetails/770320/woolworths-diced-italian-tomatoes-no-added-salt,https://cdn0.woolworths.media/content/wowproductimages/medium/770320.jpg,2020-09-21 17:27:05,Average product rating out of 5: 4.7. Product score is based on 311 ratings,311,,True
c466ea47-2fae-474d-9efd-96dcb9ddec0a,Woolworths Supermarket,Pantry,Cadbury Dairy Milk Chocolate Fair Trade 350g,757883,$5.00,$1.43 / 100G,https://www.woolworths.com.au/shop/productdetails/757883/cadbury-dairy-milk-chocolate-fair-trade,https://cdn0.woolworths.media/content/wowproductimages/medium/757883.jpg,2020-09-21 17:27:05,,0,Was $6.30 16/01/2017,True
7b074531-2888-4e3d-a776-a131a4735713,Woolworths Supermarket,Pantry,Essentials Raw Sugar 2kg,018174,$2.10,$0.11 / 100G,https://www.woolworths.com.au/shop/productdetails/18174/essentials-raw-sugar,https://cdn0.woolworths.media/content/wowproductimages/medium/018174.jpg,2020-09-21 17:27:05,,0,,True
9853ce2a-7e9b-4065-973a-f188a167a35b,Woolworths Supermarket,Pantry,Mckenzie's Himalayan Salt Rock Pink 400g,749926,$5.95,$0.15 / 10G,https://www.woolworths.com.au/shop/productdetails/749926/mckenzie-s-himalayan-salt-rock-pink,https://cdn0.woolworths.media/content/wowproductimages/medium/749926.jpg,2020-09-21 17:27:05,,0,,True
51ad4312-eb20-4c01-b91b-bdbd5582584b,Woolworths Supermarket,Pantry,Sunbites Grain Waves Sour Cream & Chives 5 pack,720220,$3.10,$2.82 / 100G,https://www.woolworths.com.au/shop/productdetails/720220/sunbites-grain-waves-sour-cream-chives,https://cdn0.woolworths.media/content/wowproductimages/medium/720220.jpg,2020-09-21 17:27:05,,0,2 for $5.00,True
dc3f7d61-bd80-4733-8e1b-36fd72f3c714,Woolworths Supermarket,Pantry,Ritz Crackers Original 300g,660562,$2.50,$0.83 / 100G,https://www.woolworths.com.au/shop/productdetails/660562/ritz-crackers-original,https://cdn0.woolworths.media/content/wowproductimages/medium/660562.jpg,2020-09-21 17:27:05,,0,,True
a7b11928-a889-4bb5-9062-558dd459efd2,Woolworths Supermarket,Pantry,Masterfoods Barbecue Sauce 500ml,099696,$2.50,$0.50 / 100ML,https://www.woolworths.com.au/shop/productdetails/99696/masterfoods-barbecue-sauce,https://cdn0.woolworths.media/content/wowproductimages/medium/099696.jpg,2020-09-21 17:27:05,,0,,True
a27f90f0-40f9-4f93-9c37-765911ec5777,Woolworths Supermarket,Pantry,Ardmona Tomatoes Diced No Added Salt 400g,226849,$1.40,$3.50 / 1KG,https://www.woolworths.com.au/shop/productdetails/226849/ardmona-tomatoes-diced-no-added-salt,https://cdn0.woolworths.media/content/wowproductimages/medium/226849.jpg,2020-09-21 17:27:05,,0,,True
d0653954-75e1-40ad-b5ab-6804387918dc,Woolworths Supermarket,Pantry,Continental Cup A Soup Creamy Chicken With Lots Of Noodles 2 pack,026649,$2.00,$3.33 / 100G,https://www.woolworths.com.au/shop/productdetails/26649/continental-cup-a-soup-creamy-chicken-with-lots-of-noodles,https://cdn0.woolworths.media/content/wowproductimages/medium/026649.jpg,2020-09-21 17:27:05,,0,,True
94b768c3-8fc0-4ee7-9d7b-17f2e57b4db0,Woolworths Supermarket,Pantry,Woolworths Rolled Traditional Oats 750g,321220,$1.40,$0.19 / 100G,https://www.woolworths.com.au/shop/productdetails/321220/woolworths-rolled-traditional-oats,https://cdn0.woolworths.media/content/wowproductimages/medium/321220.jpg,2020-09-21 17:27:05,Average product rating out of 5: 4.6. Product score is based on 748 ratings,748,,True
6e5431f1-750f-47f7-b0b6-686981bdb0de,Woolworths Supermarket,Pantry,Essentials Pasta Penne 500g,188800,$0.80,$0.16 / 100G,https://www.woolworths.com.au/shop/productdetails/188800/essentials-pasta-penne,https://cdn0.woolworths.media/content/wowproductimages/medium/188800.jpg,2020-09-21 17:27:05,,0,,True
ae143b61-cfe1-4f94-bfc5-5c080fa88f20,Woolworths Supermarket,Pantry,Cadbury Fry's Turkish Delight 55g bar,098390,$1.00,$1.82 / 100G,https://www.woolworths.com.au/shop/productdetails/98390/cadbury-fry-s-turkish-delight,https://cdn0.woolworths.media/content/wowproductimages/medium/098390.jpg,2020-09-21 17:27:05,,0,,True
1ce86db8-1e4e-423c-9439-2baf560d5fa9,Woolworths Supermarket,Pantry,Arnott's Monte Carlo 250g,036031,$3.00,$1.20 / 100G,https://www.woolworths.com.au/shop/productdetails/36031/arnott-s-monte-carlo,https://cdn0.woolworths.media/content/wowproductimages/medium/036031.jpg,2020-09-21 17:27:05,,0,,True
454fac41-b027-40e2-961f-ef2cc19fb69e,Woolworths Supermarket,Pantry,Heinz Canned Soup Big Red Tomato 420g,034331,$2.20,$0.52 / 100G,https://www.woolworths.com.au/shop/productdetails/34331/heinz-canned-soup-big-red-tomato,https://cdn0.woolworths.media/content/wowproductimages/medium/034331.jpg,2020-09-21 17:27:05,,0,,True
cfcf008f-a9c8-4065-9b61-bbf133457589,Woolworths Supermarket,Pantry,Mckenzie's Rice Flour 375g,094275,$1.50,$4.00 / 1KG,https://www.woolworths.com.au/shop/productdetails/94275/mckenzie-s-rice-flour,https://cdn0.woolworths.media/content/wowproductimages/medium/094275.jpg,2020-09-21 17:27:05,,0,,True
799e57f4-ef6b-43e6-ab08-292aa08f2221,Woolworths Supermarket,Pantry,Macro Organic Quinoa Tri Colour 500g,717631,$7.00,$1.40 / 100G,https://www.woolworths.com.au/shop/productdetails/717631/macro-organic-quinoa-tri-colour,https://cdn0.woolworths.media/content/wowproductimages/medium/717631.jpg,2020-09-21 17:27:05,Average product rating out of 5: 4.6. Product score is based on 274 ratings,274,Was $9.99 09/01/2017,True
4ba797e3-e5ac-4a5c-bade-b90576663dc0,Woolworths Supermarket,Pantry,Fantastic Rice Crackers Original 100g,035231,$1.50,$1.50 / 100G,https://www.woolworths.com.au/shop/productdetails/35231/fantastic-rice-crackers-original,https://cdn0.woolworths.media/content/wowproductimages/medium/035231.jpg,2020-09-21 17:27:05,,0,,True
5ad4e5ae-4a4f-444c-905d-85a1f82a919e,Woolworths Supermarket,Pantry,Indomie Mi Goreng Instant Noodles 5pk 425g,177972,$2.75,$0.65 / 100G,https://www.woolworths.com.au/shop/productdetails/177972/indomie-mi-goreng-instant-noodles,https://cdn0.woolworths.media/content/wowproductimages/medium/177972.jpg,2020-09-21 17:27:05,,0,,True
d19d3f7d-eea1-4777-9925-5b019501b566,Woolworths Supermarket,Pantry,Sunbites Grain Waves Sour Cream & Chives 170g,082361,$3.50,$2.06 / 100G,https://www.woolworths.com.au/shop/productdetails/82361/sunbites-grain-waves-sour-cream-chives,https://cdn0.woolworths.media/content/wowproductimages/medium/082361.jpg,2020-09-21 17:27:05,,0,,True
15d24534-1062-4669-94eb-c3ddd59b80cb,Woolworths Supermarket,Pantry,Woolworths Garam Masala 29g,251013,$2.15,$0.74 / 10G,https://www.woolworths.com.au/shop/productdetails/251013/woolworths-garam-masala,https://cdn0.woolworths.media/content/wowproductimages/medium/251013.jpg,2020-09-21 17:27:05,Average product rating out of 5: 4.4. Product score is based on 249 ratings,249,,True
1aa79bf1-ea7e-4428-9c09-4f6b45d8de88,Woolworths Supermarket,Pantry,Woolworths Garlic Granules 45g,251014,$2.00,$0.44 / 10G,https://www.woolworths.com.au/shop/productdetails/251014/woolworths-garlic-granules,https://cdn0.woolworths.media/content/wowproductimages/medium/251014.jpg,2020-09-21 17:27:05,,0,,True
aa6bcb86-ff10-4e7d-b06a-462b3b2ae175,Woolworths Supermarket,Pantry,Woolworths Garlic Powder 50g,251020,$2.00,$0.40 / 10G,https://www.woolworths.com.au/shop/productdetails/251020/woolworths-garlic-powder,https://cdn0.woolworths.media/content/wowproductimages/medium/251020.jpg,2020-09-21 17:27:05,Average product rating out of 5: 4.4. Product score is based on 506 ratings,506,,True
29124b96-9992-483d-914d-27a7aede7665,Woolworths Supermarket,Pantry,Woolworths Ginger Ground 25g,251024,$1.85,$0.74 / 10G,https://www.woolworths.com.au/shop/productdetails/251024/woolworths-ginger-ground,https://cdn0.woolworths.media/content/wowproductimages/medium/251024.jpg,2020-09-21 17:27:05,Average product rating out of 5: 4.5. Product score is based on 365 ratings,365,,True
229d7c1e-fb5d-4bd8-ba85-d5973b5cebba,Woolworths Supermarket,Pantry,Mckenzie's Coconut Moist Flakes 225g,251036,$3.30,$14.67 / 1KG,https://www.woolworths.com.au/shop/productdetails/251036/mckenzie-s-coconut-moist-flakes,https://cdn0.woolworths.media/content/wowproductimages/medium/251036.jpg,2020-09-21 17:27:05,,0,,True
7a483e77-952a-469a-9081-e56a0659363d,Woolworths Supermarket,Pantry,Woolworths Italian Dried Herbs 10g,251075,$1.90,$1.90 / 10G,https://www.woolworths.com.au/shop/productdetails/251075/woolworths-italian-dried-herbs,https://cdn0.woolworths.media/content/wowproductimages/medium/251075.jpg,2020-09-21 17:27:05,Average product rating out of 5: 4.5. Product score is based on 201 ratings,201,,True
9b0f4c38-849c-4e30-a97e-627d8d48d96f,Woolworths Supermarket,Pantry,Woolworths Mint Flakes 7g,251082,$1.55,$2.21 / 10G,https://www.woolworths.com.au/shop/productdetails/251082/woolworths-mint-flakes,https://cdn0.woolworths.media/content/wowproductimages/medium/251082.jpg,2020-09-21 17:27:05,Average product rating out of 5: 4.4. Product score is based on 43 ratings,43,,True
ac403758-0b6e-46d3-bd89-2e6c1efe1de9,Woolworths Supermarket,Pantry,Woolworths Mixed Herbs Dried 12g,251120,$2.39,$1.99 / 10G,https://www.woolworths.com.au/shop/productdetails/251120/woolworths-mixed-herbs-dried,https://cdn0.woolworths.media/content/wowproductimages/medium/251120.jpg,2020-09-21 17:27:05,,0,,True
1a9f4126-5c5f-4e56-85e1-1ddb53d21244,Woolworths Supermarket,Pantry,Woolworths Seasoning Moroccan 52g,251122,$2.60,$0.50 / 10G,https://www.woolworths.com.au/shop/productdetails/251122/woolworths-seasoning-moroccan,https://cdn0.woolworths.media/content/wowproductimages/medium/251122.jpg,2020-09-21 17:27:05,Average product rating out of 5: 4.5. Product score is based on 392 ratings,392,,True
9d6191a0-4abf-4dbd-a851-55b050f82c43,Woolworths Supermarket,Pantry,Woolworths Nutmeg Ground 30g,251123,$2.30,$0.77 / 10G,https://www.woolworths.com.au/shop/productdetails/251123/woolworths-nutmeg-ground,https://cdn0.woolworths.media/content/wowproductimages/medium/251123.jpg,2020-09-21 17:27:05,Average product rating out of 5: 4.6. Product score is based on 277 ratings,277,,True
c4bca536-e6d7-4a1b-9624-f58f61f31080,Woolworths Supermarket,Pantry,Woolworths Oregano Leaves 10g,251127,$1.80,$1.80 / 10G,https://www.woolworths.com.au/shop/productdetails/251127/woolworths-oregano-leaves,https://cdn0.woolworths.media/content/wowproductimages/medium/251127.jpg,2020-09-21 17:27:05,Average product rating out of 5: 4.6. Product score is based on 352 ratings,352,,True
020abe5f-6ead-48b3-96e3-320710311e99,Woolworths Supermarket,Pantry,Woolworths Paprika Ground 30g,251130,$1.60,$0.53 / 10G,https://www.woolworths.com.au/shop/productdetails/251130/woolworths-paprika-ground,https://cdn0.woolworths.media/content/wowproductimages/medium/251130.jpg,2020-09-21 17:27:05,Average product rating out of 5: 4.6. Product score is based on 622 ratings,622,,True
62578751-c81f-487c-aa79-c52026129786,Woolworths Supermarket,Pantry,Woolworths Paprika Smoked 30g,251131,$2.00,$0.67 / 10G,https://www.woolworths.com.au/shop/productdetails/251131/woolworths-paprika-smoked,https://cdn0.woolworths.media/content/wowproductimages/medium/251131.jpg,2020-09-21 17:27:05,Average product rating out of 5: 4.5. Product score is based on 567 ratings,567,,True
0bfd8a1e-f982-416b-bf64-3db40bc894f9,Woolworths Supermarket,Pantry,Woolworths Parsley Flakes 5g,251132,$1.15,$2.30 / 10G,https://www.woolworths.com.au/shop/productdetails/251132/woolworths-parsley-flakes,https://cdn0.woolworths.media/content/wowproductimages/medium/251132.jpg,2020-09-21 17:27:05,Average product rating out of 5: 4.3. Product score is based on 390 ratings,390,,True
74a34436-b91c-4b63-bb58-eea7ae62be4b,Woolworths Supermarket,Pantry,Woolworths Rosemary Leaves 18g,251141,$1.25,$0.69 / 10G,https://www.woolworths.com.au/shop/productdetails/251141/woolworths-rosemary-leaves,https://cdn0.woolworths.media/content/wowproductimages/medium/251141.jpg,2020-09-21 17:27:05,Average product rating out of 5: 4.5. Product score is based on 879 ratings,879,,True
f2434399-98b4-4e85-a249-6b4e081964af,Woolworths Supermarket,Pantry,Essentials Bicarbonate Soda 500g,251189,$1.80,$0.36 / 100G,https://www.woolworths.com.au/shop/productdetails/251189/essentials-bicarbonate-soda,https://cdn0.woolworths.media/content/wowproductimages/medium/251189.jpg,2020-09-21 17:27:05,Average product rating out of 5: 4.7. Product score is based on 202 ratings,202,,True
5bda8030-a69b-4390-acfd-0fc689cff50d,Woolworths Supermarket,Pantry,Woolworths Sumac Ground 40g,251222,$2.80,$0.70 / 10G,https://www.woolworths.com.au/shop/productdetails/251222/woolworths-sumac-ground,https://cdn0.woolworths.media/content/wowproductimages/medium/251222.jpg,2020-09-21 17:27:05,Average product rating out of 5: 4.0. Product score is based on 246 ratings,246,,True
ac3f9224-dc1b-40fd-bdee-d9e89bf1f832,Woolworths Supermarket,Pantry,Woolworths Thyme Leaves 12g,251228,$1.65,$1.38 / 10G,https://www.woolworths.com.au/shop/productdetails/251228/woolworths-thyme-leaves,https://cdn0.woolworths.media/content/wowproductimages/medium/251228.jpg,2020-09-21 17:27:05,Average product rating out of 5: 4.6. Product score is based on 645 ratings,645,,True
5d7243b7-a559-4460-8293-cb85f2e3880c,Woolworths Supermarket,Pantry,Woolworths Turmeric Ground Ground 30g,251230,$1.60,$0.53 / 10G,https://www.woolworths.com.au/shop/productdetails/251230/woolworths-turmeric-ground-ground,https://cdn0.woolworths.media/content/wowproductimages/medium/251230.jpg,2020-09-21 17:27:05,Average product rating out of 5: 4.6. Product score is based on 658 ratings,658,,True
392cbbb5-ba2a-4b27-9ea8-695c851c8fd0,Woolworths Supermarket,Pantry,Woolworths Pure Honey 400g,251356,$5.70,$1.43 / 100G,https://www.woolworths.com.au/shop/productdetails/251356/woolworths-pure-honey,https://cdn0.woolworths.media/content/wowproductimages/medium/251356.jpg,2020-09-21 17:27:05,Average product rating out of 5: 4.6. Product score is based on 452 ratings,452,,True
468986fe-c107-4527-8d0f-a3210d56f6c7,Woolworths Supermarket,Pantry,Old El Paso Hard N Soft Taco Kit 350g,251433,$7.00,$2.00 / 100G,https://www.woolworths.com.au/shop/productdetails/251433/old-el-paso-hard-n-soft-taco-kit,https://cdn0.woolworths.media/content/wowproductimages/medium/251433.jpg,2020-09-21 17:27:05,,0,,True
a737b3a5-b3bd-4db6-a4b0-2060c9d93bff,Woolworths Supermarket,Pantry,Woolworths Dressing 99% Fat Free Italian 300ml,251526,$1.80,$0.60 / 100ML,https://www.woolworths.com.au/shop/productdetails/251526/woolworths-dressing-99-fat-free-italian,https://cdn0.woolworths.media/content/wowproductimages/medium/251526.jpg,2020-09-21 17:27:05,Average product rating out of 5: 4.0. Product score is based on 274 ratings,274,,True
68888c82-7aa7-4bef-8ee7-37915c616bf4,Woolworths Supermarket,Pantry,Woolworths Dressing 99% Fat Free Italian Balsamic 300ml,251527,$1.80,$0.60 / 100ML,https://www.woolworths.com.au/shop/productdetails/251527/woolworths-dressing-99-fat-free-italian-balsamic,https://cdn0.woolworths.media/content/wowproductimages/medium/251527.jpg,2020-09-21 17:27:05,Average product rating out of 5: 4.1. Product score is based on 291 ratings,291,,True
99412c6c-bd4c-44a6-9bec-a06066ed9283,Woolworths Supermarket,Pantry,Woolworths Dressing 99% Free French 300ml,251528,$1.80,$0.60 / 100ML,https://www.woolworths.com.au/shop/productdetails/251528/woolworths-dressing-99-free-french,https://cdn0.woolworths.media/content/wowproductimages/medium/251528.jpg,2020-09-21 17:27:05,Average product rating out of 5: 4.2. Product score is based on 249 ratings,249,,True
a31b02ec-fbf1-4b1a-a499-a0852dd9815b,Woolworths Supermarket,Pantry,Arnott's Shapes Chicken Crimpy 175g,384245,$2.50,$1.43 / 100G,https://www.woolworths.com.au/shop/productdetails/384245/arnott-s-shapes-chicken-crimpy,https://cdn0.woolworths.media/content/wowproductimages/medium/384245.jpg,2020-09-21 17:27:05,,0,,True
c242fa3b-b6af-45ac-8a31-283b74c48ead,Woolworths Supermarket,Pantry,Sunbites Grain Waves Sour Cream & Chives 5 pack,720220,$3.10,$2.82 / 100G,https://www.woolworths.com.au/shop/productdetails/720220/sunbites-grain-waves-sour-cream-chives,https://cdn0.woolworths.media/content/wowproductimages/medium/720220.jpg,2020-09-21 17:27:05,,0,2 for $5.00,True
3767646b-13ee-43c3-9816-a088943fbd72,Woolworths Supermarket,Pantry,Indomie Mi Goreng Instant Noodles 5pk 425g,177972,$2.75,$0.65 / 100G,https://www.woolworths.com.au/shop/productdetails/177972/indomie-mi-goreng-instant-noodles,https://cdn0.woolworths.media/content/wowproductimages/medium/177972.jpg,2020-09-21 17:27:05,,0,,True
36b6cdbf-f29d-4358-8839-67e13caab7fa,Woolworths Supermarket,Pantry,Fantastic Rice Crackers Original 100g,035231,$1.50,$1.50 / 100G,https://www.woolworths.com.au/shop/productdetails/35231/fantastic-rice-crackers-original,https://cdn0.woolworths.media/content/wowproductimages/medium/035231.jpg,2020-09-21 17:27:05,,0,,True
7db945ba-0dfc-4df3-9432-08025d8c4445,Woolworths Supermarket,Pantry,Cadbury Dairy Milk Chocolate Fair Trade 350g,757883,$5.00,$1.43 / 100G,https://www.woolworths.com.au/shop/productdetails/757883/cadbury-dairy-milk-chocolate-fair-trade,https://cdn0.woolworths.media/content/wowproductimages/medium/757883.jpg,2020-09-21 17:27:05,,0,Was $6.30 16/01/2017,True
63d555a7-7788-4c66-a2ac-a4bc5a9c42a5,Woolworths Supermarket,Pantry,Masterfoods Barbecue Sauce 500ml,099696,$2.50,$0.50 / 100ML,https://www.woolworths.com.au/shop/productdetails/99696/masterfoods-barbecue-sauce,https://cdn0.woolworths.media/content/wowproductimages/medium/099696.jpg,2020-09-21 17:27:05,,0,,True
960af604-74b8-427d-90bd-d25402b2f7c7,Woolworths Supermarket,Pantry,Cadbury Fry's Turkish Delight 55g bar,098390,$1.00,$1.82 / 100G,https://www.woolworths.com.au/shop/productdetails/98390/cadbury-fry-s-turkish-delight,https://cdn0.woolworths.media/content/wowproductimages/medium/098390.jpg,2020-09-21 17:27:05,,0,,True
2077d707-e4a6-4991-a33c-f37198a24ae2,Woolworths Supermarket,Pantry,Continental Cup A Soup Creamy Chicken With Lots Of Noodles 2 pack,026649,$2.00,$3.33 / 100G,https://www.woolworths.com.au/shop/productdetails/26649/continental-cup-a-soup-creamy-chicken-with-lots-of-noodles,https://cdn0.woolworths.media/content/wowproductimages/medium/026649.jpg,2020-09-21 17:27:05,,0,,True
61fec685-cd06-4d1e-8163-a80bde53400b,Woolworths Supermarket,Pantry,Macro Organic Quinoa Tri Colour 500g,717631,$7.00,$1.40 / 100G,https://www.woolworths.com.au/shop/productdetails/717631/macro-organic-quinoa-tri-colour,https://cdn0.woolworths.media/content/wowproductimages/medium/717631.jpg,2020-09-21 17:27:05,Average product rating out of 5: 4.6. Product score is based on 274 ratings,274,Was $9.99 09/01/2017,True
89fee3b0-7399-4185-878e-42eed4849b96,Woolworths Supermarket,Pantry,Essentials Pasta Penne 500g,188800,$0.80,$0.16 / 100G,https://www.woolworths.com.au/shop/productdetails/188800/essentials-pasta-penne,https://cdn0.woolworths.media/content/wowproductimages/medium/188800.jpg,2020-09-21 17:27:05,,0,,True
33118b88-c617-4686-be7b-77daea029b95,Woolworths Supermarket,Pantry,Ritz Crackers Original 300g,660562,$2.50,$0.83 / 100G,https://www.woolworths.com.au/shop/productdetails/660562/ritz-crackers-original,https://cdn0.woolworths.media/content/wowproductimages/medium/660562.jpg,2020-09-21 17:27:05,,0,,True
04c1d615-25d5-4468-83fc-99902140863e,Woolworths Supermarket,Pantry,Mckenzie's Himalayan Salt Rock Pink 400g,749926,$5.95,$0.15 / 10G,https://www.woolworths.com.au/shop/productdetails/749926/mckenzie-s-himalayan-salt-rock-pink,https://cdn0.woolworths.media/content/wowproductimages/medium/749926.jpg,2020-09-21 17:27:05,,0,,True
58ecd1ac-ffc2-4661-a6cf-31f7596d727d,Woolworths Supermarket,Pantry,Ardmona Tomatoes Diced No Added Salt 400g,226849,$1.40,$3.50 / 1KG,https://www.woolworths.com.au/shop/productdetails/226849/ardmona-tomatoes-diced-no-added-salt,https://cdn0.woolworths.media/content/wowproductimages/medium/226849.jpg,2020-09-21 17:27:05,,0,,True
9c6b5bed-2995-4d29-a1b9-ff14b5694fbd,Woolworths Supermarket,Pantry,Heinz Canned Soup Big Red Tomato 420g,034331,$2.20,$0.52 / 100G,https://www.woolworths.com.au/shop/productdetails/34331/heinz-canned-soup-big-red-tomato,https://cdn0.woolworths.media/content/wowproductimages/medium/034331.jpg,2020-09-21 17:27:05,,0,,True
407741bf-bdfc-42c4-a163-08a0bfff57a3,Woolworths Supermarket,Pantry,Woolworths Rolled Traditional Oats 750g,321220,$1.40,$0.19 / 100G,https://www.woolworths.com.au/shop/productdetails/321220/woolworths-rolled-traditional-oats,https://cdn0.woolworths.media/content/wowproductimages/medium/321220.jpg,2020-09-21 17:27:05,Average product rating out of 5: 4.6. Product score is based on 748 ratings,748,,True
c871b7dd-a67c-4b7e-afef-c3548bdb0c63,Woolworths Supermarket,Pantry,Mckenzie's Rice Flour 375g,094275,$1.50,$4.00 / 1KG,https://www.woolworths.com.au/shop/productdetails/94275/mckenzie-s-rice-flour,https://cdn0.woolworths.media/content/wowproductimages/medium/094275.jpg,2020-09-21 17:27:05,,0,,True
9802acff-cb51-4403-ac06-bd458856c9b0,Woolworths Supermarket,Pantry,Essentials Raw Sugar 2kg,018174,$2.10,$0.11 / 100G,https://www.woolworths.com.au/shop/productdetails/18174/essentials-raw-sugar,https://cdn0.woolworths.media/content/wowproductimages/medium/018174.jpg,2020-09-21 17:27:05,,0,,True
5f28faf4-98bd-4cbe-9c9a-2ce98b2bfcce,Woolworths Supermarket,Pantry,Woolworths Diced Italian Tomatoes No Added Salt 400g,770320,$0.80,$2.00 / 1KG,https://www.woolworths.com.au/shop/productdetails/770320/woolworths-diced-italian-tomatoes-no-added-salt,https://cdn0.woolworths.media/content/wowproductimages/medium/770320.jpg,2020-09-21 17:27:05,Average product rating out of 5: 4.7. Product score is based on 311 ratings,311,,True
bbd11b30-ba32-4957-8f11-6b80e483a1c1,Woolworths Supermarket,Pantry,Arnott's Monte Carlo 250g,036031,$3.00,$1.20 / 100G,https://www.woolworths.com.au/shop/productdetails/36031/arnott-s-monte-carlo,https://cdn0.woolworths.media/content/wowproductimages/medium/036031.jpg,2020-09-21 17:27:05,,0,,True
174babd1-92a4-43ff-8c42-a8ba917e081a,Woolworths Supermarket,Pantry,Sunbites Grain Waves Sour Cream & Chives 170g,082361,$3.50,$2.06 / 100G,https://www.woolworths.com.au/shop/productdetails/82361/sunbites-grain-waves-sour-cream-chives,https://cdn0.woolworths.media/content/wowproductimages/medium/082361.jpg,2020-09-21 17:27:05,,0,,True
25aa7c90-afff-452f-8714-c6bd436826b5,Woolworths Supermarket,Pantry,Woolworths Blueberries In Syrup 415g,251822,$3.80,$9.16 / 1KG,https://www.woolworths.com.au/shop/productdetails/251822/woolworths-blueberries-in-syrup,https://cdn0.woolworths.media/content/wowproductimages/medium/251822.jpg,2020-09-21 17:27:05,,0,,True
335cc050-8677-4e39-9d32-9451be3bb5f5,Woolworths Supermarket,Pantry,Woolworths Black Cherries Stoneless In Syrup 415g,251825,$3.80,$9.16 / 1KG,https://www.woolworths.com.au/shop/productdetails/251825/woolworths-black-cherries-stoneless-in-syrup,https://cdn0.woolworths.media/content/wowproductimages/medium/251825.jpg,2020-09-21 17:27:05,,0,,True
5e514d12-97fe-4351-9fff-2d631aa764e6,Woolworths Supermarket,Pantry,Laucke Barossa Sourdough Rye Bread Mix 2.4kg,252199,$10.25,$4.27 / 1KG,https://www.woolworths.com.au/shop/productdetails/252199/laucke-barossa-sourdough-rye-bread-mix,https://cdn0.woolworths.media/content/wowproductimages/medium/252199.jpg,2020-09-21 17:27:05,,0,,True
ea737291-b63e-44ec-9bf8-be84c4ca856b,Woolworths Supermarket,Pantry,Laucke Crusty White Bread Mix 2.4kg,252201,$10.25,$4.27 / 1KG,https://www.woolworths.com.au/shop/productdetails/252201/laucke-crusty-white-bread-mix,https://cdn0.woolworths.media/content/wowproductimages/medium/252201.jpg,2020-09-21 17:27:05,,0,,True
abdb365d-a09f-4f4a-84cf-8695ead2ee8d,Woolworths Supermarket,Pantry,Safcol Salmon Smoked 95g,252246,$1.75,$18.42 / 1KG,https://www.woolworths.com.au/shop/productdetails/252246/safcol-salmon-smoked,https://cdn0.woolworths.media/content/wowproductimages/medium/252246.jpg,2020-09-21 17:27:05,,0,,True
d6133e2f-02f9-4bba-9d6e-ccbad4c98275,Woolworths Supermarket,Pantry,John West Tuna Tempters Mango Chilli 95g,252264,$1.15,$12.11 / 1KG,https://www.woolworths.com.au/shop/productdetails/252264/john-west-tuna-tempters-mango-chilli,https://cdn0.woolworths.media/content/wowproductimages/medium/252264.jpg,2020-09-21 17:27:05,,0,,True
d176c6ba-ed98-434d-8b61-0d605bbd7c8f,Woolworths Supermarket,Pantry,Always Fresh Pitted Kalamata Olives 670g,252358,$8.65,$12.91 / 1KG,https://www.woolworths.com.au/shop/productdetails/252358/always-fresh-pitted-kalamata-olives,https://cdn0.woolworths.media/content/wowproductimages/medium/252358.jpg,2020-09-21 17:27:05,,0,,True
85addbc8-5b66-42e1-ab39-780f7d87e7a4,Woolworths Supermarket,Pantry,Sandhurst Artichoke Hearts In Brine 280g,252378,$4.00,$14.29 / 1KG,https://www.woolworths.com.au/shop/productdetails/252378/sandhurst-artichoke-hearts-in-brine,https://cdn0.woolworths.media/content/wowproductimages/medium/252378.jpg,2020-09-21 17:27:05,,0,,True
594a9667-3faa-4d42-80c9-1d89b287ada6,Woolworths Supermarket,Pantry,Queen Sugar Free Maple Flavoured Syrup 355ml,252668,$3.50,$0.99 / 100ML,https://www.woolworths.com.au/shop/productdetails/252668/queen-sugar-free-maple-flavoured-syrup,https://cdn0.woolworths.media/content/wowproductimages/medium/252668.jpg,2020-09-21 17:27:05,,0,,True
ca8518df-69b0-4ab8-9bd4-76336f1660e3,Woolworths Supermarket,Pantry,Berri Quelch Fruit Combos Ice Blocks 24x70ml,252676,$7.00,$0.42 / 100ML,https://www.woolworths.com.au/shop/productdetails/252676/berri-quelch-fruit-combos-ice-blocks,https://cdn0.woolworths.media/content/wowproductimages/medium/252676.jpg,2020-09-21 17:27:05,,0,,True
97058038-85f7-4fc1-b821-30c64e1a47ef,Woolworths Supermarket,Pantry,Praise Whole Egg Mayonnaise Mayonnaise 335g,253433,$4.00,$1.19 / 100G,https://www.woolworths.com.au/shop/productdetails/253433/praise-whole-egg-mayonnaise-mayonnaise,https://cdn0.woolworths.media/content/wowproductimages/medium/253433.jpg,2020-09-21 17:27:05,,0,,True
ca087dc7-380d-4d9a-bbcc-72acdcc30dbf,Woolworths Supermarket,Pantry,Suimin Hot & Spicy Noodle Cup 70g,253673,$1.50,$2.14 / 100G,https://www.woolworths.com.au/shop/productdetails/253673/suimin-hot-spicy-noodle-cup,https://cdn0.woolworths.media/content/wowproductimages/medium/253673.jpg,2020-09-21 17:27:05,,0,,True
9f3cf457-f3fd-42ab-ab77-442d3a197eef,Woolworths Supermarket,Pantry,Arnott's Jatz Clix 250g,254031,$3.20,$1.28 / 100G,https://www.woolworths.com.au/shop/productdetails/254031/arnott-s-jatz-clix,https://cdn0.woolworths.media/content/wowproductimages/medium/254031.jpg,2020-09-21 17:27:05,,0,,True
cf8ad8b9-c388-4fb5-9e20-32ad7343b192,Woolworths Supermarket,Pantry,Uncle Tobys Muesli Bars Chewy White Choc Chip 6 pack,254169,$4.30,$2.32 / 100G,https://www.woolworths.com.au/shop/productdetails/254169/uncle-tobys-muesli-bars-chewy-white-choc-chip,https://cdn0.woolworths.media/content/wowproductimages/medium/254169.jpg,2020-09-21 17:27:05,,0,,True
70491106-5221-4bd5-a7f8-a1eb8f2d343c,Woolworths Supermarket,Pantry,Globus Cucumbers Polish Dill 680g,254286,$3.25,$4.78 / 1KG,https://www.woolworths.com.au/shop/productdetails/254286/globus-cucumbers-polish-dill,https://cdn0.woolworths.media/content/wowproductimages/medium/254286.jpg,2020-09-21 17:27:05,,0,,True
d295cb81-eadb-465b-be4a-c3803da74c7b,Woolworths Supermarket,Pantry,Spc Baked Beans Bbq Sauce 4x220g,254374,$4.20,$0.48 / 100G,https://www.woolworths.com.au/shop/productdetails/254374/spc-baked-beans-bbq-sauce,https://cdn0.woolworths.media/content/wowproductimages/medium/254374.jpg,2020-09-21 17:27:05,,0,,True
32d8e720-26e5-456f-a497-3b961359abc2,Woolworths Supermarket,Pantry,Dilmah Tea Bags 300 pack,254408,$13.50,$0.05 / 1EA,https://www.woolworths.com.au/shop/productdetails/254408/dilmah-tea-bags,https://cdn0.woolworths.media/content/wowproductimages/medium/254408.jpg,2020-09-21 17:27:05,,0,,True
b5426e23-56f2-4ef6-a3c1-380fddfc245a,Woolworths Supermarket,Pantry,Woolworths Passionfruit Pulp Canned 170g,254421,$1.50,$8.82 / 1KG,https://www.woolworths.com.au/shop/productdetails/254421/woolworths-passionfruit-pulp-canned,https://cdn0.woolworths.media/content/wowproductimages/medium/254421.jpg,2020-09-21 17:27:05,Average product rating out of 5: 4.2. Product score is based on 257 ratings,257,,True
b201aa76-4afc-4697-8de0-a4ab710bf3ef,Woolworths Supermarket,Pantry,Yoosh Aloe Vera Drink 500ml,254441,$2.45,$4.90 / 1L,https://www.woolworths.com.au/shop/productdetails/254441/yoosh-aloe-vera-drink,https://cdn0.woolworths.media/content/wowproductimages/medium/254441.jpg,2020-09-21 17:27:05,,0,,True
8f20a062-7d37-40d9-af11-7303b8726591,Woolworths Supermarket,Pantry,Jarrah Brazilian Cafe Latte Brazil Delight 250g,254490,$6.00,$2.40 / 100G,https://www.woolworths.com.au/shop/productdetails/254490/jarrah-brazilian-cafe-latte-brazil-delight,https://cdn0.woolworths.media/content/wowproductimages/medium/254490.jpg,2020-09-21 17:27:05,,0,,True
42eb932c-35d4-45bc-ba22-6e4f396b9be3,Woolworths Supermarket,Pantry,Jarrah Swiss Mochaccino Swiss Style Cocoa 98% Fat Free 250g,254492,$6.00,$2.40 / 100G,https://www.woolworths.com.au/shop/productdetails/254492/jarrah-swiss-mochaccino-swiss-style-cocoa-98-fat-free,https://cdn0.woolworths.media/content/wowproductimages/medium/254492.jpg,2020-09-21 17:27:05,,0,,True
ef1f276b-f957-49e6-862f-04d35a4bb08d,Woolworths Supermarket,Pantry,Jarrah French Vanilla Latte French Style 250g,254495,$6.00,$2.40 / 100G,https://www.woolworths.com.au/shop/productdetails/254495/jarrah-french-vanilla-latte-french-style,https://cdn0.woolworths.media/content/wowproductimages/medium/254495.jpg,2020-09-21 17:27:05,,0,,True
2ebce837-ef1c-4749-bdf2-aa6b6a12e4a3,Woolworths Supermarket,Pantry,Fantastic Rice Crackers Sweet Chilli & Sour Cream 100g,254571,$1.50,$1.50 / 100G,https://www.woolworths.com.au/shop/productdetails/254571/fantastic-rice-crackers-sweet-chilli-sour-cream,https://cdn0.woolworths.media/content/wowproductimages/medium/254571.jpg,2020-09-21 17:27:05,,0,,True
d5643b4e-31dd-4dd8-82d8-8bf3058839a2,Woolworths Supermarket,Pantry,White Wings Brownie Mix Double Chocolate Fudge 560g,254587,$4.00,$0.71 / 100G,https://www.woolworths.com.au/shop/productdetails/254587/white-wings-brownie-mix-double-chocolate-fudge,https://cdn0.woolworths.media/content/wowproductimages/medium/254587.jpg,2020-09-21 17:27:05,,0,Was $5.00 31/10/16,True
6e061c76-2e4b-41e8-b5bf-6ba5a6851cb5,Woolworths Supermarket,Pantry,Masterfoods Barbecue Sauce 500ml,099696,$2.50,$0.50 / 100ML,https://www.woolworths.com.au/shop/productdetails/99696/masterfoods-barbecue-sauce,https://cdn0.woolworths.media/content/wowproductimages/medium/099696.jpg,2020-09-21 17:27:05,,0,,True
bd0f71b2-8846-4467-8f93-bc4e365b26d8,Woolworths Supermarket,Pantry,Doritos Share Pack Cheese Supreme 170g,826731,$2.75,$1.62 / 100G,https://www.woolworths.com.au/shop/productdetails/826731/doritos-share-pack-cheese-supreme,https://cdn0.woolworths.media/content/wowproductimages/medium/826731.jpg,2020-09-21 17:27:05,,0,,True
e18a4b85-5815-4fb3-a1fd-a257a10ed5bb,Woolworths Supermarket,Pantry,Arnott's Shortbread 250g,008838,$2.50,$1.00 / 100G,https://www.woolworths.com.au/shop/productdetails/8838/arnott-s-shortbread,https://cdn0.woolworths.media/content/wowproductimages/medium/008838.jpg,2020-09-21 17:27:05,,0,,True
0f43cc46-f02a-4a41-9d45-4f91feb67e8b,Woolworths Supermarket,Pantry,Twisties Cheese Chips 90g,081659,$2.00,$2.22 / 100G,https://www.woolworths.com.au/shop/productdetails/81659/twisties-cheese-chips,https://cdn0.woolworths.media/content/wowproductimages/medium/081659.jpg,2020-09-21 17:27:05,,0,,True
f87a3cff-1f58-43bb-924d-fb74eb673d8d,Woolworths Supermarket,Pantry,Bertolli Extra Virgin Olive Oil Originale 750ml,502951,$6.50,$0.87 / 100ML,https://www.woolworths.com.au/shop/productdetails/502951/bertolli-extra-virgin-olive-oil-originale,https://cdn0.woolworths.media/content/wowproductimages/medium/502951.jpg,2020-09-21 17:27:05,,0,,True
7025506d-939c-4911-934c-938918ad4a58,Woolworths Supermarket,Pantry,Valcom Canned Bamboo Shoots Sliced 225g,097730,$1.10,$4.89 / 1KG,https://www.woolworths.com.au/shop/productdetails/97730/valcom-canned-bamboo-shoots-sliced,https://cdn0.woolworths.media/content/wowproductimages/medium/097730.jpg,2020-09-21 17:27:05,,0,,True
3a51658d-c50d-4894-9010-ef9d45761c8e,Woolworths Supermarket,Pantry,Kellogg's Nutri-grain Protein Breakfast Cereal 290g,701706,$4.95,$1.71 / 100G,https://www.woolworths.com.au/shop/productdetails/701706/kellogg-s-nutri-grain-protein-breakfast-cereal,https://cdn0.woolworths.media/content/wowproductimages/medium/701706.jpg,2020-09-21 17:27:05,,0,,True
d3f713d2-b895-41c1-b16d-370d753bb267,Woolworths Supermarket,Pantry,Arnott's Malt O' Milk 250g,036036,$2.50,$1.00 / 100G,https://www.woolworths.com.au/shop/productdetails/36036/arnott-s-malt-o-milk,https://cdn0.woolworths.media/content/wowproductimages/medium/036036.jpg,2020-09-21 17:27:05,,0,,True
fcb98e4f-32bc-4bcc-bfa8-88acd68c70ee,Woolworths Supermarket,Pantry,Smith's Share Pack Crinkle Cut Salt & Vinegar 170g,826738,$2.75,$1.62 / 100G,https://www.woolworths.com.au/shop/productdetails/826738/smith-s-share-pack-crinkle-cut-salt-vinegar,https://cdn0.woolworths.media/content/wowproductimages/medium/826738.jpg,2020-09-21 17:27:05,,0,,True
99eefa87-75be-4018-9da7-39034e7ab1f7,Woolworths Supermarket,Pantry,Arnott's Snack Right Sultana 250g,182697,$3.00,$1.20 / 100G,https://www.woolworths.com.au/shop/productdetails/182697/arnott-s-snack-right-sultana,https://cdn0.woolworths.media/content/wowproductimages/medium/182697.jpg,2020-09-21 17:27:05,,0,Was $4.20 11/02/2019,True
f30efaa8-7519-46e6-b865-abf1191481c0,Woolworths Supermarket,Pantry,Toblerone Milk Chocolate Bar 50g,047011,$1.00,$2.00 / 100G,https://www.woolworths.com.au/shop/productdetails/47011/toblerone-milk-chocolate-bar,https://cdn0.woolworths.media/content/wowproductimages/medium/047011.jpg,2020-09-21 17:27:05,,0,,True
b07f383a-bce4-465e-b86a-751df50da257,Woolworths Supermarket,Pantry,Kooka's Country Cookies Lemon 200g,347837,$2.00,$1.00 / 100G,https://www.woolworths.com.au/shop/productdetails/347837/kooka-s-country-cookies-lemon,https://cdn0.woolworths.media/content/wowproductimages/medium/347837.jpg,2020-09-21 17:27:05,,0,,True
e461efe2-db05-43c5-940f-7803addca484,Woolworths Supermarket,Pantry,Uncle Tobys Roll-ups Strawberry Fun Prints 6 pack,324231,$4.00,$4.26 / 100G,https://www.woolworths.com.au/shop/productdetails/324231/uncle-tobys-roll-ups-strawberry-fun-prints,https://cdn0.woolworths.media/content/wowproductimages/medium/324231.jpg,2020-09-21 17:27:05,,0,,True
1dcd05fb-fced-4101-b9b9-57664a342a9c,Woolworths Supermarket,Pantry,Woolworths Corn Sweet Kernels 420g,218926,$1.00,$2.38 / 1KG,https://www.woolworths.com.au/shop/productdetails/218926/woolworths-corn-sweet-kernels,https://cdn0.woolworths.media/content/wowproductimages/medium/218926.jpg,2020-09-21 17:27:05,Average product rating out of 5: 4.1. Product score is based on 215 ratings,215,,True
a471a0cd-cf3a-4728-a041-89762102a832,Woolworths Supermarket,Pantry,Moccona Freeze Dried Instant Coffee Classic Medium Roast 400g,208575,$24.00,$6.00 / 100G,https://www.woolworths.com.au/shop/productdetails/208575/moccona-freeze-dried-instant-coffee-classic-medium-roast,https://cdn0.woolworths.media/content/wowproductimages/medium/208575.jpg,2020-09-21 17:27:05,,0,,True
284ca154-d273-4562-9482-4fd092855917,Woolworths Supermarket,Pantry,Macro Organic Quinoa Tri Colour 500g,717631,$7.00,$1.40 / 100G,https://www.woolworths.com.au/shop/productdetails/717631/macro-organic-quinoa-tri-colour,https://cdn0.woolworths.media/content/wowproductimages/medium/717631.jpg,2020-09-21 17:27:05,Average product rating out of 5: 4.6. Product score is based on 274 ratings,274,Was $9.99 09/01/2017,True
5c55fc3a-8885-448e-af2c-0869c76d7f0d,Woolworths Supermarket,Pantry,Arnott's Shapes Cheddar 175g,384244,$2.50,$1.43 / 100G,https://www.woolworths.com.au/shop/productdetails/384244/arnott-s-shapes-cheddar,https://cdn0.woolworths.media/content/wowproductimages/medium/384244.jpg,2020-09-21 17:27:05,,0,,True
da6e899d-a540-49e3-af1d-dff89a10a468,Woolworths Supermarket,Pantry,Uncle Ben's Microwave Mexican Style Brown Rice 250g,727257,$3.00,$1.20 / 100G,https://www.woolworths.com.au/shop/productdetails/727257/uncle-ben-s-microwave-mexican-style-brown-rice,https://cdn0.woolworths.media/content/wowproductimages/medium/727257.jpg,2020-09-21 17:27:05,,0,,True
e4347ddc-11de-4b74-bb73-429f543d9919,Woolworths Supermarket,Pantry,Pringles Sour Cream And Onion Chips 134g,479502,$2.50,$1.87 / 100G,https://www.woolworths.com.au/shop/productdetails/479502/pringles-sour-cream-and-onion-chips,https://cdn0.woolworths.media/content/wowproductimages/medium/479502.jpg,2020-09-21 17:27:05,,0,,True
df4eb7d9-f01c-4add-97c4-c48bfe18a672,Woolworths Supermarket,Pantry,Nature's Cuppa Freeze Dried Coffee Eco Organic 100g,254591,$8.00,$8.00 / 100G,https://www.woolworths.com.au/shop/productdetails/254591/nature-s-cuppa-freeze-dried-coffee-eco-organic,https://cdn0.woolworths.media/content/wowproductimages/medium/254591.jpg,2020-09-21 17:27:05,,0,,True
0ffd4943-45bb-468b-b281-03d848023770,Woolworths Supermarket,Pantry,Lavazza Ground Coffee Torino Qualita Oro Arabica 1kg,254602,$30.00,$3.00 / 100G,https://www.woolworths.com.au/shop/productdetails/254602/lavazza-ground-coffee-torino-qualita-oro-arabica,https://cdn0.woolworths.media/content/wowproductimages/medium/254602.jpg,2020-09-21 17:27:05,,0,,True
7be2ccb9-3dc8-47c2-9a29-342e9449a4db,Woolworths Supermarket,Pantry,Woolworths Chocolate Hard Set Topping 220g,254784,$3.00,$1.36 / 100G,https://www.woolworths.com.au/shop/productdetails/254784/woolworths-chocolate-hard-set-topping,https://cdn0.woolworths.media/content/wowproductimages/medium/254784.jpg,2020-09-21 17:27:05,,0,,True
62474e17-d471-4f3c-997d-974765e66f40,Woolworths Supermarket,Pantry,White Wings Muffin Mix Triple Chocolate 550g,254792,$4.00,$0.73 / 100G,https://www.woolworths.com.au/shop/productdetails/254792/white-wings-muffin-mix-triple-chocolate,https://cdn0.woolworths.media/content/wowproductimages/medium/254792.jpg,2020-09-21 17:27:05,,0,Was $5.00 31/10/16,True
81cdc13d-fad0-4f11-acd7-807fcede7643,Woolworths Supermarket,Pantry,White Wings Cookie Mix Soft Centred Choc Chip 485g,254804,$4.00,$0.82 / 100G,https://www.woolworths.com.au/shop/productdetails/254804/white-wings-cookie-mix-soft-centred-choc-chip,https://cdn0.woolworths.media/content/wowproductimages/medium/254804.jpg,2020-09-21 17:27:05,,0,Was $5.00 31/10/16,True
7e0d43d8-a439-415c-b3ce-82eca305a671,Woolworths Supermarket,Pantry,Arnott's Shapes Nacho Cheese 160g,254928,$2.50,$1.56 / 100G,https://www.woolworths.com.au/shop/productdetails/254928/arnott-s-shapes-nacho-cheese,https://cdn0.woolworths.media/content/wowproductimages/medium/254928.jpg,2020-09-21 17:27:05,,0,,True
76ffe47f-6f7a-4a40-9a08-d3422dad1ecd,Woolworths Supermarket,Pantry,Lindt Excellence Dark Chocolate Mint Intense 100g block,255080,$2.70,$2.70 / 100G,https://www.woolworths.com.au/shop/productdetails/255080/lindt-excellence-dark-chocolate-mint-intense,https://cdn0.woolworths.media/content/wowproductimages/medium/255080.jpg,2020-09-21 17:27:05,,0,,True
e09e415b-1b6c-4167-b25e-20731ff7b3df,Woolworths Supermarket,Pantry,Kraft Easy Mac Classic Cheese 8 pack,255147,$6.00,$1.07 / 100G,https://www.woolworths.com.au/shop/productdetails/255147/kraft-easy-mac-classic-cheese,https://cdn0.woolworths.media/content/wowproductimages/medium/255147.jpg,2020-09-21 17:27:05,,0,Was $7.00 09/07/2018,True
7ce1afa5-54e7-4606-8d7b-f36281c22895,Woolworths Supermarket,Pantry,Green's Cupcake Vanilla Mix 490g,255149,$3.20,$0.65 / 100G,https://www.woolworths.com.au/shop/productdetails/255149/green-s-cupcake-vanilla-mix,https://cdn0.woolworths.media/content/wowproductimages/medium/255149.jpg,2020-09-21 17:27:05,,0,,True
5e83fe6f-687a-495a-804f-a142c358bc80,Woolworths Supermarket,Pantry,Mckenzie's Baking Aids Gelatine 100g,255257,$3.70,$3.70 / 100G,https://www.woolworths.com.au/shop/productdetails/255257/mckenzie-s-baking-aids-gelatine,https://cdn0.woolworths.media/content/wowproductimages/medium/255257.jpg,2020-09-21 17:27:05,,0,,True
b4d49dea-c541-4bcb-832e-118b3c17fb8b,Woolworths Supermarket,Pantry,Fyna Licorice 240g,255712,$2.00,$0.83 / 100G,https://www.woolworths.com.au/shop/productdetails/255712/fyna-licorice,https://cdn0.woolworths.media/content/wowproductimages/medium/255712.jpg,2020-09-21 17:27:05,,0,,True
58fe3607-c712-493d-92f3-d1bfaf5b9b55,Woolworths Supermarket,Pantry,Patak's Mild Tandoori Indian Paste Marinade 295g,256680,$5.50,$1.86 / 100G,https://www.woolworths.com.au/shop/productdetails/256680/patak-s-mild-tandoori-indian-paste-marinade,https://cdn0.woolworths.media/content/wowproductimages/medium/256680.jpg,2020-09-21 17:27:05,,0,,True
57ee02a7-1d78-4b0f-aae1-3d922ddd842e,Woolworths Supermarket,Pantry,Moccona Freeze Dried Instant Coffee Classic Dark Roast 400g,256700,$24.00,$6.00 / 100G,https://www.woolworths.com.au/shop/productdetails/256700/moccona-freeze-dried-instant-coffee-classic-dark-roast,https://cdn0.woolworths.media/content/wowproductimages/medium/256700.jpg,2020-09-21 17:27:05,,0,,True
05c94612-b44a-477e-a860-be5e6ea215bf,Woolworths Supermarket,Pantry,Woolworths Balsamic Vinegar 500ml,256878,$3.00,$0.60 / 100ML,https://www.woolworths.com.au/shop/productdetails/256878/woolworths-balsamic-vinegar,https://cdn0.woolworths.media/content/wowproductimages/medium/256878.jpg,2020-09-21 17:27:05,Average product rating out of 5: 4.3. Product score is based on 330 ratings,330,,True
c112f1f3-c638-422b-8f63-0983888084f0,Woolworths Supermarket,Pantry,Woolworths Vinegar Red Wine 500ml,256880,$2.80,$0.56 / 100ML,https://www.woolworths.com.au/shop/productdetails/256880/woolworths-vinegar-red-wine,https://cdn0.woolworths.media/content/wowproductimages/medium/256880.jpg,2020-09-21 17:27:05,Average product rating out of 5: 4.2. Product score is based on 274 ratings,274,,True
860a20ed-cb54-492c-a773-0dc6a22538c6,Woolworths Supermarket,Pantry,Woolworths Vinegar White Wine 500ml,256881,$2.80,$0.56 / 100ML,https://www.woolworths.com.au/shop/productdetails/256881/woolworths-vinegar-white-wine,https://cdn0.woolworths.media/content/wowproductimages/medium/256881.jpg,2020-09-21 17:27:05,Average product rating out of 5: 4.3. Product score is based on 269 ratings,269,,True
717e5091-9e2a-4ba7-b7b0-d65669763baa,Woolworths Supermarket,Pantry,Woolworths Cooking Chocolate White 200g,256893,$2.50,$1.25 / 100G,https://www.woolworths.com.au/shop/productdetails/256893/woolworths-cooking-chocolate-white,https://cdn0.woolworths.media/content/wowproductimages/medium/256893.jpg,2020-09-21 17:27:05,Average product rating out of 5: 4.5. Product score is based on 359 ratings,359,,True
f1cb98a2-6f39-4d9f-87d7-fa855f45e057,Woolworths Supermarket,Pantry,Patak's Eggplant Pickle 312g,256933,$6.40,$2.05 / 100G,https://www.woolworths.com.au/shop/productdetails/256933/patak-s-eggplant-pickle,https://cdn0.woolworths.media/content/wowproductimages/medium/256933.jpg,2020-09-21 17:27:05,,0,,True
57665ca8-236a-45df-b979-74742ba3f5f4,Woolworths Supermarket,Pantry,Twinings Lady Grey Tea Bags 100 pack,257224,$11.00,$0.11 / 1EA,https://www.woolworths.com.au/shop/productdetails/257224/twinings-lady-grey-tea-bags,https://cdn0.woolworths.media/content/wowproductimages/medium/257224.jpg,2020-09-21 17:27:05,,0,,True
1260ee75-e27d-4cb8-9391-ee9e8f107dd7,Woolworths Supermarket,Pantry,Twinings Ceylon Orange Pekoe Tea Bags 50pk 100g,257225,$7.00,$0.14 / 1EA,https://www.woolworths.com.au/shop/productdetails/257225/twinings-ceylon-orange-pekoe-tea-bags,https://cdn0.woolworths.media/content/wowproductimages/medium/257225.jpg,2020-09-21 17:27:05,,0,,True
e8e22579-cd21-4c48-8b63-30d3f43a2ebd,Woolworths Supermarket,Pantry,Woolworths Balsamic Vinegar 250ml,257302,$2.40,$0.96 / 100ML,https://www.woolworths.com.au/shop/productdetails/257302/woolworths-balsamic-vinegar,https://cdn0.woolworths.media/content/wowproductimages/medium/257302.jpg,2020-09-21 17:27:05,Average product rating out of 5: 4.4. Product score is based on 408 ratings,408,,True
743556f1-e394-40e1-a8ba-4c013d40b48d,Woolworths Supermarket,Pantry,Woolworths Vinegar Balsamic White 250ml,257303,$3.00,$1.20 / 100ML,https://www.woolworths.com.au/shop/productdetails/257303/woolworths-vinegar-balsamic-white,https://cdn0.woolworths.media/content/wowproductimages/medium/257303.jpg,2020-09-21 17:27:05,Average product rating out of 5: 4.3. Product score is based on 346 ratings,346,,True
d366a704-4e2a-439b-97ae-56bcb8a014d7,Woolworths Supermarket,Pantry,Woolworths Vinegar Balsamic Glaze 215ml,257305,$6.00,$2.79 / 100ML,https://www.woolworths.com.au/shop/productdetails/257305/woolworths-vinegar-balsamic-glaze,https://cdn0.woolworths.media/content/wowproductimages/medium/257305.jpg,2020-09-21 17:27:05,Average product rating out of 5: 4.4. Product score is based on 320 ratings,320,,True
3a240b4b-6cb4-43ef-b723-a5635fe11e66,Woolworths Supermarket,Pantry,John West Tuna Olive Oil Blend 95g,257360,$1.15,$12.11 / 1KG,https://www.woolworths.com.au/shop/productdetails/257360/john-west-tuna-olive-oil-blend,https://cdn0.woolworths.media/content/wowproductimages/medium/257360.jpg,2020-09-21 17:27:05,,0,,True
c8172f31-0213-4191-b03f-54ffc6498044,Woolworths Supermarket,Pantry,Sunbites Grain Waves Sour Cream & Chives 5 pack,720220,$3.10,$2.82 / 100G,https://www.woolworths.com.au/shop/productdetails/720220/sunbites-grain-waves-sour-cream-chives,https://cdn0.woolworths.media/content/wowproductimages/medium/720220.jpg,2020-09-21 17:27:05,,0,2 for $5.00,True
c2b1e4cd-9412-432b-ae23-e30155bdffd5,Woolworths Supermarket,Pantry,Woolworths Walnuts Kernel 500g,749540,$11.00,$22.00 / 1KG,https://www.woolworths.com.au/shop/productdetails/749540/woolworths-walnuts-kernel,https://cdn0.woolworths.media/content/wowproductimages/medium/749540.jpg,2020-09-21 17:27:05,Average product rating out of 5: 4.8. Product score is based on 360 ratings,360,,True
8299a331-9026-4491-a17f-be1983dff939,Woolworths Supermarket,Pantry,Sanitarium Weet-bix Breakfast Cereal 1.2kg,200695,$5.00,$0.42 / 100G,https://www.woolworths.com.au/shop/productdetails/200695/sanitarium-weet-bix-breakfast-cereal,https://cdn0.woolworths.media/content/wowproductimages/medium/200695.jpg,2020-09-21 17:27:05,,0,,True
3d64beac-e063-48dd-97b8-4ce24d909e9a,Woolworths Supermarket,Pantry,Ritz Crackers Original 300g,660562,$2.50,$0.83 / 100G,https://www.woolworths.com.au/shop/productdetails/660562/ritz-crackers-original,https://cdn0.woolworths.media/content/wowproductimages/medium/660562.jpg,2020-09-21 17:27:05,,0,,True
885739ca-4707-4987-85bb-caceff31c0ff,Woolworths Supermarket,Pantry,Vege Chips Chicken Style 100g,793382,$3.80,$3.80 / 100G,https://www.woolworths.com.au/shop/productdetails/793382/vege-chips-chicken-style,https://cdn0.woolworths.media/content/wowproductimages/medium/793382.jpg,2020-09-21 17:27:05,Average product rating out of 5: 4.7. Product score is based on 20 ratings,20,,True
5d0f0c7b-8348-4f90-8a34-872924aa4b36,Woolworths Supermarket,Pantry,Continental Cup A Soup Creamy Chicken With Lots Of Noodles 2 pack,026649,$2.00,$3.33 / 100G,https://www.woolworths.com.au/shop/productdetails/26649/continental-cup-a-soup-creamy-chicken-with-lots-of-noodles,https://cdn0.woolworths.media/content/wowproductimages/medium/026649.jpg,2020-09-21 17:27:05,,0,,True
b97973a4-e3d5-4c10-8a26-f6e07fff93dc,Woolworths Supermarket,Pantry,Arnott's Monte Carlo 250g,036031,$3.00,$1.20 / 100G,https://www.woolworths.com.au/shop/productdetails/36031/arnott-s-monte-carlo,https://cdn0.woolworths.media/content/wowproductimages/medium/036031.jpg,2020-09-21 17:27:05,,0,,True
248a43cc-8beb-455b-834f-fbb9e45be42c,Woolworths Supermarket,Pantry,Moccona Freeze Dried Instant Coffee Classic Medium Roast 400g,208575,$24.00,$6.00 / 100G,https://www.woolworths.com.au/shop/productdetails/208575/moccona-freeze-dried-instant-coffee-classic-medium-roast,https://cdn0.woolworths.media/content/wowproductimages/medium/208575.jpg,2020-09-21 17:27:05,,0,,True
20d5b297-3f55-47bc-a660-2da840cd1203,Woolworths Supermarket,Pantry,Cadbury Dairy Milk Chocolate Fair Trade 350g,757883,$5.00,$1.43 / 100G,https://www.woolworths.com.au/shop/productdetails/757883/cadbury-dairy-milk-chocolate-fair-trade,https://cdn0.woolworths.media/content/wowproductimages/medium/757883.jpg,2020-09-21 17:27:05,,0,Was $6.30 16/01/2017,True
73ca952b-4149-42f6-8f6a-b0a203f6e068,Woolworths Supermarket,Pantry,Beechworth Pure Honey 1.5kg,250371,$22.00,$1.47 / 100G,https://www.woolworths.com.au/shop/productdetails/250371/beechworth-pure-honey,https://cdn0.woolworths.media/content/wowproductimages/medium/250371.jpg,2020-09-21 17:27:05,,0,,True
d5a2113c-0bf3-4fa8-9bf6-5aadb65c40ae,Woolworths Supermarket,Pantry,Macro Organic Quinoa Tri Colour 500g,717631,$7.00,$1.40 / 100G,https://www.woolworths.com.au/shop/productdetails/717631/macro-organic-quinoa-tri-colour,https://cdn0.woolworths.media/content/wowproductimages/medium/717631.jpg,2020-09-21 17:27:05,Average product rating out of 5: 4.6. Product score is based on 274 ratings,274,Was $9.99 09/01/2017,True
0219c63e-5277-410e-8288-4709ef9fd57b,Woolworths Supermarket,Pantry,Bertolli Extra Virgin Olive Oil Originale 750ml,502951,$6.50,$0.87 / 100ML,https://www.woolworths.com.au/shop/productdetails/502951/bertolli-extra-virgin-olive-oil-originale,https://cdn0.woolworths.media/content/wowproductimages/medium/502951.jpg,2020-09-21 17:27:05,,0,,True
d0eb8733-4de1-4e3e-ac74-3d50a54294ba,Woolworths Supermarket,Pantry,Woolworths Almond Meal 400g,610610,$7.50,$18.75 / 1KG,https://www.woolworths.com.au/shop/productdetails/610610/woolworths-almond-meal,https://cdn0.woolworths.media/content/wowproductimages/medium/610610.jpg,2020-09-21 17:27:05,Average product rating out of 5: 4.6. Product score is based on 326 ratings,326,Was $9.00 22/07/2020,True
6089674e-fe5f-4d44-aa61-7ed07b386c97,Woolworths Supermarket,Pantry,Queen Organic Vanilla Bean Paste 65g,225399,$11.80,$18.15 / 100G,https://www.woolworths.com.au/shop/productdetails/225399/queen-organic-vanilla-bean-paste,https://cdn0.woolworths.media/content/wowproductimages/medium/225399.jpg,2020-09-21 17:27:05,,0,,True
5f9b1d71-a2f6-4b01-9c21-67744200a6fb,Woolworths Supermarket,Pantry,Woolworths Diced Italian Tomatoes No Added Salt 400g,770320,$0.80,$2.00 / 1KG,https://www.woolworths.com.au/shop/productdetails/770320/woolworths-diced-italian-tomatoes-no-added-salt,https://cdn0.woolworths.media/content/wowproductimages/medium/770320.jpg,2020-09-21 17:27:05,Average product rating out of 5: 4.7. Product score is based on 311 ratings,311,,True
2b7ee1cc-651d-4ed8-a8b5-200938af8225,Woolworths Supermarket,Pantry,Nescafe Blend 43 Soluble Instant Coffee 500g,035694,$20.00,$4.00 / 100G,https://www.woolworths.com.au/shop/productdetails/35694/nescafe-blend-43-soluble-instant-coffee,https://cdn0.woolworths.media/content/wowproductimages/medium/035694.jpg,2020-09-21 17:27:05,,0,,True
fc24abda-e5b8-4dbc-bc5d-f6f3b9f9a340,Woolworths Supermarket,Pantry,Woolworths White Rice Long Grain 5kg,072779,$6.70,$0.13 / 100G,https://www.woolworths.com.au/shop/productdetails/72779/woolworths-white-rice-long-grain,https://cdn0.woolworths.media/content/wowproductimages/medium/072779.jpg,2020-09-21 17:27:05,Average product rating out of 5: 4.8. Product score is based on 14 ratings,14,,True
b36893b2-8265-44bd-bcfc-dacb618bf16e,Woolworths Supermarket,Pantry,Mckenzie's Himalayan Salt Rock Pink 400g,749926,$5.95,$0.15 / 10G,https://www.woolworths.com.au/shop/productdetails/749926/mckenzie-s-himalayan-salt-rock-pink,https://cdn0.woolworths.media/content/wowproductimages/medium/749926.jpg,2020-09-21 17:27:05,,0,,True
96c9a0ca-23a1-4036-ac4f-70142982f872,Woolworths Supermarket,Pantry,Cobram Estate Extra Virgin Light Olive Oil 750ml,345955,$15.00,$2.00 / 100ML,https://www.woolworths.com.au/shop/productdetails/345955/cobram-estate-extra-virgin-light-olive-oil,https://cdn0.woolworths.media/content/wowproductimages/medium/345955.jpg,2020-09-21 17:27:05,,0,,True
b0c57a1e-1d71-43ec-b0a9-3e8200816019,Woolworths Supermarket,Pantry,Woolworths Rolled Traditional Oats 750g,321220,$1.40,$0.19 / 100G,https://www.woolworths.com.au/shop/productdetails/321220/woolworths-rolled-traditional-oats,https://cdn0.woolworths.media/content/wowproductimages/medium/321220.jpg,2020-09-21 17:27:05,Average product rating out of 5: 4.6. Product score is based on 748 ratings,748,,True
85d717e5-0748-4dd4-acfd-2b5df20f7503,Woolworths Supermarket,Pantry,Sirena Tuna Slices Chilli & Oil 125g,257374,$3.50,$28.00 / 1KG,https://www.woolworths.com.au/shop/productdetails/257374/sirena-tuna-slices-chilli-oil,https://cdn0.woolworths.media/content/wowproductimages/medium/257374.jpg,2020-09-21 17:27:05,,0,,True
e7a979d4-d811-4895-94ff-d217de8a38f4,Woolworths Supermarket,Pantry,Sirena Tuna Slices In Oil Italian Style 125g,257375,$3.50,$28.00 / 1KG,https://www.woolworths.com.au/shop/productdetails/257375/sirena-tuna-slices-in-oil-italian-style,https://cdn0.woolworths.media/content/wowproductimages/medium/257375.jpg,2020-09-21 17:27:05,,0,,True
e4bc24ea-5876-46cb-afe6-435bae0b7eaf,Woolworths Supermarket,Pantry,Maggi Gravy Mix Roast Meat 27g,257411,$1.00,$0.37 / 10G,https://www.woolworths.com.au/shop/productdetails/257411/maggi-gravy-mix-roast-meat,https://cdn0.woolworths.media/content/wowproductimages/medium/257411.jpg,2020-09-21 17:27:05,,0,,True
daf2cedb-9e73-4e56-b6c4-da431edad593,Woolworths Supermarket,Pantry,Maggi Gravy Mix Roast Chicken 24g,257413,$1.00,$0.42 / 10G,https://www.woolworths.com.au/shop/productdetails/257413/maggi-gravy-mix-roast-chicken,https://cdn0.woolworths.media/content/wowproductimages/medium/257413.jpg,2020-09-21 17:27:05,,0,,True
2955c136-dd3f-4ce6-a11e-f13bd94a2222,Woolworths Supermarket,Pantry,Gravox Gravy Liquid Chicken With Herbs 165g,257448,$2.00,$1.21 / 100G,https://www.woolworths.com.au/shop/productdetails/257448/gravox-gravy-liquid-chicken-with-herbs,https://cdn0.woolworths.media/content/wowproductimages/medium/257448.jpg,2020-09-21 17:27:05,,0,Was $2.55 01/09/16,True
c49537ab-f794-44b7-af2a-fd39dbe485b0,Woolworths Supermarket,Pantry,Gravox Finishing Sauce Mushroom & Garlic 165g,257451,$2.00,$1.21 / 100G,https://www.woolworths.com.au/shop/productdetails/257451/gravox-finishing-sauce-mushroom-garlic,https://cdn0.woolworths.media/content/wowproductimages/medium/257451.jpg,2020-09-21 17:27:05,,0,Was $2.55 01/09/16,True
81c5f46c-1c2c-4c6a-810e-f86808ccfc58,Woolworths Supermarket,Pantry,Continental Recipe Base Shepherds Pie 50g,257531,$1.60,$3.20 / 100G,https://www.woolworths.com.au/shop/productdetails/257531/continental-recipe-base-shepherds-pie,https://cdn0.woolworths.media/content/wowproductimages/medium/257531.jpg,2020-09-21 17:27:05,,0,2 for $3.00,True
924044bc-41d8-48b6-b46c-f7ca9d57c187,Woolworths Supermarket,Pantry,Continental Cup A Soup Dutch Curry With Rice 2 pack,257657,$2.00,$3.64 / 100G,https://www.woolworths.com.au/shop/productdetails/257657/continental-cup-a-soup-dutch-curry-with-rice,https://cdn0.woolworths.media/content/wowproductimages/medium/257657.jpg,2020-09-21 17:27:05,,0,,True
7ed72f69-614a-427f-9655-2e28ccc8e52b,Woolworths Supermarket,Pantry,Red Island Extra Virgin Olive Oil Cold Pressed 1l,257879,$12.00,$1.20 / 100ML,https://www.woolworths.com.au/shop/productdetails/257879/red-island-extra-virgin-olive-oil-cold-pressed,https://cdn0.woolworths.media/content/wowproductimages/medium/257879.jpg,2020-09-21 17:27:05,,0,,True
34510d80-301b-4f89-82b6-0590d36dcf7e,Woolworths Supermarket,Pantry,Wrigley's Extra Spearmint Chewing Gum Sugar Free 27g,258031,$1.80,$6.67 / 100G,https://www.woolworths.com.au/shop/productdetails/258031/wrigley-s-extra-spearmint-chewing-gum-sugar-free,https://cdn0.woolworths.media/content/wowproductimages/medium/258031.jpg,2020-09-21 17:27:05,,0,,True
6eb88a1c-1be1-44ba-9ebf-f9d51d598af9,Woolworths Supermarket,Pantry,Wrigley's Extra Peppermint Chewing Gum Sugar Free 27g,258033,$1.80,$6.67 / 100G,https://www.woolworths.com.au/shop/productdetails/258033/wrigley-s-extra-peppermint-chewing-gum-sugar-free,https://cdn0.woolworths.media/content/wowproductimages/medium/258033.jpg,2020-09-21 17:27:05,,0,,True
19d1223d-0741-4780-a8fa-9edab0a3bfaa,Woolworths Supermarket,Pantry,Tic Tac Orange 24g,258034,$1.80,$7.50 / 100G,https://www.woolworths.com.au/shop/productdetails/258034/tic-tac-orange,https://cdn0.woolworths.media/content/wowproductimages/medium/258034.jpg,2020-09-21 17:27:05,,0,,True
9901062b-bd4b-463a-80f0-ea69b18837d9,Woolworths Supermarket,Pantry,Tic Tac Peppermint 24g,258037,$1.80,$7.50 / 100G,https://www.woolworths.com.au/shop/productdetails/258037/tic-tac-peppermint,https://cdn0.woolworths.media/content/wowproductimages/medium/258037.jpg,2020-09-21 17:27:05,,0,,True
8a84a60c-fe9c-4875-99b9-4ff873f2096a,Woolworths Supermarket,Pantry,Kellogg's Crunchy Nut Peanut Snack Bars 6 pack,258310,$5.00,$2.78 / 100G,https://www.woolworths.com.au/shop/productdetails/258310/kellogg-s-crunchy-nut-peanut-snack-bars,https://cdn0.woolworths.media/content/wowproductimages/medium/258310.jpg,2020-09-21 17:27:05,,0,,True
32246010-a9f7-45eb-83e4-ce98c45d4c70,Woolworths Supermarket,Pantry,Sacla Pesto Tomato Pesto 190g,258376,$3.80,$2.00 / 100G,https://www.woolworths.com.au/shop/productdetails/258376/sacla-pesto-tomato-pesto,https://cdn0.woolworths.media/content/wowproductimages/medium/258376.jpg,2020-09-21 17:27:05,,0,,True
06cd945f-f1d5-4cfb-baec-e4600f6ed910,Woolworths Supermarket,Pantry,Sacla Pasta Sauce Basil Cherry Tomato 420g,258381,$4.40,$1.05 / 100G,https://www.woolworths.com.au/shop/productdetails/258381/sacla-pasta-sauce-basil-cherry-tomato,https://cdn0.woolworths.media/content/wowproductimages/medium/258381.jpg,2020-09-21 17:27:05,,0,Was $5.19 24/01/2016,True
d9b41e06-98c1-4d24-bf34-71c5cd2ef60f,Woolworths Supermarket,Pantry,Uncle Tobys Oats Quick Sachets Creamy Honey Porridge 420g,258439,$4.50,$1.07 / 100G,https://www.woolworths.com.au/shop/productdetails/258439/uncle-tobys-oats-quick-sachets-creamy-honey-porridge,https://cdn0.woolworths.media/content/wowproductimages/medium/258439.jpg,2020-09-21 17:27:05,,0,,True
7e3c0196-f970-4cfd-8a8a-a3e0f8707c94,Woolworths Supermarket,Pantry,Woolworths Tomato Paste 415g,258476,$2.00,$0.48 / 100G,https://www.woolworths.com.au/shop/productdetails/258476/woolworths-tomato-paste,https://cdn0.woolworths.media/content/wowproductimages/medium/258476.jpg,2020-09-21 17:27:05,Average product rating out of 5: 4.4. Product score is based on 877 ratings,877,,True
f420c2dc-61ef-4b65-ac8d-0e783464aa4d,Woolworths Supermarket,Pantry,Woolworths Tomato Paste Pizza Squeeze Bottle 415g,258479,$2.00,$0.48 / 100G,https://www.woolworths.com.au/shop/productdetails/258479/woolworths-tomato-paste-pizza-squeeze-bottle,https://cdn0.woolworths.media/content/wowproductimages/medium/258479.jpg,2020-09-21 17:27:05,Average product rating out of 5: 4.4. Product score is based on 690 ratings,690,,True
e59518c5-ad16-468b-9aae-42017e8b89b8,Woolworths Supermarket,Pantry,Nong Shim Shrimp Meat Chip Shrimp Meat Chips 75g,258579,$2.30,$30.67 / 1KG,https://www.woolworths.com.au/shop/productdetails/258579/nong-shim-shrimp-meat-chip-shrimp-meat-chips,https://cdn0.woolworths.media/content/wowproductimages/medium/258579.jpg,2020-09-21 17:27:05,,0,,True
bf08da01-2388-4122-be7d-c1ef1d9c51c5,Woolworths Supermarket,Pantry,Lee Kum Kee Sauce Soy Salt Reduced 150ml,258585,$2.30,$1.53 / 100ML,https://www.woolworths.com.au/shop/productdetails/258585/lee-kum-kee-sauce-soy-salt-reduced,https://cdn0.woolworths.media/content/wowproductimages/medium/258585.jpg,2020-09-21 17:27:05,,0,,True
d0acd093-2ab0-4851-8a49-dc0071430063,Woolworths Supermarket,Pantry,Nescafe Coffee Mixer Sachets Strong Cappucino 10 pack,259079,$3.15,$0.32 / 1EA,https://www.woolworths.com.au/shop/productdetails/259079/nescafe-coffee-mixer-sachets-strong-cappucino,https://cdn0.woolworths.media/content/wowproductimages/medium/259079.jpg,2020-09-21 17:27:05,,0,,True
1a2791ca-c455-4729-b638-8cfb611f23f5,Woolworths Supermarket,Pantry,Sunbeam Natural Sultanas 450g,259168,$5.50,$12.22 / 1KG,https://www.woolworths.com.au/shop/productdetails/259168/sunbeam-natural-sultanas,https://cdn0.woolworths.media/content/wowproductimages/medium/259168.jpg,2020-09-21 17:27:05,,0,,True
c813bad0-7980-4319-bc56-2d51d259b879,Woolworths Supermarket,Pantry,Sunsweet Prunes Pitted 200g,259201,$3.80,$19.00 / 1KG,https://www.woolworths.com.au/shop/productdetails/259201/sunsweet-prunes-pitted,https://cdn0.woolworths.media/content/wowproductimages/medium/259201.jpg,2020-09-21 17:27:05,,0,,True
ab217193-0c46-4136-a0fe-9df16c0b2283,Woolworths Supermarket,Pantry,Sunbites Grain Waves Sour Cream & Chives 5 pack,720220,$3.10,$2.82 / 100G,https://www.woolworths.com.au/shop/productdetails/720220/sunbites-grain-waves-sour-cream-chives,https://cdn0.woolworths.media/content/wowproductimages/medium/720220.jpg,2020-09-21 17:27:05,,0,2 for $5.00,True
7b55f82c-8d29-451a-8786-68283266b031,Woolworths Supermarket,Pantry,Cobram Estate Extra Virgin Light Olive Oil 750ml,345955,$15.00,$2.00 / 100ML,https://www.woolworths.com.au/shop/productdetails/345955/cobram-estate-extra-virgin-light-olive-oil,https://cdn0.woolworths.media/content/wowproductimages/medium/345955.jpg,2020-09-21 17:27:05,,0,,True
a0df228b-8502-46ad-8b84-78abfae2ed94,Woolworths Supermarket,Pantry,Woolworths Diced Italian Tomatoes No Added Salt 400g,770320,$0.80,$2.00 / 1KG,https://www.woolworths.com.au/shop/productdetails/770320/woolworths-diced-italian-tomatoes-no-added-salt,https://cdn0.woolworths.media/content/wowproductimages/medium/770320.jpg,2020-09-21 17:27:05,Average product rating out of 5: 4.7. Product score is based on 311 ratings,311,,True
fc0fc4fc-098e-4859-b140-c93680cd0a4c,Woolworths Supermarket,Pantry,Macro Organic Quinoa Tri Colour 500g,717631,$7.00,$1.40 / 100G,https://www.woolworths.com.au/shop/productdetails/717631/macro-organic-quinoa-tri-colour,https://cdn0.woolworths.media/content/wowproductimages/medium/717631.jpg,2020-09-21 17:27:05,Average product rating out of 5: 4.6. Product score is based on 274 ratings,274,Was $9.99 09/01/2017,True
cf87c558-4f62-4f11-ae02-1a37b79e3ba8,Woolworths Supermarket,Pantry,Woolworths Almond Meal 400g,610610,$7.50,$18.75 / 1KG,https://www.woolworths.com.au/shop/productdetails/610610/woolworths-almond-meal,https://cdn0.woolworths.media/content/wowproductimages/medium/610610.jpg,2020-09-21 17:27:05,Average product rating out of 5: 4.6. Product score is based on 326 ratings,326,Was $9.00 22/07/2020,True
3c1549cf-ef48-4ccb-af8b-83d68c4ef0b6,Woolworths Supermarket,Pantry,Continental Cup A Soup Creamy Chicken With Lots Of Noodles 2 pack,026649,$2.00,$3.33 / 100G,https://www.woolworths.com.au/shop/productdetails/26649/continental-cup-a-soup-creamy-chicken-with-lots-of-noodles,https://cdn0.woolworths.media/content/wowproductimages/medium/026649.jpg,2020-09-21 17:27:05,,0,,True
e2719a54-f436-4e3c-89c8-ee8b0ea356ca,Woolworths Supermarket,Pantry,Sanitarium Weet-bix Breakfast Cereal 1.2kg,200695,$5.00,$0.42 / 100G,https://www.woolworths.com.au/shop/productdetails/200695/sanitarium-weet-bix-breakfast-cereal,https://cdn0.woolworths.media/content/wowproductimages/medium/200695.jpg,2020-09-21 17:27:05,,0,,True
25b33a74-b609-450d-aacd-2d6ff41f000e,Woolworths Supermarket,Pantry,Arnott's Monte Carlo 250g,036031,$3.00,$1.20 / 100G,https://www.woolworths.com.au/shop/productdetails/36031/arnott-s-monte-carlo,https://cdn0.woolworths.media/content/wowproductimages/medium/036031.jpg,2020-09-21 17:27:05,,0,,True
83b4d5d7-a056-44d8-a2f9-5efada9a30fe,Woolworths Supermarket,Pantry,Ritz Crackers Original 300g,660562,$2.50,$0.83 / 100G,https://www.woolworths.com.au/shop/productdetails/660562/ritz-crackers-original,https://cdn0.woolworths.media/content/wowproductimages/medium/660562.jpg,2020-09-21 17:27:05,,0,,True
54d8c271-7517-4af0-9e18-6e760c70e963,Woolworths Supermarket,Pantry,Bertolli Extra Virgin Olive Oil Originale 750ml,502951,$6.50,$0.87 / 100ML,https://www.woolworths.com.au/shop/productdetails/502951/bertolli-extra-virgin-olive-oil-originale,https://cdn0.woolworths.media/content/wowproductimages/medium/502951.jpg,2020-09-21 17:27:05,,0,,True
675e8d90-3279-4ef4-b989-1909670e28ae,Woolworths Supermarket,Pantry,Woolworths White Rice Long Grain 5kg,072779,$6.70,$0.13 / 100G,https://www.woolworths.com.au/shop/productdetails/72779/woolworths-white-rice-long-grain,https://cdn0.woolworths.media/content/wowproductimages/medium/072779.jpg,2020-09-21 17:27:05,Average product rating out of 5: 4.8. Product score is based on 14 ratings,14,,True
4ddfe098-0eac-46de-b59b-b214895c0868,Woolworths Supermarket,Pantry,Cadbury Dairy Milk Chocolate Fair Trade 350g,757883,$5.00,$1.43 / 100G,https://www.woolworths.com.au/shop/productdetails/757883/cadbury-dairy-milk-chocolate-fair-trade,https://cdn0.woolworths.media/content/wowproductimages/medium/757883.jpg,2020-09-21 17:27:05,,0,Was $6.30 16/01/2017,True
8388fa26-b431-43f0-a1e6-fd02bf646499,Woolworths Supermarket,Pantry,Queen Organic Vanilla Bean Paste 65g,225399,$11.80,$18.15 / 100G,https://www.woolworths.com.au/shop/productdetails/225399/queen-organic-vanilla-bean-paste,https://cdn0.woolworths.media/content/wowproductimages/medium/225399.jpg,2020-09-21 17:27:05,,0,,True
d91c4ec1-3e84-4db7-a846-62dec6f8c9e6,Woolworths Supermarket,Pantry,Woolworths Walnuts Kernel 500g,749540,$11.00,$22.00 / 1KG,https://www.woolworths.com.au/shop/productdetails/749540/woolworths-walnuts-kernel,https://cdn0.woolworths.media/content/wowproductimages/medium/749540.jpg,2020-09-21 17:27:05,Average product rating out of 5: 4.8. Product score is based on 360 ratings,360,,True
3b979b5b-7db2-4b66-a7d2-536c7c954d9a,Woolworths Supermarket,Pantry,Moccona Freeze Dried Instant Coffee Classic Medium Roast 400g,208575,$24.00,$6.00 / 100G,https://www.woolworths.com.au/shop/productdetails/208575/moccona-freeze-dried-instant-coffee-classic-medium-roast,https://cdn0.woolworths.media/content/wowproductimages/medium/208575.jpg,2020-09-21 17:27:05,,0,,True
1a5ee7bf-a109-44e9-8569-d05f0a8a8435,Woolworths Supermarket,Pantry,Vege Chips Chicken Style 100g,793382,$3.80,$3.80 / 100G,https://www.woolworths.com.au/shop/productdetails/793382/vege-chips-chicken-style,https://cdn0.woolworths.media/content/wowproductimages/medium/793382.jpg,2020-09-21 17:27:05,Average product rating out of 5: 4.7. Product score is based on 20 ratings,20,,True
0cb9ca54-6d72-4f38-b192-f44471aa30f8,Woolworths Supermarket,Pantry,Nescafe Blend 43 Soluble Instant Coffee 500g,035694,$20.00,$4.00 / 100G,https://www.woolworths.com.au/shop/productdetails/35694/nescafe-blend-43-soluble-instant-coffee,https://cdn0.woolworths.media/content/wowproductimages/medium/035694.jpg,2020-09-21 17:27:05,,0,,True
ae7ff75c-8670-4657-ac51-2c1f0b430544,Woolworths Supermarket,Pantry,Beechworth Pure Honey 1.5kg,250371,$22.00,$1.47 / 100G,https://www.woolworths.com.au/shop/productdetails/250371/beechworth-pure-honey,https://cdn0.woolworths.media/content/wowproductimages/medium/250371.jpg,2020-09-21 17:27:05,,0,,True
42d3cecb-c324-4767-abf5-a9e56ce4d89c,Woolworths Supermarket,Pantry,Mckenzie's Himalayan Salt Rock Pink 400g,749926,$5.95,$0.15 / 10G,https://www.woolworths.com.au/shop/productdetails/749926/mckenzie-s-himalayan-salt-rock-pink,https://cdn0.woolworths.media/content/wowproductimages/medium/749926.jpg,2020-09-21 17:27:05,,0,,True
2e3039f9-2266-4198-977a-65ce1bb13e53,Woolworths Supermarket,Pantry,Woolworths Rolled Traditional Oats 750g,321220,$1.40,$0.19 / 100G,https://www.woolworths.com.au/shop/productdetails/321220/woolworths-rolled-traditional-oats,https://cdn0.woolworths.media/content/wowproductimages/medium/321220.jpg,2020-09-21 17:27:05,Average product rating out of 5: 4.6. Product score is based on 748 ratings,748,,True
b1490257-9881-4ad4-ad98-a283dbce30b5,Woolworths Supermarket,Pantry,Wrigley's Extra White Peppermint Chewing Gum Sugar Free Bottle 64g,259348,$3.50,$5.47 / 100G,https://www.woolworths.com.au/shop/productdetails/259348/wrigley-s-extra-white-peppermint-chewing-gum-sugar-free-bottle,https://cdn0.woolworths.media/content/wowproductimages/medium/259348.jpg,2020-09-21 17:27:05,,0,,True
7c2d1c54-db3f-48dd-b643-5fb37f6a089a,Woolworths Supermarket,Pantry,Woolworths Chickpeas No Added Salt 420g,259399,$0.80,$0.19 / 100G,https://www.woolworths.com.au/shop/productdetails/259399/woolworths-chickpeas-no-added-salt,https://cdn0.woolworths.media/content/wowproductimages/medium/259399.jpg,2020-09-21 17:27:05,Average product rating out of 5: 4.4. Product score is based on 575 ratings,575,,True
6b32ba1f-062e-4056-862c-2de85b038e1d,Woolworths Supermarket,Pantry,Woolworths Lentils No Added Salt 420g,259400,$0.80,$0.19 / 100G,https://www.woolworths.com.au/shop/productdetails/259400/woolworths-lentils-no-added-salt,https://cdn0.woolworths.media/content/wowproductimages/medium/259400.jpg,2020-09-21 17:27:05,Average product rating out of 5: 4.3. Product score is based on 386 ratings,386,,True
7aaf093b-7f5d-4cb4-a0b0-c04c0c597032,Woolworths Supermarket,Pantry,Woolworths Red Kidney Beans No Added Salt 420G,259401,$0.80,$0.19 / 100G,https://www.woolworths.com.au/shop/productdetails/259401/woolworths-red-kidney-beans-no-added-salt,https://cdn0.woolworths.media/content/wowproductimages/medium/259401.jpg,2020-09-21 17:27:05,Average product rating out of 5: 4.5. Product score is based on 493 ratings,493,,True
0c34da0c-d382-490a-8cff-e6cd0e7ae98f,Woolworths Supermarket,Pantry,Leggos Tomato Paste Squeeze 400g,259592,$3.40,$0.85 / 100G,https://www.woolworths.com.au/shop/productdetails/259592/leggos-tomato-paste-squeeze,https://cdn0.woolworths.media/content/wowproductimages/medium/259592.jpg,2020-09-21 17:27:05,,0,,True
53254676-0fbe-4906-adbb-908395bef0ae,Woolworths Supermarket,Pantry,Leggos Tomato Paste Pizza Grlc Onion Herb Squeeze 400g,259593,,,https://www.woolworths.com.au/shop/productdetails/259593/leggos-tomato-paste-pizza-grlc-onion-herb-squeeze,https://cdn0.woolworths.media/content/wowproductimages/medium/259593.jpg,2020-09-21 17:27:05,,0,,False
94cf951b-03b7-4344-93f9-1687817b00cb,Woolworths Supermarket,Pantry,Morlife Fruit Goji Berries 150g,259821,$7.95,$53.00 / 1KG,https://www.woolworths.com.au/shop/productdetails/259821/morlife-fruit-goji-berries,https://cdn0.woolworths.media/content/wowproductimages/medium/259821.jpg,2020-09-21 17:27:05,Average product rating out of 5: 4.3. Product score is based on 3 ratings,3,,True
598d7748-417f-482f-8382-c72149c997b5,Woolworths Supermarket,Pantry,Always Fresh Crustini Crispbread Olive & Sea Salt 120g,260123,$3.70,$3.08 / 100G,https://www.woolworths.com.au/shop/productdetails/260123/always-fresh-crustini-crispbread-olive-sea-salt,https://cdn0.woolworths.media/content/wowproductimages/medium/260123.jpg,2020-09-21 17:27:05,,0,,True
1946ab68-cb28-437c-9756-6bdfa19afd38,Woolworths Supermarket,Pantry,Essentials Beetroot Sliced 825g,260513,$2.00,$2.42 / 1KG,https://www.woolworths.com.au/shop/productdetails/260513/essentials-beetroot-sliced,https://cdn0.woolworths.media/content/wowproductimages/medium/260513.jpg,2020-09-21 17:27:05,,0,,True
32aec900-5218-41be-843e-4ca5efe1e76b,Woolworths Supermarket,Pantry,Woolworths Extra Virgin Olive Oil Spray 150g,260739,$2.20,$1.47 / 100G,https://www.woolworths.com.au/shop/productdetails/260739/woolworths-extra-virgin-olive-oil-spray,https://cdn0.woolworths.media/content/wowproductimages/medium/260739.jpg,2020-09-21 17:27:05,,0,,True
0ca2be1a-ed3c-4e53-a280-3bc2bd2e5760,Woolworths Supermarket,Pantry,Kraft Easy Mac Classic Cheese 73g,260783,$2.20,$3.01 / 100G,https://www.woolworths.com.au/shop/productdetails/260783/kraft-easy-mac-classic-cheese,https://cdn0.woolworths.media/content/wowproductimages/medium/260783.jpg,2020-09-21 17:27:05,,0,,True
4d7fe566-bd2a-48d2-9822-1375ea64dc26,Woolworths Supermarket,Pantry,Nestle Kitkat Original Milk Chocolate Block 170g,260805,$4.50,$2.65 / 100G,https://www.woolworths.com.au/shop/productdetails/260805/nestle-kitkat-original-milk-chocolate-block,https://cdn0.woolworths.media/content/wowproductimages/medium/260805.jpg,2020-09-21 17:27:05,,0,,True
fe9e0017-cb96-40d6-b627-0c4bc8804a62,Woolworths Supermarket,Pantry,Cobram Estate Extra Virgin Olive Oil 3l,260867,$37.00,$1.23 / 100ML,https://www.woolworths.com.au/shop/productdetails/260867/cobram-estate-extra-virgin-olive-oil,https://cdn0.woolworths.media/content/wowproductimages/medium/260867.jpg,2020-09-21 17:27:05,,0,,True
34a350a7-58d7-4f87-9d78-e6f893ae0786,Woolworths Supermarket,Pantry,Arnott's Iced Vovo 210g,261150,$2.50,$1.19 / 100G,https://www.woolworths.com.au/shop/productdetails/261150/arnott-s-iced-vovo,https://cdn0.woolworths.media/content/wowproductimages/medium/261150.jpg,2020-09-21 17:27:05,,0,,True
82036d6e-af40-493d-9cb8-67e022cd1f5c,Woolworths Supermarket,Pantry,Sakata Rice Crackers Wholegrain Original 90g,261618,$2.00,$2.22 / 100G,https://www.woolworths.com.au/shop/productdetails/261618/sakata-rice-crackers-wholegrain-original,https://cdn0.woolworths.media/content/wowproductimages/medium/261618.jpg,2020-09-21 17:27:05,,0,Was $2.40 11/06/2018,True
4d4e9216-0da8-433d-bf0f-be7d5543b005,Woolworths Supermarket,Pantry,Uncle Ben's Microwave Tomato & Basil Rice 250g,261734,$3.00,$1.20 / 100G,https://www.woolworths.com.au/shop/productdetails/261734/uncle-ben-s-microwave-tomato-basil-rice,https://cdn0.woolworths.media/content/wowproductimages/medium/261734.jpg,2020-09-21 17:27:05,,0,,True
a1419093-a566-4d92-9ad8-edac6e958b52,Woolworths Supermarket,Pantry,Uncle Ben's Microwave Savoury Chicken Flavour Rice 250g,261735,$3.00,$1.20 / 100G,https://www.woolworths.com.au/shop/productdetails/261735/uncle-ben-s-microwave-savoury-chicken-flavour-rice,https://cdn0.woolworths.media/content/wowproductimages/medium/261735.jpg,2020-09-21 17:27:05,,0,,True
50412563-b08f-4e14-a8ae-652412c76f24,Woolworths Supermarket,Pantry,Wizz Fizz Sherbet Cones 5pk,261857,$2.00,$2.86 / 100G,https://www.woolworths.com.au/shop/productdetails/261857/wizz-fizz-sherbet-cones,https://cdn0.woolworths.media/content/wowproductimages/medium/261857.jpg,2020-09-21 17:27:05,,0,,True
06410704-1250-4628-9414-3e8599622ac3,Woolworths Supermarket,Pantry,Wizz Fizz Sherbet Original 8 pack,261858,$1.80,$1.80 / 100G,https://www.woolworths.com.au/shop/productdetails/261858/wizz-fizz-sherbet-original,https://cdn0.woolworths.media/content/wowproductimages/medium/261858.jpg,2020-09-21 17:27:05,,0,,True
f552cf1d-3fc4-4748-9e35-f78044917e1b,Woolworths Supermarket,Pantry,Loacker Wafers Original Hazelnut Tortina 125g,261943,$2.50,$2.00 / 100G,https://www.woolworths.com.au/shop/productdetails/261943/loacker-wafers-original-hazelnut-tortina,https://cdn0.woolworths.media/content/wowproductimages/medium/261943.jpg,2020-09-21 17:27:05,,0,,True
01ea8370-f742-4778-8ca2-eb8ff5815e5b,Woolworths Supermarket,Pantry,Loacker Wafers Dark Chocolate Tortina 125g,261945,$2.50,$2.00 / 100G,https://www.woolworths.com.au/shop/productdetails/261945/loacker-wafers-dark-chocolate-tortina,https://cdn0.woolworths.media/content/wowproductimages/medium/261945.jpg,2020-09-21 17:27:05,,0,,True
843dab48-aeb0-4dc3-901e-2deec464f443,Woolworths Supermarket,Pantry,Woolworths Dolmades Traditional Traditional 280g,262151,$3.75,$13.39 / 1KG,https://www.woolworths.com.au/shop/productdetails/262151/woolworths-dolmades-traditional-traditional,https://cdn0.woolworths.media/content/wowproductimages/medium/262151.jpg,2020-09-21 17:27:05,Average product rating out of 5: 3.0. Product score is based on 248 ratings,248,,True
72b8d148-4996-4173-b99f-bc0996ef20c1,Woolworths Supermarket,Pantry,Nerada Organic Camomile Tea Bags 40 pack,262165,$5.00,$0.13 / 1EA,https://www.woolworths.com.au/shop/productdetails/262165/nerada-organic-camomile-tea-bags,https://cdn0.woolworths.media/content/wowproductimages/medium/262165.jpg,2020-09-21 17:27:05,,0,,True
30befe70-913a-4c0b-ab09-be50cd896d24,Woolworths Supermarket,Pantry,Nerada Organic Chai Tea 50pk 93g,262167,$3.70,$0.07 / 1EA,https://www.woolworths.com.au/shop/productdetails/262167/nerada-organic-chai-tea,https://cdn0.woolworths.media/content/wowproductimages/medium/262167.jpg,2020-09-21 17:27:05,,0,,True
497df5eb-ab66-4005-995f-b57d898d0349,Woolworths Supermarket,Pantry,Masterfoods Barbecue Sauce 500ml,099696,$2.50,$0.50 / 100ML,https://www.woolworths.com.au/shop/productdetails/99696/masterfoods-barbecue-sauce,https://cdn0.woolworths.media/content/wowproductimages/medium/099696.jpg,2020-09-21 17:27:05,,0,,True
3a939851-a7cc-4509-949a-bf75bc5f8522,Woolworths Supermarket,Pantry,Doritos Share Pack Cheese Supreme 170g,826731,$2.75,$1.62 / 100G,https://www.woolworths.com.au/shop/productdetails/826731/doritos-share-pack-cheese-supreme,https://cdn0.woolworths.media/content/wowproductimages/medium/826731.jpg,2020-09-21 17:27:05,,0,,True
75824032-f20b-48b5-839c-7d3cd120cbeb,Woolworths Supermarket,Pantry,Arnott's Shortbread 250g,008838,$2.50,$1.00 / 100G,https://www.woolworths.com.au/shop/productdetails/8838/arnott-s-shortbread,https://cdn0.woolworths.media/content/wowproductimages/medium/008838.jpg,2020-09-21 17:27:05,,0,,True
20590094-1726-4e03-958b-10ab870363ca,Woolworths Supermarket,Pantry,Twisties Cheese Chips 90g,081659,$2.00,$2.22 / 100G,https://www.woolworths.com.au/shop/productdetails/81659/twisties-cheese-chips,https://cdn0.woolworths.media/content/wowproductimages/medium/081659.jpg,2020-09-21 17:27:05,,0,,True
973d02e9-7646-408d-b669-6b3d9232e846,Woolworths Supermarket,Pantry,Bertolli Extra Virgin Olive Oil Originale 750ml,502951,$6.50,$0.87 / 100ML,https://www.woolworths.com.au/shop/productdetails/502951/bertolli-extra-virgin-olive-oil-originale,https://cdn0.woolworths.media/content/wowproductimages/medium/502951.jpg,2020-09-21 17:27:05,,0,,True
877f4c01-22b8-459c-9688-6215b062d0cf,Woolworths Supermarket,Pantry,Valcom Canned Bamboo Shoots Sliced 225g,097730,$1.10,$4.89 / 1KG,https://www.woolworths.com.au/shop/productdetails/97730/valcom-canned-bamboo-shoots-sliced,https://cdn0.woolworths.media/content/wowproductimages/medium/097730.jpg,2020-09-21 17:27:05,,0,,True
5ea169ff-5459-4417-9fcb-375332c271e8,Woolworths Supermarket,Pantry,Kellogg's Nutri-grain Protein Breakfast Cereal 290g,701706,$4.95,$1.71 / 100G,https://www.woolworths.com.au/shop/productdetails/701706/kellogg-s-nutri-grain-protein-breakfast-cereal,https://cdn0.woolworths.media/content/wowproductimages/medium/701706.jpg,2020-09-21 17:27:05,,0,,True
2e65af67-b457-4f3e-be2f-345a2abff6a4,Woolworths Supermarket,Pantry,Arnott's Malt O' Milk 250g,036036,$2.50,$1.00 / 100G,https://www.woolworths.com.au/shop/productdetails/36036/arnott-s-malt-o-milk,https://cdn0.woolworths.media/content/wowproductimages/medium/036036.jpg,2020-09-21 17:27:05,,0,,True
7102c97f-b849-40a5-9c47-da3bf8d906a4,Woolworths Supermarket,Pantry,Smith's Share Pack Crinkle Cut Salt & Vinegar 170g,826738,$2.75,$1.62 / 100G,https://www.woolworths.com.au/shop/productdetails/826738/smith-s-share-pack-crinkle-cut-salt-vinegar,https://cdn0.woolworths.media/content/wowproductimages/medium/826738.jpg,2020-09-21 17:27:05,,0,,True
11742eb4-e40e-41e8-8846-435abcc4a3ff,Woolworths Supermarket,Pantry,Arnott's Snack Right Sultana 250g,182697,$3.00,$1.20 / 100G,https://www.woolworths.com.au/shop/productdetails/182697/arnott-s-snack-right-sultana,https://cdn0.woolworths.media/content/wowproductimages/medium/182697.jpg,2020-09-21 17:27:05,,0,Was $4.20 11/02/2019,True
67d7e34f-0ac5-4f4b-939e-3a14dd35efbb,Woolworths Supermarket,Pantry,Toblerone Milk Chocolate Bar 50g,047011,$1.00,$2.00 / 100G,https://www.woolworths.com.au/shop/productdetails/47011/toblerone-milk-chocolate-bar,https://cdn0.woolworths.media/content/wowproductimages/medium/047011.jpg,2020-09-21 17:27:05,,0,,True
11ca493c-c458-4d9c-a0e8-4b9a94743684,Woolworths Supermarket,Pantry,Kooka's Country Cookies Lemon 200g,347837,$2.00,$1.00 / 100G,https://www.woolworths.com.au/shop/productdetails/347837/kooka-s-country-cookies-lemon,https://cdn0.woolworths.media/content/wowproductimages/medium/347837.jpg,2020-09-21 17:27:05,,0,,True
0f9fc48d-2da9-4d85-bee1-e5572157aeb4,Woolworths Supermarket,Pantry,Uncle Tobys Roll-ups Strawberry Fun Prints 6 pack,324231,$4.00,$4.26 / 100G,https://www.woolworths.com.au/shop/productdetails/324231/uncle-tobys-roll-ups-strawberry-fun-prints,https://cdn0.woolworths.media/content/wowproductimages/medium/324231.jpg,2020-09-21 17:27:05,,0,,True
75adbc3b-5b15-4dde-bea8-ef292a1df80f,Woolworths Supermarket,Pantry,Woolworths Corn Sweet Kernels 420g,218926,$1.00,$2.38 / 1KG,https://www.woolworths.com.au/shop/productdetails/218926/woolworths-corn-sweet-kernels,https://cdn0.woolworths.media/content/wowproductimages/medium/218926.jpg,2020-09-21 17:27:05,Average product rating out of 5: 4.1. Product score is based on 215 ratings,215,,True
9c205dfd-cd27-4a4e-bf4d-eba6a80da4dd,Woolworths Supermarket,Pantry,Moccona Freeze Dried Instant Coffee Classic Medium Roast 400g,208575,$24.00,$6.00 / 100G,https://www.woolworths.com.au/shop/productdetails/208575/moccona-freeze-dried-instant-coffee-classic-medium-roast,https://cdn0.woolworths.media/content/wowproductimages/medium/208575.jpg,2020-09-21 17:27:05,,0,,True
bf42e835-c143-4069-8353-ec5cbfd7b754,Woolworths Supermarket,Pantry,Macro Organic Quinoa Tri Colour 500g,717631,$7.00,$1.40 / 100G,https://www.woolworths.com.au/shop/productdetails/717631/macro-organic-quinoa-tri-colour,https://cdn0.woolworths.media/content/wowproductimages/medium/717631.jpg,2020-09-21 17:27:05,Average product rating out of 5: 4.6. Product score is based on 274 ratings,274,Was $9.99 09/01/2017,True
a89acb8f-0e8d-42e2-9448-266584f91bb7,Woolworths Supermarket,Pantry,Arnott's Shapes Cheddar 175g,384244,$2.50,$1.43 / 100G,https://www.woolworths.com.au/shop/productdetails/384244/arnott-s-shapes-cheddar,https://cdn0.woolworths.media/content/wowproductimages/medium/384244.jpg,2020-09-21 17:27:05,,0,,True
b858efda-4b21-4e22-8372-91cfefc15be8,Woolworths Supermarket,Pantry,Uncle Ben's Microwave Mexican Style Brown Rice 250g,727257,$3.00,$1.20 / 100G,https://www.woolworths.com.au/shop/productdetails/727257/uncle-ben-s-microwave-mexican-style-brown-rice,https://cdn0.woolworths.media/content/wowproductimages/medium/727257.jpg,2020-09-21 17:27:05,,0,,True
096a6be7-2181-4c09-8052-7c0fb082b4bf,Woolworths Supermarket,Pantry,Pringles Sour Cream And Onion Chips 134g,479502,$2.50,$1.87 / 100G,https://www.woolworths.com.au/shop/productdetails/479502/pringles-sour-cream-and-onion-chips,https://cdn0.woolworths.media/content/wowproductimages/medium/479502.jpg,2020-09-21 17:27:05,,0,,True
ee2a0586-6dae-4625-88e8-edc721139ca4,Woolworths Supermarket,Pantry,Nerada Organic Peppermint Tea Bags 40pk 60g,262170,$5.00,$0.13 / 1EA,https://www.woolworths.com.au/shop/productdetails/262170/nerada-organic-peppermint-tea-bags,https://cdn0.woolworths.media/content/wowproductimages/medium/262170.jpg,2020-09-21 17:27:05,,0,,True
208ffdc9-5735-4a14-b147-0e360f4dc815,Woolworths Supermarket,Pantry,Capilano Honey Squeeze Pack 500g,262206,$8.60,$1.72 / 100G,https://www.woolworths.com.au/shop/productdetails/262206/capilano-honey-squeeze-pack,https://cdn0.woolworths.media/content/wowproductimages/medium/262206.jpg,2020-09-21 17:27:05,,0,,True
00ba4beb-7f97-4b94-b07e-44a71dcca222,Woolworths Supermarket,Pantry,Old El Paso Taco Soft Crispy Chicken Dinner Kit 370g,262265,$6.50,$1.76 / 100G,https://www.woolworths.com.au/shop/productdetails/262265/old-el-paso-taco-soft-crispy-chicken-dinner-kit,https://cdn0.woolworths.media/content/wowproductimages/medium/262265.jpg,2020-09-21 17:27:05,,0,,True
747f2885-0b5e-41e9-83f2-688e2d710c64,Woolworths Supermarket,Pantry,Tetley Decaffeinated Green Tea Bags 50 pack,262434,$3.00,$0.06 / 1EA,https://www.woolworths.com.au/shop/productdetails/262434/tetley-decaffeinated-green-tea-bags,https://cdn0.woolworths.media/content/wowproductimages/medium/262434.jpg,2020-09-21 17:27:05,,0,,True
ac90bc0a-b05a-426f-9346-6920dda66fff,Woolworths Supermarket,Pantry,Twinings Green Tea Bags 50 pack,262437,$7.00,$0.14 / 1EA,https://www.woolworths.com.au/shop/productdetails/262437/twinings-green-tea-bags,https://cdn0.woolworths.media/content/wowproductimages/medium/262437.jpg,2020-09-21 17:27:05,,0,,True
2e70d8fe-17e8-402a-b055-3b4fa4f24652,Woolworths Supermarket,Pantry,Lighthouse Biscuit Pastry & Cake Plain Flour 1kg,262660,$3.85,$3.85 / 1KG,https://www.woolworths.com.au/shop/productdetails/262660/lighthouse-biscuit-pastry-cake-plain-flour,https://cdn0.woolworths.media/content/wowproductimages/medium/262660.jpg,2020-09-21 17:27:05,,0,,True
eb2e1bde-fc52-4bdd-b4ad-826bfcb014eb,Woolworths Supermarket,Pantry,"Lighthouse Plain Flour For Pasta Tipo ""00"" 1kg",262664,$3.75,$3.75 / 1KG,https://www.woolworths.com.au/shop/productdetails/262664/lighthouse-plain-flour-for-pasta-tipo-00-,https://cdn0.woolworths.media/content/wowproductimages/medium/262664.jpg,2020-09-21 17:27:05,,0,,True
9af97d78-68f8-45f7-92bb-d56ff5d933e4,Woolworths Supermarket,Pantry,Lighthouse Bread And Pizza Plain Flour 1kg,262665,$3.85,$3.85 / 1KG,https://www.woolworths.com.au/shop/productdetails/262665/lighthouse-bread-and-pizza-plain-flour,https://cdn0.woolworths.media/content/wowproductimages/medium/262665.jpg,2020-09-21 17:27:05,,0,,True
da0a13a8-708d-41f6-b612-19502d9f07d7,Woolworths Supermarket,Pantry,Laucke Multigrain Soy Linseed Bread Mix 2.4kg,262808,$10.25,$4.27 / 1KG,https://www.woolworths.com.au/shop/productdetails/262808/laucke-multigrain-soy-linseed-bread-mix,https://cdn0.woolworths.media/content/wowproductimages/medium/262808.jpg,2020-09-21 17:27:05,,0,,True
531b2743-d724-4672-9cdf-469e2fa73f05,Woolworths Supermarket,Pantry,Woolworths Natural Plain Waffle Cones 12 pack,262823,$3.20,$1.88 / 100G,https://www.woolworths.com.au/shop/productdetails/262823/woolworths-natural-plain-waffle-cones,https://cdn0.woolworths.media/content/wowproductimages/medium/262823.jpg,2020-09-21 17:27:05,,0,,True
25f26332-99d6-4436-8ab1-6ea09fbc3ef1,Woolworths Supermarket,Pantry,Woolworths Natural Choc And Vanilla Waffle Cones 12 pack,262824,$3.50,$2.06 / 100G,https://www.woolworths.com.au/shop/productdetails/262824/woolworths-natural-choc-and-vanilla-waffle-cones,https://cdn0.woolworths.media/content/wowproductimages/medium/262824.jpg,2020-09-21 17:27:05,,0,,True
d84f38da-5e83-4569-836e-f7cae87df74c,Woolworths Supermarket,Pantry,Obento Japanese Seasoning Sushi 250ml,263255,$3.30,$1.32 / 100ML,https://www.woolworths.com.au/shop/productdetails/263255/obento-japanese-seasoning-sushi,https://cdn0.woolworths.media/content/wowproductimages/medium/263255.jpg,2020-09-21 17:27:05,,0,,True
b6c2262b-5bef-41ea-a6a5-70c33b830d77,Woolworths Supermarket,Pantry,Hikari Japanese Miso Soup Instant Wakame 216g,263256,$3.30,$1.53 / 100G,https://www.woolworths.com.au/shop/productdetails/263256/hikari-japanese-miso-soup-instant-wakame,https://cdn0.woolworths.media/content/wowproductimages/medium/263256.jpg,2020-09-21 17:27:05,,0,,True
03888e70-a424-4015-acde-e397b2ffb744,Woolworths Supermarket,Pantry,Lee Kum Kee Sauce Teriyaki Beef 100g,263288,$1.70,$1.70 / 100G,https://www.woolworths.com.au/shop/productdetails/263288/lee-kum-kee-sauce-teriyaki-beef,https://cdn0.woolworths.media/content/wowproductimages/medium/263288.jpg,2020-09-21 17:27:05,,0,,True
ee950b0b-d57b-4460-9660-d1e62de38cec,Woolworths Supermarket,Pantry,Chang's Gluten Free Noodles 100g,263290,$2.00,$2.00 / 100G,https://www.woolworths.com.au/shop/productdetails/263290/chang-s-gluten-free-noodles,https://cdn0.woolworths.media/content/wowproductimages/medium/263290.jpg,2020-09-21 17:27:05,,0,,True
7b714f8e-191c-40ad-8f82-04d4e3e8fac4,Woolworths Supermarket,Pantry,Sirena Tuna La Vita Lite In Oil 95g,263409,$2.70,$28.42 / 1KG,https://www.woolworths.com.au/shop/productdetails/263409/sirena-tuna-la-vita-lite-in-oil,https://cdn0.woolworths.media/content/wowproductimages/medium/263409.jpg,2020-09-21 17:27:05,,0,,True
35ba8949-ea96-467f-ae96-e88063d6416e,Woolworths Supermarket,Pantry,John West Tuna In Olive Oil 425g,263411,$4.50,$10.59 / 1KG,https://www.woolworths.com.au/shop/productdetails/263411/john-west-tuna-in-olive-oil,https://cdn0.woolworths.media/content/wowproductimages/medium/263411.jpg,2020-09-21 17:27:05,,0,,True
6dd98049-2ab7-4c66-ac92-6ab80a117fe4,Woolworths Supermarket,Pantry,John West Salmon Tempters In Springwater 95g,263414,$2.70,$28.42 / 1KG,https://www.woolworths.com.au/shop/productdetails/263414/john-west-salmon-tempters-in-springwater,https://cdn0.woolworths.media/content/wowproductimages/medium/263414.jpg,2020-09-21 17:27:05,,0,,True
6ba13390-8ec1-4451-b73a-fc660403d898,Woolworths Supermarket,Pantry,Vege Chips Salt & Vinegar 100g,263796,$3.80,$3.80 / 100G,https://www.woolworths.com.au/shop/productdetails/263796/vege-chips-salt-vinegar,https://cdn0.woolworths.media/content/wowproductimages/medium/263796.jpg,2020-09-21 17:27:05,Average product rating out of 5: 4.8. Product score is based on 24 ratings,24,,True
778af9ed-75f2-4420-9930-916ccaf283bf,Woolworths Supermarket,Pantry,Dole Pineapple Crushed In Juice 227g,264004,$1.60,$7.05 / 1KG,https://www.woolworths.com.au/shop/productdetails/264004/dole-pineapple-crushed-in-juice,https://cdn0.woolworths.media/content/wowproductimages/medium/264004.jpg,2020-09-21 17:27:05,,0,,True
e9b4f2f7-6c79-42dc-abe9-3d6e5db1a4d9,Woolworths Supermarket,Pantry,White Wings Cupcake Mix Vanilla 410g,264038,$4.00,$0.98 / 100G,https://www.woolworths.com.au/shop/productdetails/264038/white-wings-cupcake-mix-vanilla,https://cdn0.woolworths.media/content/wowproductimages/medium/264038.jpg,2020-09-21 17:27:05,,0,Was $5.00 31/10/16,True
8ea77249-fee9-4e2d-8db7-1bb539d34053,Woolworths Supermarket,Pantry,Dollar Sweets 100s & 1000s 190g,264091,$2.00,$1.05 / 100G,https://www.woolworths.com.au/shop/productdetails/264091/dollar-sweets-100s-1000s,https://cdn0.woolworths.media/content/wowproductimages/medium/264091.jpg,2020-09-21 17:27:05,,0,,True
da31cd58-0005-461a-9bee-73e97be3af48,Woolworths Supermarket,Pantry,Three Threes Gherkins Sweet Spiced 260g,264285,$2.20,$8.46 / 1KG,https://www.woolworths.com.au/shop/productdetails/264285/three-threes-gherkins-sweet-spiced,https://cdn0.woolworths.media/content/wowproductimages/medium/264285.jpg,2020-09-21 17:27:05,,0,,True
483ea8ae-6b79-4f5e-968a-c56ba5780243,Woolworths Supermarket,Pantry,Bean Supreme Sage Parsley Rosemary Sausages 375g,265033,$8.00,$2.13 / 100G,https://www.woolworths.com.au/shop/productdetails/265033/bean-supreme-sage-parsley-rosemary-sausages,https://cdn0.woolworths.media/content/wowproductimages/medium/265033.jpg,2020-09-21 17:27:05,,0,,True
c2b2a9a6-60c7-4397-b7fc-cc589e8409db,Woolworths Supermarket,Pantry,Sunbites Grain Waves Sour Cream & Chives 5 pack,720220,$3.10,$2.82 / 100G,https://www.woolworths.com.au/shop/productdetails/720220/sunbites-grain-waves-sour-cream-chives,https://cdn0.woolworths.media/content/wowproductimages/medium/720220.jpg,2020-09-21 17:27:05,,0,2 for $5.00,True
79082fac-3a08-45ee-8a45-5279657ed1ce,Woolworths Supermarket,Pantry,Woolworths Rolled Traditional Oats 750g,321220,$1.40,$0.19 / 100G,https://www.woolworths.com.au/shop/productdetails/321220/woolworths-rolled-traditional-oats,https://cdn0.woolworths.media/content/wowproductimages/medium/321220.jpg,2020-09-21 17:27:05,Average product rating out of 5: 4.6. Product score is based on 748 ratings,748,,True
428f4468-fcb6-430c-b3a4-85c63e76d780,Woolworths Supermarket,Pantry,Cobram Estate Extra Virgin Light Olive Oil 750ml,345955,$15.00,$2.00 / 100ML,https://www.woolworths.com.au/shop/productdetails/345955/cobram-estate-extra-virgin-light-olive-oil,https://cdn0.woolworths.media/content/wowproductimages/medium/345955.jpg,2020-09-21 17:27:05,,0,,True
6d1ba433-a1ba-49ac-84d9-00aa76f9f331,Woolworths Supermarket,Pantry,Woolworths Almond Meal 400g,610610,$7.50,$18.75 / 1KG,https://www.woolworths.com.au/shop/productdetails/610610/woolworths-almond-meal,https://cdn0.woolworths.media/content/wowproductimages/medium/610610.jpg,2020-09-21 17:27:05,Average product rating out of 5: 4.6. Product score is based on 326 ratings,326,Was $9.00 22/07/2020,True
7ba7de4d-c167-4cbc-86d8-29bdbc479235,Woolworths Supermarket,Pantry,Moccona Freeze Dried Instant Coffee Classic Medium Roast 400g,208575,$24.00,$6.00 / 100G,https://www.woolworths.com.au/shop/productdetails/208575/moccona-freeze-dried-instant-coffee-classic-medium-roast,https://cdn0.woolworths.media/content/wowproductimages/medium/208575.jpg,2020-09-21 17:27:05,,0,,True
38fbfbe9-7649-48cd-8b77-ff4067ae6dd1,Woolworths Supermarket,Pantry,Arnott's Monte Carlo 250g,036031,$3.00,$1.20 / 100G,https://www.woolworths.com.au/shop/productdetails/36031/arnott-s-monte-carlo,https://cdn0.woolworths.media/content/wowproductimages/medium/036031.jpg,2020-09-21 17:27:05,,0,,True
53ecfb18-3216-4a21-8205-87aa85dbb013,Woolworths Supermarket,Pantry,Queen Organic Vanilla Bean Paste 65g,225399,$11.80,$18.15 / 100G,https://www.woolworths.com.au/shop/productdetails/225399/queen-organic-vanilla-bean-paste,https://cdn0.woolworths.media/content/wowproductimages/medium/225399.jpg,2020-09-21 17:27:05,,0,,True
714fc1f7-a2bf-4bd3-b249-8c243c1d1276,Woolworths Supermarket,Pantry,Mckenzie's Himalayan Salt Rock Pink 400g,749926,$5.95,$0.15 / 10G,https://www.woolworths.com.au/shop/productdetails/749926/mckenzie-s-himalayan-salt-rock-pink,https://cdn0.woolworths.media/content/wowproductimages/medium/749926.jpg,2020-09-21 17:27:05,,0,,True
2d9064a6-6a75-421a-b05f-5998b4d0f28d,Woolworths Supermarket,Pantry,Bertolli Extra Virgin Olive Oil Originale 750ml,502951,$6.50,$0.87 / 100ML,https://www.woolworths.com.au/shop/productdetails/502951/bertolli-extra-virgin-olive-oil-originale,https://cdn0.woolworths.media/content/wowproductimages/medium/502951.jpg,2020-09-21 17:27:05,,0,,True
8cf2a219-582e-4400-874d-e3f37bae4578,Woolworths Supermarket,Pantry,Cadbury Dairy Milk Chocolate Fair Trade 350g,757883,$5.00,$1.43 / 100G,https://www.woolworths.com.au/shop/productdetails/757883/cadbury-dairy-milk-chocolate-fair-trade,https://cdn0.woolworths.media/content/wowproductimages/medium/757883.jpg,2020-09-21 17:27:05,,0,Was $6.30 16/01/2017,True
c6dee7d6-f927-4808-a069-9446adf4ea01,Woolworths Supermarket,Pantry,Woolworths White Rice Long Grain 5kg,072779,$6.70,$0.13 / 100G,https://www.woolworths.com.au/shop/productdetails/72779/woolworths-white-rice-long-grain,https://cdn0.woolworths.media/content/wowproductimages/medium/072779.jpg,2020-09-21 17:27:05,Average product rating out of 5: 4.8. Product score is based on 14 ratings,14,,True
f8f0ec03-6aac-4b26-a009-77bb82bebbaa,Woolworths Supermarket,Pantry,Continental Cup A Soup Creamy Chicken With Lots Of Noodles 2 pack,026649,$2.00,$3.33 / 100G,https://www.woolworths.com.au/shop/productdetails/26649/continental-cup-a-soup-creamy-chicken-with-lots-of-noodles,https://cdn0.woolworths.media/content/wowproductimages/medium/026649.jpg,2020-09-21 17:27:05,,0,,True
253c594d-dc9b-466d-839e-3f7e7fafb080,Woolworths Supermarket,Pantry,Woolworths Diced Italian Tomatoes No Added Salt 400g,770320,$0.80,$2.00 / 1KG,https://www.woolworths.com.au/shop/productdetails/770320/woolworths-diced-italian-tomatoes-no-added-salt,https://cdn0.woolworths.media/content/wowproductimages/medium/770320.jpg,2020-09-21 17:27:05,Average product rating out of 5: 4.7. Product score is based on 311 ratings,311,,True
ca85ffce-306b-4dd3-b0af-8cac07dca513,Woolworths Supermarket,Pantry,Nescafe Blend 43 Soluble Instant Coffee 500g,035694,$20.00,$4.00 / 100G,https://www.woolworths.com.au/shop/productdetails/35694/nescafe-blend-43-soluble-instant-coffee,https://cdn0.woolworths.media/content/wowproductimages/medium/035694.jpg,2020-09-21 17:27:05,,0,,True
4de7edfc-6218-4096-9225-659197e18e0e,Woolworths Supermarket,Pantry,Vege Chips Chicken Style 100g,793382,$3.80,$3.80 / 100G,https://www.woolworths.com.au/shop/productdetails/793382/vege-chips-chicken-style,https://cdn0.woolworths.media/content/wowproductimages/medium/793382.jpg,2020-09-21 17:27:05,Average product rating out of 5: 4.7. Product score is based on 20 ratings,20,,True
3772dbef-be65-4f24-bba6-096cc1d37274,Woolworths Supermarket,Pantry,Beechworth Pure Honey 1.5kg,250371,$22.00,$1.47 / 100G,https://www.woolworths.com.au/shop/productdetails/250371/beechworth-pure-honey,https://cdn0.woolworths.media/content/wowproductimages/medium/250371.jpg,2020-09-21 17:27:05,,0,,True
76fe3a95-d8fc-4f42-a281-d0667168b570,Woolworths Supermarket,Pantry,Ritz Crackers Original 300g,660562,$2.50,$0.83 / 100G,https://www.woolworths.com.au/shop/productdetails/660562/ritz-crackers-original,https://cdn0.woolworths.media/content/wowproductimages/medium/660562.jpg,2020-09-21 17:27:05,,0,,True
149837a2-2981-4222-bd4e-d804e9a4a188,Woolworths Supermarket,Pantry,Woolworths Walnuts Kernel 500g,749540,$11.00,$22.00 / 1KG,https://www.woolworths.com.au/shop/productdetails/749540/woolworths-walnuts-kernel,https://cdn0.woolworths.media/content/wowproductimages/medium/749540.jpg,2020-09-21 17:27:05,Average product rating out of 5: 4.8. Product score is based on 360 ratings,360,,True
2ff0d3fd-965a-4030-9911-ced0faf4e5ca,Woolworths Supermarket,Pantry,Sanitarium Weet-bix Breakfast Cereal 1.2kg,200695,$5.00,$0.42 / 100G,https://www.woolworths.com.au/shop/productdetails/200695/sanitarium-weet-bix-breakfast-cereal,https://cdn0.woolworths.media/content/wowproductimages/medium/200695.jpg,2020-09-21 17:27:05,,0,,True
13a44370-262b-47f6-91b7-9985d6f4238e,Woolworths Supermarket,Pantry,Macro Organic Quinoa Tri Colour 500g,717631,$7.00,$1.40 / 100G,https://www.woolworths.com.au/shop/productdetails/717631/macro-organic-quinoa-tri-colour,https://cdn0.woolworths.media/content/wowproductimages/medium/717631.jpg,2020-09-21 17:27:05,Average product rating out of 5: 4.6. Product score is based on 274 ratings,274,Was $9.99 09/01/2017,True
7c9d4ea7-e206-441f-b114-37c7ae4e75d0,Woolworths Supermarket,Pantry,Loacker Quadratini Chocolate 125g,265955,$1.25,$1.00 / 100G,https://www.woolworths.com.au/shop/productdetails/265955/loacker-quadratini-chocolate,https://cdn0.woolworths.media/content/wowproductimages/medium/265955.jpg,2020-09-21 17:27:05,,0,,True
071d8eed-e115-45ce-8c3e-08d3966fd4e0,Woolworths Supermarket,Pantry,Macro Dry Roasted Almonds Almond Dry Roasted 250g,266069,$7.30,$29.20 / 1KG,https://www.woolworths.com.au/shop/productdetails/266069/macro-dry-roasted-almonds-almond-dry-roasted,https://cdn0.woolworths.media/content/wowproductimages/medium/266069.jpg,2020-09-21 17:27:05,Average product rating out of 5: 4.8. Product score is based on 40 ratings,40,,True
2cd7549c-fae8-4d7d-b28c-a0311a3e35c9,Woolworths Supermarket,Pantry,Whittaker's Block Creamy Milk 33% Cocoa 250g,266869,$5.00,$2.00 / 100G,https://www.woolworths.com.au/shop/productdetails/266869/whittaker-s-block-creamy-milk-33-cocoa,https://cdn0.woolworths.media/content/wowproductimages/medium/266869.jpg,2020-09-21 17:27:05,,0,,True
3e0ff5de-f680-4229-918f-5f01d2cf9533,Woolworths Supermarket,Pantry,Whittaker's Block Coconut 33% Cocoa 250g,266879,$5.00,$2.00 / 100G,https://www.woolworths.com.au/shop/productdetails/266879/whittaker-s-block-coconut-33-cocoa,https://cdn0.woolworths.media/content/wowproductimages/medium/266879.jpg,2020-09-21 17:27:05,,0,,True
f1440c48-ae4b-4f50-be15-580a87dc97ea,Woolworths Supermarket,Pantry,Cadbury Bournville Cocoa 250g,267413,$4.90,$1.96 / 100G,https://www.woolworths.com.au/shop/productdetails/267413/cadbury-bournville-cocoa,https://cdn0.woolworths.media/content/wowproductimages/medium/267413.jpg,2020-09-21 17:27:05,,0,,True
7071cdb2-e479-4d9c-96b7-4e1c2478a69f,Woolworths Supermarket,Pantry,Sunrice Sunrice Rice Jasmine 1kg,267557,$3.50,$0.35 / 100G,https://www.woolworths.com.au/shop/productdetails/267557/sunrice-sunrice-rice-jasmine,https://cdn0.woolworths.media/content/wowproductimages/medium/267557.jpg,2020-09-21 17:27:05,,0,,True
bcf4cb58-19b0-4c6b-94ea-32a8aeb288b8,Woolworths Supermarket,Pantry,Sunrice Microwave Indian Basmati Rice 250g,267561,$2.50,$1.00 / 100G,https://www.woolworths.com.au/shop/productdetails/267561/sunrice-microwave-indian-basmati-rice,https://cdn0.woolworths.media/content/wowproductimages/medium/267561.jpg,2020-09-21 17:27:05,,0,Was $2.99 08/03/2016,True
87e6f0b4-8dec-4b66-b8c0-9620ed23530c,Woolworths Supermarket,Pantry,Jack Link's Teriyaki Beef Jerky 50g,267888,$4.55,$91.00 / 1KG,https://www.woolworths.com.au/shop/productdetails/267888/jack-link-s-teriyaki-beef-jerky,https://cdn0.woolworths.media/content/wowproductimages/medium/267888.jpg,2020-09-21 17:27:05,,0,,True
b9a3b764-8d24-4062-a617-c496b5dde79c,Woolworths Supermarket,Pantry,Jack Link's Original Beef Jerky 50g,267889,$4.55,$91.00 / 1KG,https://www.woolworths.com.au/shop/productdetails/267889/jack-link-s-original-beef-jerky,https://cdn0.woolworths.media/content/wowproductimages/medium/267889.jpg,2020-09-21 17:27:05,,0,,True
0bc90867-11c0-46ed-a7d8-09793c293b21,Woolworths Supermarket,Pantry,Abe's Bagel Bakery Roasted Garlic Bagel Crisps 150g,267931,$3.20,$2.13 / 100G,https://www.woolworths.com.au/shop/productdetails/267931/abe-s-bagel-bakery-roasted-garlic-bagel-crisps,https://cdn0.woolworths.media/content/wowproductimages/medium/267931.jpg,2020-09-21 17:27:05,,0,,True
921bd83b-5ff5-42d2-a173-207e2df8e10c,Woolworths Supermarket,Pantry,Barkers Anathoth Farm Three Berry Jam 455g,269871,$5.00,$1.10 / 100G,https://www.woolworths.com.au/shop/productdetails/269871/barkers-anathoth-farm-three-berry-jam,https://cdn0.woolworths.media/content/wowproductimages/medium/269871.jpg,2020-09-21 17:27:05,,0,,True
a1b49b05-63b5-41c3-8c2c-dc659b09ca90,Woolworths Supermarket,Pantry,Barkers Anathoth Farm Raspberry Jam 455g,269897,$5.00,$1.10 / 100G,https://www.woolworths.com.au/shop/productdetails/269897/barkers-anathoth-farm-raspberry-jam,https://cdn0.woolworths.media/content/wowproductimages/medium/269897.jpg,2020-09-21 17:27:05,,0,,True
b0540ecb-69f7-4e88-bb3c-eb1997ff8cf0,Woolworths Supermarket,Pantry,Barkers Anathoth Farm Strawberry Jam 455g,269903,$5.00,$1.10 / 100G,https://www.woolworths.com.au/shop/productdetails/269903/barkers-anathoth-farm-strawberry-jam,https://cdn0.woolworths.media/content/wowproductimages/medium/269903.jpg,2020-09-21 17:27:05,,0,,True
e0561547-bc4b-4d9d-9d55-9de860cab2b8,Woolworths Supermarket,Pantry,Barkers Anathoth Farm Boysenberry Jam 455g,269914,$5.00,$1.10 / 100G,https://www.woolworths.com.au/shop/productdetails/269914/barkers-anathoth-farm-boysenberry-jam,https://cdn0.woolworths.media/content/wowproductimages/medium/269914.jpg,2020-09-21 17:27:05,,0,,True
a4e3696b-8e59-463d-81da-bf2fb01c5cc5,Woolworths Supermarket,Pantry,Maggi Brown Onion Gravy 31g,270685,$1.00,$0.32 / 10G,https://www.woolworths.com.au/shop/productdetails/270685/maggi-brown-onion-gravy,https://cdn0.woolworths.media/content/wowproductimages/medium/270685.jpg,2020-09-21 17:27:05,,0,,True
0ad00d8b-bd62-4b60-ba1c-7b32f2f32415,Woolworths Supermarket,Pantry,Uncle Ben's Microwave Mexican Style Rice 250g,270829,$3.00,$1.20 / 100G,https://www.woolworths.com.au/shop/productdetails/270829/uncle-ben-s-microwave-mexican-style-rice,https://cdn0.woolworths.media/content/wowproductimages/medium/270829.jpg,2020-09-21 17:27:05,,0,,True
aa69e101-0831-4151-87cf-1fcb3d460894,Woolworths Supermarket,Pantry,Uncle Ben's Microwave Special Fried Rice 250g,270976,$3.00,$1.20 / 100G,https://www.woolworths.com.au/shop/productdetails/270976/uncle-ben-s-microwave-special-fried-rice,https://cdn0.woolworths.media/content/wowproductimages/medium/270976.jpg,2020-09-21 17:27:05,,0,,True
b633fb7a-4c3f-44a6-b48b-50859ed50358,Woolworths Supermarket,Pantry,Tilda Microwave Steamed Brown Basmati Rice 250g,271568,$3.40,$1.36 / 100G,https://www.woolworths.com.au/shop/productdetails/271568/tilda-microwave-steamed-brown-basmati-rice,https://cdn0.woolworths.media/content/wowproductimages/medium/271568.jpg,2020-09-21 17:27:05,,0,,True
2fe11adf-448e-4e12-b32b-ca7463a41b50,Woolworths Supermarket,Pantry,Tilda Microwave Coco Chilli & Lemongrass Rice 250g,271569,$3.40,$1.36 / 100G,https://www.woolworths.com.au/shop/productdetails/271569/tilda-microwave-coco-chilli-lemongrass-rice,https://cdn0.woolworths.media/content/wowproductimages/medium/271569.jpg,2020-09-21 17:27:05,,0,,True
412ed179-fcc8-4a2d-8b57-693b54a4ba7d,Woolworths Supermarket,Pantry,Tilda Microwave Steamed Pure Basmati Rice 250g,272188,$3.40,$1.36 / 100G,https://www.woolworths.com.au/shop/productdetails/272188/tilda-microwave-steamed-pure-basmati-rice,https://cdn0.woolworths.media/content/wowproductimages/medium/272188.jpg,2020-09-21 17:27:05,,0,,True
5814c82b-f478-485f-b369-1383dc7f0ffc,Woolworths Supermarket,Pantry,Anchor Margaret Valley Verjuice 375ml,272761,$6.70,$1.79 / 100ML,https://www.woolworths.com.au/shop/productdetails/272761/anchor-margaret-valley-verjuice,https://cdn0.woolworths.media/content/wowproductimages/medium/272761.jpg,2020-09-21 17:27:05,,0,,True
242165f3-fc61-47d6-b36f-6ba3bb1270da,Woolworths Supermarket,Pantry,Praise Dressings Coleslaw 330ml,274307,$2.00,$0.61 / 100ML,https://www.woolworths.com.au/shop/productdetails/274307/praise-dressings-coleslaw,https://cdn0.woolworths.media/content/wowproductimages/medium/274307.jpg,2020-09-21 17:27:05,,0,,True
89eb158c-1555-4337-b5b9-78b41229337d,Woolworths Supermarket,Pantry,Praise Dressings Caesar 330ml,274308,$2.00,$0.61 / 100ML,https://www.woolworths.com.au/shop/productdetails/274308/praise-dressings-caesar,https://cdn0.woolworths.media/content/wowproductimages/medium/274308.jpg,2020-09-21 17:27:05,,0,,True
396d8061-6322-4d8c-9344-5803accdda9a,Woolworths Supermarket,Pantry,Thins Chips Original 175g,274324,$1.75,$1.00 / 100G,https://www.woolworths.com.au/shop/productdetails/274324/thins-chips-original,https://cdn0.woolworths.media/content/wowproductimages/medium/274324.jpg,2020-09-21 17:27:05,,0,,True
53f1d0f9-ccbb-401f-86f6-59426cae17c8,Woolworths Supermarket,Pantry,Arnott's Shapes Chicken Crimpy 175g,384245,$2.50,$1.43 / 100G,https://www.woolworths.com.au/shop/productdetails/384245/arnott-s-shapes-chicken-crimpy,https://cdn0.woolworths.media/content/wowproductimages/medium/384245.jpg,2020-09-21 17:27:05,,0,,True
cd2fe558-370d-40bb-881a-04f85337437b,Woolworths Supermarket,Pantry,Fantastic Rice Crackers Original 100g,035231,$1.50,$1.50 / 100G,https://www.woolworths.com.au/shop/productdetails/35231/fantastic-rice-crackers-original,https://cdn0.woolworths.media/content/wowproductimages/medium/035231.jpg,2020-09-21 17:27:05,,0,,True
981b9e0f-d371-4e79-a704-621826f8e5eb,Woolworths Supermarket,Pantry,Continental Cup A Soup Creamy Chicken With Lots Of Noodles 2 pack,026649,$2.00,$3.33 / 100G,https://www.woolworths.com.au/shop/productdetails/26649/continental-cup-a-soup-creamy-chicken-with-lots-of-noodles,https://cdn0.woolworths.media/content/wowproductimages/medium/026649.jpg,2020-09-21 17:27:05,,0,,True
43d72462-fc1c-4674-8dc5-870b2222045c,Woolworths Supermarket,Pantry,Heinz Canned Soup Big Red Tomato 420g,034331,$2.20,$0.52 / 100G,https://www.woolworths.com.au/shop/productdetails/34331/heinz-canned-soup-big-red-tomato,https://cdn0.woolworths.media/content/wowproductimages/medium/034331.jpg,2020-09-21 17:27:05,,0,,True
b0603145-8d43-48ac-b2be-86b15a4f4e4c,Woolworths Supermarket,Pantry,Essentials Raw Sugar 2kg,018174,$2.10,$0.11 / 100G,https://www.woolworths.com.au/shop/productdetails/18174/essentials-raw-sugar,https://cdn0.woolworths.media/content/wowproductimages/medium/018174.jpg,2020-09-21 17:27:05,,0,,True
b59d6f47-7faf-491c-83ca-37cc7e56f1b7,Woolworths Supermarket,Pantry,Masterfoods Barbecue Sauce 500ml,099696,$2.50,$0.50 / 100ML,https://www.woolworths.com.au/shop/productdetails/99696/masterfoods-barbecue-sauce,https://cdn0.woolworths.media/content/wowproductimages/medium/099696.jpg,2020-09-21 17:27:05,,0,,True
0704559d-9576-4cfc-800b-51fd2b3d78f3,Woolworths Supermarket,Pantry,Mckenzie's Himalayan Salt Rock Pink 400g,749926,$5.95,$0.15 / 10G,https://www.woolworths.com.au/shop/productdetails/749926/mckenzie-s-himalayan-salt-rock-pink,https://cdn0.woolworths.media/content/wowproductimages/medium/749926.jpg,2020-09-21 17:27:05,,0,,True
a6c51c69-ef8e-4a15-b33a-062f33be4827,Woolworths Supermarket,Pantry,Woolworths Rolled Traditional Oats 750g,321220,$1.40,$0.19 / 100G,https://www.woolworths.com.au/shop/productdetails/321220/woolworths-rolled-traditional-oats,https://cdn0.woolworths.media/content/wowproductimages/medium/321220.jpg,2020-09-21 17:27:05,Average product rating out of 5: 4.6. Product score is based on 748 ratings,748,,True
0cf9108d-5988-4091-9a0c-78ff8db3e958,Woolworths Supermarket,Pantry,Mckenzie's Rice Flour 375g,094275,$1.50,$4.00 / 1KG,https://www.woolworths.com.au/shop/productdetails/94275/mckenzie-s-rice-flour,https://cdn0.woolworths.media/content/wowproductimages/medium/094275.jpg,2020-09-21 17:27:05,,0,,True
c50ef689-30a3-4a27-b51d-4fc79ccd75a4,Woolworths Supermarket,Pantry,Woolworths Diced Italian Tomatoes No Added Salt 400g,770320,$0.80,$2.00 / 1KG,https://www.woolworths.com.au/shop/productdetails/770320/woolworths-diced-italian-tomatoes-no-added-salt,https://cdn0.woolworths.media/content/wowproductimages/medium/770320.jpg,2020-09-21 17:27:05,Average product rating out of 5: 4.7. Product score is based on 311 ratings,311,,True
6338efed-35e3-45ee-bfaf-ee8dcc283c05,Woolworths Supermarket,Pantry,Cadbury Dairy Milk Chocolate Fair Trade 350g,757883,$5.00,$1.43 / 100G,https://www.woolworths.com.au/shop/productdetails/757883/cadbury-dairy-milk-chocolate-fair-trade,https://cdn0.woolworths.media/content/wowproductimages/medium/757883.jpg,2020-09-21 17:27:05,,0,Was $6.30 16/01/2017,True
05f17da1-c2c3-470a-86b2-2b56f40fe3b0,Woolworths Supermarket,Pantry,Cadbury Fry's Turkish Delight 55g bar,098390,$1.00,$1.82 / 100G,https://www.woolworths.com.au/shop/productdetails/98390/cadbury-fry-s-turkish-delight,https://cdn0.woolworths.media/content/wowproductimages/medium/098390.jpg,2020-09-21 17:27:05,,0,,True
ac7993df-0b00-4614-b382-43239891a7af,Woolworths Supermarket,Pantry,Ardmona Tomatoes Diced No Added Salt 400g,226849,$1.40,$3.50 / 1KG,https://www.woolworths.com.au/shop/productdetails/226849/ardmona-tomatoes-diced-no-added-salt,https://cdn0.woolworths.media/content/wowproductimages/medium/226849.jpg,2020-09-21 17:27:05,,0,,True
a03d53e8-f30e-440f-9039-18fd242ab577,Woolworths Supermarket,Pantry,Ritz Crackers Original 300g,660562,$2.50,$0.83 / 100G,https://www.woolworths.com.au/shop/productdetails/660562/ritz-crackers-original,https://cdn0.woolworths.media/content/wowproductimages/medium/660562.jpg,2020-09-21 17:27:05,,0,,True
3af33b9e-5c4a-4a21-96d6-f7a3a12890bf,Woolworths Supermarket,Pantry,Arnott's Monte Carlo 250g,036031,$3.00,$1.20 / 100G,https://www.woolworths.com.au/shop/productdetails/36031/arnott-s-monte-carlo,https://cdn0.woolworths.media/content/wowproductimages/medium/036031.jpg,2020-09-21 17:27:05,,0,,True
4158aff0-3d89-48c5-821e-8b65e45e2ab0,Woolworths Supermarket,Pantry,Indomie Mi Goreng Instant Noodles 5pk 425g,177972,$2.75,$0.65 / 100G,https://www.woolworths.com.au/shop/productdetails/177972/indomie-mi-goreng-instant-noodles,https://cdn0.woolworths.media/content/wowproductimages/medium/177972.jpg,2020-09-21 17:27:05,,0,,True
d090524e-e906-4946-b985-629edfa4e1bd,Woolworths Supermarket,Pantry,Macro Organic Quinoa Tri Colour 500g,717631,$7.00,$1.40 / 100G,https://www.woolworths.com.au/shop/productdetails/717631/macro-organic-quinoa-tri-colour,https://cdn0.woolworths.media/content/wowproductimages/medium/717631.jpg,2020-09-21 17:27:05,Average product rating out of 5: 4.6. Product score is based on 274 ratings,274,Was $9.99 09/01/2017,True
cb979757-b53f-4965-b980-7b161d817bb2,Woolworths Supermarket,Pantry,Essentials Pasta Penne 500g,188800,$0.80,$0.16 / 100G,https://www.woolworths.com.au/shop/productdetails/188800/essentials-pasta-penne,https://cdn0.woolworths.media/content/wowproductimages/medium/188800.jpg,2020-09-21 17:27:05,,0,,True
1b478d27-c22d-461f-93ad-35976b2bc2a9,Woolworths Supermarket,Pantry,Sunbites Grain Waves Sour Cream & Chives 170g,082361,$3.50,$2.06 / 100G,https://www.woolworths.com.au/shop/productdetails/82361/sunbites-grain-waves-sour-cream-chives,https://cdn0.woolworths.media/content/wowproductimages/medium/082361.jpg,2020-09-21 17:27:05,,0,,True
14f1c676-de1e-4571-96cc-a4d61a8c973d,Woolworths Supermarket,Pantry,Sunbites Grain Waves Sour Cream & Chives 5 pack,720220,$3.10,$2.82 / 100G,https://www.woolworths.com.au/shop/productdetails/720220/sunbites-grain-waves-sour-cream-chives,https://cdn0.woolworths.media/content/wowproductimages/medium/720220.jpg,2020-09-21 17:27:05,,0,2 for $5.00,True
812ea0d1-e3ad-4406-bfc4-80e062372ea2,Woolworths Supermarket,Pantry,Thins Chips Light & Tangy 175g,274326,$1.75,$1.00 / 100G,https://www.woolworths.com.au/shop/productdetails/274326/thins-chips-light-tangy,https://cdn0.woolworths.media/content/wowproductimages/medium/274326.jpg,2020-09-21 17:27:05,,0,,True
ebba9745-12ef-455b-8664-c0fd7c8cad04,Woolworths Supermarket,Pantry,Mae Ploy Salad Dressing Thai Style 285ml,275128,$2.20,$0.77 / 100ML,https://www.woolworths.com.au/shop/productdetails/275128/mae-ploy-salad-dressing-thai-style,https://cdn0.woolworths.media/content/wowproductimages/medium/275128.jpg,2020-09-21 17:27:05,,0,,True
648442a6-1428-4f2c-9b2a-38247c195b84,Woolworths Supermarket,Pantry,Hoyt's Nutmeg Whole 30g,279806,$2.50,$0.83 / 10G,https://www.woolworths.com.au/shop/productdetails/279806/hoyt-s-nutmeg-whole,https://cdn0.woolworths.media/content/wowproductimages/medium/279806.jpg,2020-09-21 17:27:05,,0,,True
43992af6-2710-4c7b-9468-4db53bd9e75f,Woolworths Supermarket,Pantry,Hoyt's Pickling Dried Spices 35g,279814,$2.11,$0.60 / 10G,https://www.woolworths.com.au/shop/productdetails/279814/hoyt-s-pickling-dried-spices,https://cdn0.woolworths.media/content/wowproductimages/medium/279814.jpg,2020-09-21 17:27:05,,0,,True
213863eb-1b16-4ae8-9cfd-02f222ce97d2,Woolworths Supermarket,Pantry,Hoyt's Star Anise Whole 12g,279821,$2.25,$1.88 / 10G,https://www.woolworths.com.au/shop/productdetails/279821/hoyt-s-star-anise-whole,https://cdn0.woolworths.media/content/wowproductimages/medium/279821.jpg,2020-09-21 17:27:05,,0,,True
a2badc73-dfd6-4da1-abe9-06f1b76aeefc,Woolworths Supermarket,Pantry,Praise Caesar Salad Croutons 150g,279869,$4.00,$2.67 / 100G,https://www.woolworths.com.au/shop/productdetails/279869/praise-caesar-salad-croutons,https://cdn0.woolworths.media/content/wowproductimages/medium/279869.jpg,2020-09-21 17:27:05,,0,,True
c2665431-ca8a-4251-9b94-e2432251991c,Woolworths Supermarket,Pantry,Maggi Oyster Sauce 275ml,280340,$3.00,$1.09 / 100ML,https://www.woolworths.com.au/shop/productdetails/280340/maggi-oyster-sauce,https://cdn0.woolworths.media/content/wowproductimages/medium/280340.jpg,2020-09-21 17:27:05,,0,,True
60233b69-7f0f-4115-bf2d-dfda11e0ec02,Woolworths Supermarket,Pantry,Lindt Excellence Dark Chocolate Chilli 100g block,280452,$3.00,$3.00 / 100G,https://www.woolworths.com.au/shop/productdetails/280452/lindt-excellence-dark-chocolate-chilli,https://cdn0.woolworths.media/content/wowproductimages/medium/280452.jpg,2020-09-21 17:27:05,,0,,True
113c2b3b-e403-4945-826e-7fc0b7a9b898,Woolworths Supermarket,Pantry,Abe's Bagel Bakery Marlborough Seasalt Bagel Crisps 150g,280499,$3.20,$2.13 / 100G,https://www.woolworths.com.au/shop/productdetails/280499/abe-s-bagel-bakery-marlborough-seasalt-bagel-crisps,https://cdn0.woolworths.media/content/wowproductimages/medium/280499.jpg,2020-09-21 17:27:05,,0,,True
ce7f5f9e-6cc2-4be8-adac-1d89d2d3bab1,Woolworths Supermarket,Pantry,Vegemite Spread 560g,280512,$8.35,$1.49 / 100G,https://www.woolworths.com.au/shop/productdetails/280512/vegemite-spread,https://cdn0.woolworths.media/content/wowproductimages/medium/280512.jpg,2020-09-21 17:27:05,,0,,True
7217d3dc-6438-42a3-83c3-9b0c6bd82800,Woolworths Supermarket,Pantry,Kellogg's Fun Breakfast Cereals Assorted 6 pack,281259,$6.00,$3.53 / 100G,https://www.woolworths.com.au/shop/productdetails/281259/kellogg-s-fun-breakfast-cereals-assorted,https://cdn0.woolworths.media/content/wowproductimages/medium/281259.jpg,2020-09-21 17:27:05,,0,,True
6393c1cc-5eca-4167-9887-9ec59fa8d135,Woolworths Supermarket,Pantry,Vegemite Spread 150g,281263,$3.50,$2.33 / 100G,https://www.woolworths.com.au/shop/productdetails/281263/vegemite-spread,https://cdn0.woolworths.media/content/wowproductimages/medium/281263.jpg,2020-09-21 17:27:05,,0,,True
fa70e96a-f224-4e31-922c-084becd8ace0,Woolworths Supermarket,Pantry,Lifesavers Musk 34g,282915,$0.90,$2.65 / 100G,https://www.woolworths.com.au/shop/productdetails/282915/lifesavers-musk,https://cdn0.woolworths.media/content/wowproductimages/medium/282915.jpg,2020-09-21 17:27:05,,0,,True
3267e318-e183-420d-9356-82a2c59a11bc,Woolworths Supermarket,Pantry,Campbell's Real Chicken Liquid Stock Salt Reduced 500ml,282923,$2.29,$0.46 / 100ML,https://www.woolworths.com.au/shop/productdetails/282923/campbell-s-real-chicken-liquid-stock-salt-reduced,https://cdn0.woolworths.media/content/wowproductimages/medium/282923.jpg,2020-09-21 17:27:05,,0,,True
2292a12f-8548-4c33-897c-95a72a65b18e,Woolworths Supermarket,Pantry,Robert Timms Italian Espresso Style Coffee Bags 28 pack,283136,$9.65,$0.34 / 1EA,https://www.woolworths.com.au/shop/productdetails/283136/robert-timms-italian-espresso-style-coffee-bags,https://cdn0.woolworths.media/content/wowproductimages/medium/283136.jpg,2020-09-21 17:27:05,,0,,True
7c981004-c28e-449e-93e4-509bf1e73251,Woolworths Supermarket,Pantry,Robert Timms Mocha Kenya Style Coffee Bags 28 pack,283137,$9.65,$0.34 / 1EA,https://www.woolworths.com.au/shop/productdetails/283137/robert-timms-mocha-kenya-style-coffee-bags,https://cdn0.woolworths.media/content/wowproductimages/medium/283137.jpg,2020-09-21 17:27:05,,0,,True
8f037745-7159-4c45-8c3b-39693daf1019,Woolworths Supermarket,Pantry,Vittoria Mountain Grown Coffee Beans 1kg,284455,$36.50,$3.65 / 100G,https://www.woolworths.com.au/shop/productdetails/284455/vittoria-mountain-grown-coffee-beans,https://cdn0.woolworths.media/content/wowproductimages/medium/284455.jpg,2020-09-21 17:27:05,,0,,True
15e7bfa3-06ab-4bd3-967c-72609ed736ef,Woolworths Supermarket,Pantry,Carbonell Extra Virgin Olive Oil 4l,286257,$24.00,$0.60 / 100ML,https://www.woolworths.com.au/shop/productdetails/286257/carbonell-extra-virgin-olive-oil,https://cdn0.woolworths.media/content/wowproductimages/medium/286257.jpg,2020-09-21 17:27:05,Average product rating out of 5: 5.0. Product score is based on 2 ratings,2,,True
ba0fe9a3-e620-432e-b081-1c5fb8800902,Woolworths Supermarket,Pantry,Macro Walnuts 250g,289138,$8.00,$32.00 / 1KG,https://www.woolworths.com.au/shop/productdetails/289138/macro-walnuts,https://cdn0.woolworths.media/content/wowproductimages/medium/289138.jpg,2020-09-21 17:27:05,Average product rating out of 5: 5.0. Product score is based on 11 ratings,11,,True
f6e28b2f-b008-4940-8edc-fb5bdada1b9c,Woolworths Supermarket,Pantry,Lucky Slivered Almonds 110g,289612,$5.00,$45.45 / 1KG,https://www.woolworths.com.au/shop/productdetails/289612/lucky-slivered-almonds,https://cdn0.woolworths.media/content/wowproductimages/medium/289612.jpg,2020-09-21 17:27:05,,0,,True
80162059-f91b-4b59-8b27-eeae0d8c5a1f,Woolworths Supermarket,Pantry,Lucky Flaked Almonds 110g,289717,$5.00,$45.45 / 1KG,https://www.woolworths.com.au/shop/productdetails/289717/lucky-flaked-almonds,https://cdn0.woolworths.media/content/wowproductimages/medium/289717.jpg,2020-09-21 17:27:05,,0,,True
2c58a3ba-49ff-4db2-a4a9-6da9154ce7de,Woolworths Supermarket,Pantry,Lucky Natural Golden Walnuts 100g,289813,$3.00,$30.00 / 1KG,https://www.woolworths.com.au/shop/productdetails/289813/lucky-natural-golden-walnuts,https://cdn0.woolworths.media/content/wowproductimages/medium/289813.jpg,2020-09-21 17:27:05,,0,,True
b2b39d25-9eaa-4743-9748-49835268c9f3,Woolworths Supermarket,Pantry,Lucky Crumbed Walnuts 125g,289996,$3.30,$26.40 / 1KG,https://www.woolworths.com.au/shop/productdetails/289996/lucky-crumbed-walnuts,https://cdn0.woolworths.media/content/wowproductimages/medium/289996.jpg,2020-09-21 17:27:05,,0,,True
9985dbc9-37c3-41bd-af9e-e7fea78996b4,Woolworths Supermarket,Pantry,Mutti Passata Tomato Puree 400g,290301,$2.00,$0.50 / 100G,https://www.woolworths.com.au/shop/productdetails/290301/mutti-passata-tomato-puree,https://cdn0.woolworths.media/content/wowproductimages/medium/290301.jpg,2020-09-21 17:27:05,,0,,True
d1a77f4b-cc94-44a4-ad28-dc6aca206b42,Woolworths Supermarket,Pantry,Sunbites Grain Waves Sour Cream & Chives 5 pack,720220,$3.10,$2.82 / 100G,https://www.woolworths.com.au/shop/productdetails/720220/sunbites-grain-waves-sour-cream-chives,https://cdn0.woolworths.media/content/wowproductimages/medium/720220.jpg,2020-09-21 17:27:05,,0,2 for $5.00,True
fe33ef26-001d-4968-b90b-6ab0a359ac7f,Woolworths Supermarket,Pantry,Cobram Estate Extra Virgin Light Olive Oil 750ml,345955,$15.00,$2.00 / 100ML,https://www.woolworths.com.au/shop/productdetails/345955/cobram-estate-extra-virgin-light-olive-oil,https://cdn0.woolworths.media/content/wowproductimages/medium/345955.jpg,2020-09-21 17:27:05,,0,,True
f766e680-d659-494e-98f0-f4c4a243ef04,Woolworths Supermarket,Pantry,Woolworths White Rice Long Grain 5kg,072779,$6.70,$0.13 / 100G,https://www.woolworths.com.au/shop/productdetails/72779/woolworths-white-rice-long-grain,https://cdn0.woolworths.media/content/wowproductimages/medium/072779.jpg,2020-09-21 17:27:05,Average product rating out of 5: 4.8. Product score is based on 14 ratings,14,,True
d635d498-0a3d-48e4-a582-774f2b1a40a1,Woolworths Supermarket,Pantry,Macro Organic Quinoa Tri Colour 500g,717631,$7.00,$1.40 / 100G,https://www.woolworths.com.au/shop/productdetails/717631/macro-organic-quinoa-tri-colour,https://cdn0.woolworths.media/content/wowproductimages/medium/717631.jpg,2020-09-21 17:27:05,Average product rating out of 5: 4.6. Product score is based on 274 ratings,274,Was $9.99 09/01/2017,True
21f4948b-0142-4d16-ae78-023212387422,Woolworths Supermarket,Pantry,Woolworths Diced Italian Tomatoes No Added Salt 400g,770320,$0.80,$2.00 / 1KG,https://www.woolworths.com.au/shop/productdetails/770320/woolworths-diced-italian-tomatoes-no-added-salt,https://cdn0.woolworths.media/content/wowproductimages/medium/770320.jpg,2020-09-21 17:27:05,Average product rating out of 5: 4.7. Product score is based on 311 ratings,311,,True
bcfba922-8cf1-4569-8f78-487c5e9747b5,Woolworths Supermarket,Pantry,Bertolli Extra Virgin Olive Oil Originale 750ml,502951,$6.50,$0.87 / 100ML,https://www.woolworths.com.au/shop/productdetails/502951/bertolli-extra-virgin-olive-oil-originale,https://cdn0.woolworths.media/content/wowproductimages/medium/502951.jpg,2020-09-21 17:27:05,,0,,True
d51d3f2b-24b5-4855-b928-5b1dedff5b03,Woolworths Supermarket,Pantry,Queen Organic Vanilla Bean Paste 65g,225399,$11.80,$18.15 / 100G,https://www.woolworths.com.au/shop/productdetails/225399/queen-organic-vanilla-bean-paste,https://cdn0.woolworths.media/content/wowproductimages/medium/225399.jpg,2020-09-21 17:27:05,,0,,True
25073fde-3bdd-4fdc-9ebf-d8f39d9e39d5,Woolworths Supermarket,Pantry,Beechworth Pure Honey 1.5kg,250371,$22.00,$1.47 / 100G,https://www.woolworths.com.au/shop/productdetails/250371/beechworth-pure-honey,https://cdn0.woolworths.media/content/wowproductimages/medium/250371.jpg,2020-09-21 17:27:05,,0,,True
9ac2afa8-6168-4e2d-9a8a-ffa494b31992,Woolworths Supermarket,Pantry,Continental Cup A Soup Creamy Chicken With Lots Of Noodles 2 pack,026649,$2.00,$3.33 / 100G,https://www.woolworths.com.au/shop/productdetails/26649/continental-cup-a-soup-creamy-chicken-with-lots-of-noodles,https://cdn0.woolworths.media/content/wowproductimages/medium/026649.jpg,2020-09-21 17:27:05,,0,,True
11ee2c8d-dad0-472f-a897-87c0b5020b4b,Woolworths Supermarket,Pantry,Cadbury Dairy Milk Chocolate Fair Trade 350g,757883,$5.00,$1.43 / 100G,https://www.woolworths.com.au/shop/productdetails/757883/cadbury-dairy-milk-chocolate-fair-trade,https://cdn0.woolworths.media/content/wowproductimages/medium/757883.jpg,2020-09-21 17:27:05,,0,Was $6.30 16/01/2017,True
7a5eed19-c918-49ec-8714-e59cf521e4d8,Woolworths Supermarket,Pantry,Arnott's Monte Carlo 250g,036031,$3.00,$1.20 / 100G,https://www.woolworths.com.au/shop/productdetails/36031/arnott-s-monte-carlo,https://cdn0.woolworths.media/content/wowproductimages/medium/036031.jpg,2020-09-21 17:27:05,,0,,True
47329b70-ef9a-4b87-a6a0-561541fc6f9a,Woolworths Supermarket,Pantry,Moccona Freeze Dried Instant Coffee Classic Medium Roast 400g,208575,$24.00,$6.00 / 100G,https://www.woolworths.com.au/shop/productdetails/208575/moccona-freeze-dried-instant-coffee-classic-medium-roast,https://cdn0.woolworths.media/content/wowproductimages/medium/208575.jpg,2020-09-21 17:27:05,,0,,True
8ac93be3-3d2f-4ca6-9ede-bb764e92645c,Woolworths Supermarket,Pantry,Woolworths Walnuts Kernel 500g,749540,$11.00,$22.00 / 1KG,https://www.woolworths.com.au/shop/productdetails/749540/woolworths-walnuts-kernel,https://cdn0.woolworths.media/content/wowproductimages/medium/749540.jpg,2020-09-21 17:27:05,Average product rating out of 5: 4.8. Product score is based on 360 ratings,360,,True
540c07b8-e9b2-452a-8ab0-3f98f96168d6,Woolworths Supermarket,Pantry,Mckenzie's Himalayan Salt Rock Pink 400g,749926,$5.95,$0.15 / 10G,https://www.woolworths.com.au/shop/productdetails/749926/mckenzie-s-himalayan-salt-rock-pink,https://cdn0.woolworths.media/content/wowproductimages/medium/749926.jpg,2020-09-21 17:27:05,,0,,True
f5c4df34-a8d9-4999-b3dd-a33cbea0bae8,Woolworths Supermarket,Pantry,Sanitarium Weet-bix Breakfast Cereal 1.2kg,200695,$5.00,$0.42 / 100G,https://www.woolworths.com.au/shop/productdetails/200695/sanitarium-weet-bix-breakfast-cereal,https://cdn0.woolworths.media/content/wowproductimages/medium/200695.jpg,2020-09-21 17:27:05,,0,,True
7b78017e-2aaf-4f9b-8a3a-b445b0014ca2,Woolworths Supermarket,Pantry,Woolworths Almond Meal 400g,610610,$7.50,$18.75 / 1KG,https://www.woolworths.com.au/shop/productdetails/610610/woolworths-almond-meal,https://cdn0.woolworths.media/content/wowproductimages/medium/610610.jpg,2020-09-21 17:27:05,Average product rating out of 5: 4.6. Product score is based on 326 ratings,326,Was $9.00 22/07/2020,True
1781bd80-c4bb-4580-a48b-f1fe14c40ae3,Woolworths Supermarket,Pantry,Vege Chips Chicken Style 100g,793382,$3.80,$3.80 / 100G,https://www.woolworths.com.au/shop/productdetails/793382/vege-chips-chicken-style,https://cdn0.woolworths.media/content/wowproductimages/medium/793382.jpg,2020-09-21 17:27:05,Average product rating out of 5: 4.7. Product score is based on 20 ratings,20,,True
3b265645-6ecb-4a21-931b-c7475b7d087b,Woolworths Supermarket,Pantry,Ritz Crackers Original 300g,660562,$2.50,$0.83 / 100G,https://www.woolworths.com.au/shop/productdetails/660562/ritz-crackers-original,https://cdn0.woolworths.media/content/wowproductimages/medium/660562.jpg,2020-09-21 17:27:05,,0,,True
76990d0c-95fe-4cd7-a3f8-6129d7cd8ba7,Woolworths Supermarket,Pantry,Nescafe Blend 43 Soluble Instant Coffee 500g,035694,$20.00,$4.00 / 100G,https://www.woolworths.com.au/shop/productdetails/35694/nescafe-blend-43-soluble-instant-coffee,https://cdn0.woolworths.media/content/wowproductimages/medium/035694.jpg,2020-09-21 17:27:05,,0,,True
3366d53a-3c86-4b35-802e-a2acbf1ea37c,Woolworths Supermarket,Pantry,Woolworths Rolled Traditional Oats 750g,321220,$1.40,$0.19 / 100G,https://www.woolworths.com.au/shop/productdetails/321220/woolworths-rolled-traditional-oats,https://cdn0.woolworths.media/content/wowproductimages/medium/321220.jpg,2020-09-21 17:27:05,Average product rating out of 5: 4.6. Product score is based on 748 ratings,748,,True
40a86975-4350-4845-a744-4950158426dd,Woolworths Supermarket,Pantry,Mutti Tomato Paste Double Concentrate 130g,290303,$2.00,$1.54 / 100G,https://www.woolworths.com.au/shop/productdetails/290303/mutti-tomato-paste-double-concentrate,https://cdn0.woolworths.media/content/wowproductimages/medium/290303.jpg,2020-09-21 17:27:05,,0,,True
9ba2efa9-b968-4f4a-8e35-58d674cdadd1,Woolworths Supermarket,Pantry,Lucky Sunflower Kernels 200g,290369,$2.15,$10.75 / 1KG,https://www.woolworths.com.au/shop/productdetails/290369/lucky-sunflower-kernels,https://cdn0.woolworths.media/content/wowproductimages/medium/290369.jpg,2020-09-21 17:27:05,,0,,True
6cde0613-f566-4149-a0fd-e0cdfb1fb074,Woolworths Supermarket,Pantry,Lucky Natural Cashew Kernel 150g,290539,$5.00,$33.33 / 1KG,https://www.woolworths.com.au/shop/productdetails/290539/lucky-natural-cashew-kernel,https://cdn0.woolworths.media/content/wowproductimages/medium/290539.jpg,2020-09-21 17:27:05,,0,,True
1aa23b74-46b9-4fde-bc15-f054f17d562b,Woolworths Supermarket,Pantry,Macro Brazil Nuts 250g,291156,$9.00,$36.00 / 1KG,https://www.woolworths.com.au/shop/productdetails/291156/macro-brazil-nuts,https://cdn0.woolworths.media/content/wowproductimages/medium/291156.jpg,2020-09-21 17:27:05,Average product rating out of 5: 4.9. Product score is based on 15 ratings,15,,True
7baefc78-fc0a-49b8-b996-47c82c0a201c,Woolworths Supermarket,Pantry,Macro Australian Pecans 250g,291167,$8.50,$34.00 / 1KG,https://www.woolworths.com.au/shop/productdetails/291167/macro-australian-pecans,https://cdn0.woolworths.media/content/wowproductimages/medium/291167.jpg,2020-09-21 17:27:05,Average product rating out of 5: 4.8. Product score is based on 12 ratings,12,,True
c5ff8e3d-96fe-482c-bb7d-04e812f01fcb,Woolworths Supermarket,Pantry,All Natural Bakery Bars Oat Slice Yog Peach & Mango 100g,291286,$2.70,$2.70 / 100G,https://www.woolworths.com.au/shop/productdetails/291286/all-natural-bakery-bars-oat-slice-yog-peach-mango,https://cdn0.woolworths.media/content/wowproductimages/medium/291286.jpg,2020-09-21 17:27:05,Average product rating out of 5: 4.8. Product score is based on 4 ratings,4,,True
672bf7f0-3cf7-4403-b649-3dfc8f9b529b,Woolworths Supermarket,Pantry,"Carman's Roasted Nut, Date & Cinnamon Crispy Deluxe Muesli 400g",292780,$5.00,$1.25 / 100G,https://www.woolworths.com.au/shop/productdetails/292780/carman-s-roasted-nut-date-cinnamon-crispy-deluxe-muesli,https://cdn0.woolworths.media/content/wowproductimages/medium/292780.jpg,2020-09-21 17:27:05,,0,,True
abb0b8a7-b0d6-4348-a380-0cad0bd8a837,Woolworths Supermarket,Pantry,White Wings Cornflour 300g,293237,$2.70,$9.00 / 1KG,https://www.woolworths.com.au/shop/productdetails/293237/white-wings-cornflour,https://cdn0.woolworths.media/content/wowproductimages/medium/293237.jpg,2020-09-21 17:27:05,,0,,True
efe13bc2-027c-4aa9-8e3e-8b6273642934,Woolworths Supermarket,Pantry,Alfa One Rice Bran Oil 1l,293543,$7.00,$0.70 / 100ML,https://www.woolworths.com.au/shop/productdetails/293543/alfa-one-rice-bran-oil,https://cdn0.woolworths.media/content/wowproductimages/medium/293543.jpg,2020-09-21 17:27:05,,0,Was $8.50 31/10/16,True
9e181c6c-5c9f-48cb-ae89-2ea0db20f8fc,Woolworths Supermarket,Pantry,French Fries Multipack Original 6 pack,293610,$3.35,$3.02 / 100G,https://www.woolworths.com.au/shop/productdetails/293610/french-fries-multipack-original,https://cdn0.woolworths.media/content/wowproductimages/medium/293610.jpg,2020-09-21 17:27:05,,0,2 for $5.00,True
5d23634a-f6bc-4c34-a510-98396da8921e,Woolworths Supermarket,Pantry,Thins Multipack Classic Original Chips 6 pack,293630,$3.35,$2.94 / 100G,https://www.woolworths.com.au/shop/productdetails/293630/thins-multipack-classic-original-chips,https://cdn0.woolworths.media/content/wowproductimages/medium/293630.jpg,2020-09-21 17:27:05,,0,2 for $5.00,True
6695d6b9-1216-4794-a153-3f1999430166,Woolworths Supermarket,Pantry,Kettle Multipack Sea Salt 5 pack,293821,$3.35,$3.64 / 100G,https://www.woolworths.com.au/shop/productdetails/293821/kettle-multipack-sea-salt,https://cdn0.woolworths.media/content/wowproductimages/medium/293821.jpg,2020-09-21 17:27:05,,0,2 for $5.00,True
6ddce46b-6801-4e38-822e-18c4161302b7,Woolworths Supermarket,Pantry,S&w Mayonnaise Whole Egg 440g,293958,$6.00,$1.36 / 100G,https://www.woolworths.com.au/shop/productdetails/293958/s-w-mayonnaise-whole-egg,https://cdn0.woolworths.media/content/wowproductimages/medium/293958.jpg,2020-09-21 17:27:05,,0,,True
92d244d8-b6ed-43e5-9f5a-8e20c18b0832,Woolworths Supermarket,Pantry,S&w Mayonnaise Whole Egg 880g,293959,$9.50,$1.08 / 100G,https://www.woolworths.com.au/shop/productdetails/293959/s-w-mayonnaise-whole-egg,https://cdn0.woolworths.media/content/wowproductimages/medium/293959.jpg,2020-09-21 17:27:05,,0,,True
77bdcb44-573b-4cbf-809f-0baf612736d2,Woolworths Supermarket,Pantry,Mcvitie's Digestives Biscuits Plain Original 400g,294160,$3.95,$0.99 / 100G,https://www.woolworths.com.au/shop/productdetails/294160/mcvitie-s-digestives-biscuits-plain-original,https://cdn0.woolworths.media/content/wowproductimages/medium/294160.jpg,2020-09-21 17:27:05,,0,,True
41158f04-eacd-4a57-8ed0-f9e0fab81bde,Woolworths Supermarket,Pantry,Mcvitie's Digestives Biscuit Milk Chocolate 300g,294162,$3.95,$1.32 / 100G,https://www.woolworths.com.au/shop/productdetails/294162/mcvitie-s-digestives-biscuit-milk-chocolate,https://cdn0.woolworths.media/content/wowproductimages/medium/294162.jpg,2020-09-21 17:27:05,,0,,True
18445fed-9bd5-4ad0-8e4b-7ad8ec8fc672,Woolworths Supermarket,Pantry,Mcvitie's Hobnobs Milk Chocolate 300g,294164,$3.95,$1.32 / 100G,https://www.woolworths.com.au/shop/productdetails/294164/mcvitie-s-hobnobs-milk-chocolate,https://cdn0.woolworths.media/content/wowproductimages/medium/294164.jpg,2020-09-21 17:27:05,,0,,True
0cb1e532-5813-43f9-b276-e07c45b83ab9,Woolworths Supermarket,Pantry,Woolworths Jelly Raspberry 85g,294262,$0.90,$1.06 / 100G,https://www.woolworths.com.au/shop/productdetails/294262/woolworths-jelly-raspberry,https://cdn0.woolworths.media/content/wowproductimages/medium/294262.jpg,2020-09-21 17:27:05,,0,,True
d160e70b-a1c2-4175-b2ae-e7270c368a5a,Woolworths Supermarket,Pantry,Woolworths Jelly Lime 85g,294263,$0.90,$1.06 / 100G,https://www.woolworths.com.au/shop/productdetails/294263/woolworths-jelly-lime,https://cdn0.woolworths.media/content/wowproductimages/medium/294263.jpg,2020-09-21 17:27:05,Average product rating out of 5: 4.3. Product score is based on 220 ratings,220,,True
8180d334-d20f-4354-8a43-cbd3d53b6eeb,Woolworths Supermarket,Pantry,Woolworths Jelly Port Wine 85g,294264,$0.90,$1.06 / 100G,https://www.woolworths.com.au/shop/productdetails/294264/woolworths-jelly-port-wine,https://cdn0.woolworths.media/content/wowproductimages/medium/294264.jpg,2020-09-21 17:27:05,Average product rating out of 5: 4.1. Product score is based on 282 ratings,282,,True
05a2dfc5-9129-4cfe-9d6b-02ab3f35b9fd,Woolworths Supermarket,Pantry,Woolworths Jelly Strawberry 85g,294265,$0.90,$1.06 / 100G,https://www.woolworths.com.au/shop/productdetails/294265/woolworths-jelly-strawberry,https://cdn0.woolworths.media/content/wowproductimages/medium/294265.jpg,2020-09-21 17:27:05,Average product rating out of 5: 4.4. Product score is based on 266 ratings,266,,True
2ac468c5-22c6-4fb6-a23d-a00dcf24ffb7,Woolworths Supermarket,Pantry,Macro Cereal Lsa 250g,294329,$3.30,$1.32 / 100G,https://www.woolworths.com.au/shop/productdetails/294329/macro-cereal-lsa,https://cdn0.woolworths.media/content/wowproductimages/medium/294329.jpg,2020-09-21 17:27:05,Average product rating out of 5: 4.8. Product score is based on 24 ratings,24,,True
6a4819ad-3f47-411e-a2e2-d43c80ae0efc,Woolworths Supermarket,Pantry,Gloria Jean's Coffees Ground Coffee Hazelnut 200g,294465,$8.80,$4.40 / 100G,https://www.woolworths.com.au/shop/productdetails/294465/gloria-jean-s-coffees-ground-coffee-hazelnut,https://cdn0.woolworths.media/content/wowproductimages/medium/294465.jpg,2020-09-21 17:27:05,,0,,True
ac711199-c911-414a-9982-0c7df4871c69,Woolworths Supermarket,Pantry,Gloria Jean's Coffees Ground Coffee Caramel 200g,294486,$8.80,$4.40 / 100G,https://www.woolworths.com.au/shop/productdetails/294486/gloria-jean-s-coffees-ground-coffee-caramel,https://cdn0.woolworths.media/content/wowproductimages/medium/294486.jpg,2020-09-21 17:27:05,,0,,True
b2e29bc3-04dc-4ff7-945a-558e8a9f18b1,Woolworths Supermarket,Pantry,Arnott's Shapes Chicken Crimpy 175g,384245,$2.50,$1.43 / 100G,https://www.woolworths.com.au/shop/productdetails/384245/arnott-s-shapes-chicken-crimpy,https://cdn0.woolworths.media/content/wowproductimages/medium/384245.jpg,2020-09-21 17:27:05,,0,,True
db59c8e0-ffaf-4127-9462-0bbc5d82dcad,Woolworths Supermarket,Pantry,Sunbites Grain Waves Sour Cream & Chives 5 pack,720220,$3.10,$2.82 / 100G,https://www.woolworths.com.au/shop/productdetails/720220/sunbites-grain-waves-sour-cream-chives,https://cdn0.woolworths.media/content/wowproductimages/medium/720220.jpg,2020-09-21 17:27:05,,0,2 for $5.00,True
17a687dd-a310-4cd0-b1e6-88b85a6060b5,Woolworths Supermarket,Pantry,Mckenzie's Himalayan Salt Rock Pink 400g,749926,$5.95,$0.15 / 10G,https://www.woolworths.com.au/shop/productdetails/749926/mckenzie-s-himalayan-salt-rock-pink,https://cdn0.woolworths.media/content/wowproductimages/medium/749926.jpg,2020-09-21 17:27:05,,0,,True
d39216fa-d92a-4927-b54f-ddc88586f637,Woolworths Supermarket,Pantry,Heinz Canned Soup Big Red Tomato 420g,034331,$2.20,$0.52 / 100G,https://www.woolworths.com.au/shop/productdetails/34331/heinz-canned-soup-big-red-tomato,https://cdn0.woolworths.media/content/wowproductimages/medium/034331.jpg,2020-09-21 17:27:05,,0,,True
a71475e0-9b66-427d-9e7f-3664232c1380,Woolworths Supermarket,Pantry,Ardmona Tomatoes Diced No Added Salt 400g,226849,$1.40,$3.50 / 1KG,https://www.woolworths.com.au/shop/productdetails/226849/ardmona-tomatoes-diced-no-added-salt,https://cdn0.woolworths.media/content/wowproductimages/medium/226849.jpg,2020-09-21 17:27:05,,0,,True
6a8718a0-400e-4092-a2a9-08a948ea4a40,Woolworths Supermarket,Pantry,Cadbury Dairy Milk Chocolate Fair Trade 350g,757883,$5.00,$1.43 / 100G,https://www.woolworths.com.au/shop/productdetails/757883/cadbury-dairy-milk-chocolate-fair-trade,https://cdn0.woolworths.media/content/wowproductimages/medium/757883.jpg,2020-09-21 17:27:05,,0,Was $6.30 16/01/2017,True
8a266fdc-4a7b-40cf-b1ac-c2e99663aa41,Woolworths Supermarket,Pantry,Cadbury Fry's Turkish Delight 55g bar,098390,$1.00,$1.82 / 100G,https://www.woolworths.com.au/shop/productdetails/98390/cadbury-fry-s-turkish-delight,https://cdn0.woolworths.media/content/wowproductimages/medium/098390.jpg,2020-09-21 17:27:05,,0,,True
112b1676-85b1-4654-a37c-8fe90ae3fa62,Woolworths Supermarket,Pantry,Woolworths Rolled Traditional Oats 750g,321220,$1.40,$0.19 / 100G,https://www.woolworths.com.au/shop/productdetails/321220/woolworths-rolled-traditional-oats,https://cdn0.woolworths.media/content/wowproductimages/medium/321220.jpg,2020-09-21 17:27:05,Average product rating out of 5: 4.6. Product score is based on 748 ratings,748,,True
ce8a7286-ab37-46d1-b94f-5e610452aa46,Woolworths Supermarket,Pantry,Mckenzie's Rice Flour 375g,094275,$1.50,$4.00 / 1KG,https://www.woolworths.com.au/shop/productdetails/94275/mckenzie-s-rice-flour,https://cdn0.woolworths.media/content/wowproductimages/medium/094275.jpg,2020-09-21 17:27:05,,0,,True
6db92620-8331-4fbe-a31f-44cb060284e7,Woolworths Supermarket,Pantry,Continental Cup A Soup Creamy Chicken With Lots Of Noodles 2 pack,026649,$2.00,$3.33 / 100G,https://www.woolworths.com.au/shop/productdetails/26649/continental-cup-a-soup-creamy-chicken-with-lots-of-noodles,https://cdn0.woolworths.media/content/wowproductimages/medium/026649.jpg,2020-09-21 17:27:05,,0,,True
de6ead06-c0f8-46b7-89d9-747a4c2e4e3b,Woolworths Supermarket,Pantry,Essentials Raw Sugar 2kg,018174,$2.10,$0.11 / 100G,https://www.woolworths.com.au/shop/productdetails/18174/essentials-raw-sugar,https://cdn0.woolworths.media/content/wowproductimages/medium/018174.jpg,2020-09-21 17:27:05,,0,,True
915433e5-bf7a-4dae-a3ae-86f2a23bf566,Woolworths Supermarket,Pantry,Masterfoods Barbecue Sauce 500ml,099696,$2.50,$0.50 / 100ML,https://www.woolworths.com.au/shop/productdetails/99696/masterfoods-barbecue-sauce,https://cdn0.woolworths.media/content/wowproductimages/medium/099696.jpg,2020-09-21 17:27:05,,0,,True
e01d3f38-6361-40d8-b4cf-1bd9625fb795,Woolworths Supermarket,Pantry,Essentials Pasta Penne 500g,188800,$0.80,$0.16 / 100G,https://www.woolworths.com.au/shop/productdetails/188800/essentials-pasta-penne,https://cdn0.woolworths.media/content/wowproductimages/medium/188800.jpg,2020-09-21 17:27:05,,0,,True
4bfa042e-5e92-4119-a3a4-2bd90a419c64,Woolworths Supermarket,Pantry,Macro Organic Quinoa Tri Colour 500g,717631,$7.00,$1.40 / 100G,https://www.woolworths.com.au/shop/productdetails/717631/macro-organic-quinoa-tri-colour,https://cdn0.woolworths.media/content/wowproductimages/medium/717631.jpg,2020-09-21 17:27:05,Average product rating out of 5: 4.6. Product score is based on 274 ratings,274,Was $9.99 09/01/2017,True
c9049286-69e5-4c98-b536-d71c88d5beb6,Woolworths Supermarket,Pantry,Arnott's Monte Carlo 250g,036031,$3.00,$1.20 / 100G,https://www.woolworths.com.au/shop/productdetails/36031/arnott-s-monte-carlo,https://cdn0.woolworths.media/content/wowproductimages/medium/036031.jpg,2020-09-21 17:27:05,,0,,True
80ca1314-f8c7-411c-a38f-0f599e04bf17,Woolworths Supermarket,Pantry,Woolworths Diced Italian Tomatoes No Added Salt 400g,770320,$0.80,$2.00 / 1KG,https://www.woolworths.com.au/shop/productdetails/770320/woolworths-diced-italian-tomatoes-no-added-salt,https://cdn0.woolworths.media/content/wowproductimages/medium/770320.jpg,2020-09-21 17:27:05,Average product rating out of 5: 4.7. Product score is based on 311 ratings,311,,True
1308d615-254c-44d2-8669-49690285d7fb,Woolworths Supermarket,Pantry,Ritz Crackers Original 300g,660562,$2.50,$0.83 / 100G,https://www.woolworths.com.au/shop/productdetails/660562/ritz-crackers-original,https://cdn0.woolworths.media/content/wowproductimages/medium/660562.jpg,2020-09-21 17:27:05,,0,,True
963a8c46-2ab1-441c-935f-22a5738598e8,Woolworths Supermarket,Pantry,Fantastic Rice Crackers Original 100g,035231,$1.50,$1.50 / 100G,https://www.woolworths.com.au/shop/productdetails/35231/fantastic-rice-crackers-original,https://cdn0.woolworths.media/content/wowproductimages/medium/035231.jpg,2020-09-21 17:27:05,,0,,True
383b0d73-7349-4517-8487-bf422293e781,Woolworths Supermarket,Pantry,Indomie Mi Goreng Instant Noodles 5pk 425g,177972,$2.75,$0.65 / 100G,https://www.woolworths.com.au/shop/productdetails/177972/indomie-mi-goreng-instant-noodles,https://cdn0.woolworths.media/content/wowproductimages/medium/177972.jpg,2020-09-21 17:27:05,,0,,True
e7c00274-0a60-4221-a638-0c4e6bfa0aa9,Woolworths Supermarket,Pantry,Sunbites Grain Waves Sour Cream & Chives 170g,082361,$3.50,$2.06 / 100G,https://www.woolworths.com.au/shop/productdetails/82361/sunbites-grain-waves-sour-cream-chives,https://cdn0.woolworths.media/content/wowproductimages/medium/082361.jpg,2020-09-21 17:27:05,,0,,True
a8d9cf19-c4d7-4844-ab43-2ad1dcddb811,Woolworths Supermarket,Pantry,Wai Wai Noodles Instant Tom Yum Shrimp 60g,295163,$0.65,$1.08 / 100G,https://www.woolworths.com.au/shop/productdetails/295163/wai-wai-noodles-instant-tom-yum-shrimp,https://cdn0.woolworths.media/content/wowproductimages/medium/295163.jpg,2020-09-21 17:27:05,,0,,True
253147c2-56d9-4a3b-8f2f-9818dfaa8972,Woolworths Supermarket,Pantry,Jack Link's Bbq Beef Jerky 50g,296241,$4.55,$91.00 / 1KG,https://www.woolworths.com.au/shop/productdetails/296241/jack-link-s-bbq-beef-jerky,https://cdn0.woolworths.media/content/wowproductimages/medium/296241.jpg,2020-09-21 17:27:05,,0,,True
af1150fb-37bd-4256-817d-db94a01444d2,Woolworths Supermarket,Pantry,Woolworths Sweet Chilli Sauce 280ml,296914,$1.50,$0.54 / 100ML,https://www.woolworths.com.au/shop/productdetails/296914/woolworths-sweet-chilli-sauce,https://cdn0.woolworths.media/content/wowproductimages/medium/296914.jpg,2020-09-21 17:27:05,Average product rating out of 5: 4.2. Product score is based on 1749 ratings,1749,Was $1.87 15/01/2018,True
daecd8d3-95ed-4273-bc22-a3f3529aab0c,Woolworths Supermarket,Pantry,Macro Organic Coconut Cream 400ml,297000,$2.50,$0.63 / 100ML,https://www.woolworths.com.au/shop/productdetails/297000/macro-organic-coconut-cream,https://cdn0.woolworths.media/content/wowproductimages/medium/297000.jpg,2020-09-21 17:27:05,,0,,True
45ef71fe-070a-4cd9-ae1c-e66d82f1b921,Woolworths Supermarket,Pantry,Gravox Gravy Liquid Roast Pork 165g,297216,$2.00,$1.21 / 100G,https://www.woolworths.com.au/shop/productdetails/297216/gravox-gravy-liquid-roast-pork,https://cdn0.woolworths.media/content/wowproductimages/medium/297216.jpg,2020-09-21 17:27:05,,0,Was $2.55 01/09/16,True
38841f46-fab7-4690-b2ea-c1359be8e100,Woolworths Supermarket,Pantry,Gravox Gourmet Gravy Peppercorn With Cream 165g,297221,$2.00,$1.21 / 100G,https://www.woolworths.com.au/shop/productdetails/297221/gravox-gourmet-gravy-peppercorn-with-cream,https://cdn0.woolworths.media/content/wowproductimages/medium/297221.jpg,2020-09-21 17:27:05,,0,Was $2.55 01/09/16,True
3233d86e-f4b2-498f-84f3-c5fd0d143b82,Woolworths Supermarket,Pantry,Masterfoods Creamy Herb Garlic Potato Bake 175g,297224,$2.20,$1.26 / 100G,https://www.woolworths.com.au/shop/productdetails/297224/masterfoods-creamy-herb-garlic-potato-bake,https://cdn0.woolworths.media/content/wowproductimages/medium/297224.jpg,2020-09-21 17:27:05,,0,3 for $6.00,True
803c89d3-03fc-4bba-854d-b6761fcead4c,Woolworths Supermarket,Pantry,Masterfoods Recipe Base Country Beef Casserole 175g,297226,$2.20,$1.26 / 100G,https://www.woolworths.com.au/shop/productdetails/297226/masterfoods-recipe-base-country-beef-casserole,https://cdn0.woolworths.media/content/wowproductimages/medium/297226.jpg,2020-09-21 17:27:05,,0,3 for $6.00,True
940fd966-ba39-4877-aea7-ba9d4d84b9b0,Woolworths Supermarket,Pantry,Whittaker's Almond Gold Slab 45g,297415,$2.00,$4.44 / 100G,https://www.woolworths.com.au/shop/productdetails/297415/whittaker-s-almond-gold-slab,https://cdn0.woolworths.media/content/wowproductimages/medium/297415.jpg,2020-09-21 17:27:05,,0,,True
becaf130-bcad-45d5-879e-270f6356d407,Woolworths Supermarket,Pantry,La Zuppa Microwave Soup Minestrone 420g,297728,$3.50,$0.83 / 100G,https://www.woolworths.com.au/shop/productdetails/297728/la-zuppa-microwave-soup-minestrone,https://cdn0.woolworths.media/content/wowproductimages/medium/297728.jpg,2020-09-21 17:27:05,,0,Was $4.00 09/04/2018,True
6c8f403b-7d3c-4225-a5ab-29b7900d8a96,Woolworths Supermarket,Pantry,La Zuppa Microwave Soup Pumpkin 420g,297729,$3.50,$0.83 / 100G,https://www.woolworths.com.au/shop/productdetails/297729/la-zuppa-microwave-soup-pumpkin,https://cdn0.woolworths.media/content/wowproductimages/medium/297729.jpg,2020-09-21 17:27:05,,0,Was $4.00 09/04/2018,True
1d032244-ff0e-4062-8b3c-902719e9f678,Woolworths Supermarket,Pantry,Aussie Drops Eucalyptus Share Pack 150g bag,297788,$3.00,$2.00 / 100G,https://www.woolworths.com.au/shop/productdetails/297788/aussie-drops-eucalyptus-share-pack,https://cdn0.woolworths.media/content/wowproductimages/medium/297788.jpg,2020-09-21 17:27:05,,0,,True
5bc03255-764e-4106-bc44-f25812fefbeb,Woolworths Supermarket,Pantry,Old El Paso Mexican Wholegrain Tortillas 6 pack,297890,$3.00,$1.25 / 100G,https://www.woolworths.com.au/shop/productdetails/297890/old-el-paso-mexican-wholegrain-tortillas,https://cdn0.woolworths.media/content/wowproductimages/medium/297890.jpg,2020-09-21 17:27:05,,0,,True
ac3c1f49-bde7-475c-8ac2-8fd596ce9e93,Woolworths Supermarket,Pantry,Heinz Big N Chunky Canned Soup Ravioli With Beef & Tomato 535g,298168,$2.50,$0.47 / 100G,https://www.woolworths.com.au/shop/productdetails/298168/heinz-big-n-chunky-canned-soup-ravioli-with-beef-tomato,https://cdn0.woolworths.media/content/wowproductimages/medium/298168.jpg,2020-09-21 17:27:05,,0,Was $3.89 17/04/2017,True
bf646e47-d760-4472-bf57-d3435e57adf1,Woolworths Supermarket,Pantry,Woolworths 100% Canadian Maple Syrup 250ml,298476,$6.25,$2.50 / 100ML,https://www.woolworths.com.au/shop/productdetails/298476/woolworths-100-canadian-maple-syrup,https://cdn0.woolworths.media/content/wowproductimages/medium/298476.jpg,2020-09-21 17:27:05,Average product rating out of 5: 4.6. Product score is based on 554 ratings,554,,True
de57c23e-129f-43c9-bddd-8585e884e2c7,Woolworths Supermarket,Pantry,Morlife Gojilicious Fruit Goji Berries In Dark Chocolate 150g,298527,$7.00,$46.67 / 1KG,https://www.woolworths.com.au/shop/productdetails/298527/morlife-gojilicious-fruit-goji-berries-in-dark-chocolate,https://cdn0.woolworths.media/content/wowproductimages/medium/298527.jpg,2020-09-21 17:27:05,Average product rating out of 5: 5.0. Product score is based on 5 ratings,5,,True
0e660eec-e1fb-4b78-8c6f-612aa8d5c4a5,Woolworths Supermarket,Pantry,Woolworths Cocoa Powder 375g,298566,$4.00,$1.07 / 100G,https://www.woolworths.com.au/shop/productdetails/298566/woolworths-cocoa-powder,https://cdn0.woolworths.media/content/wowproductimages/medium/298566.jpg,2020-09-21 17:27:05,,0,,True
b87575ab-3f2c-4453-a57a-2f32fa7d719e,Woolworths Supermarket,Pantry,Sweet William Original Chocolate Dairy Free 100g,298661,$2.90,$2.90 / 100G,https://www.woolworths.com.au/shop/productdetails/298661/sweet-william-original-chocolate-dairy-free,https://cdn0.woolworths.media/content/wowproductimages/medium/298661.jpg,2020-09-21 17:27:05,Average product rating out of 5: 4.8. Product score is based on 38 ratings,38,,True
c1f19034-2ef6-4cc4-9384-910f267883b7,Woolworths Supermarket,Pantry,Wrigley's Extra Strawberry Chewing Gum Sugar Free 27g,298888,$1.80,$6.67 / 100G,https://www.woolworths.com.au/shop/productdetails/298888/wrigley-s-extra-strawberry-chewing-gum-sugar-free,https://cdn0.woolworths.media/content/wowproductimages/medium/298888.jpg,2020-09-21 17:27:05,,0,,True
9f8ee1ec-34b1-4013-bab0-b7656d3abcb7,Woolworths Supermarket,Pantry,Always Fresh Cucumbers Bread & Butter 700g,298956,$3.70,$5.29 / 1KG,https://www.woolworths.com.au/shop/productdetails/298956/always-fresh-cucumbers-bread-butter,https://cdn0.woolworths.media/content/wowproductimages/medium/298956.jpg,2020-09-21 17:27:05,,0,,True
fe7948fa-ba0b-4673-94a9-ef9316b21cd6,Woolworths Supermarket,Pantry,Masterfoods Classic Corn Relish 250g,298978,$3.50,$14.00 / 1KG,https://www.woolworths.com.au/shop/productdetails/298978/masterfoods-classic-corn-relish,https://cdn0.woolworths.media/content/wowproductimages/medium/298978.jpg,2020-09-21 17:27:05,,0,,True
df6d3f59-d62a-4f07-b3d9-9310d44aa3c1,Woolworths Supermarket,Pantry,Masterfoods Classic Gherkin Relish 260g,298979,$3.45,$13.27 / 1KG,https://www.woolworths.com.au/shop/productdetails/298979/masterfoods-classic-gherkin-relish,https://cdn0.woolworths.media/content/wowproductimages/medium/298979.jpg,2020-09-21 17:27:05,,0,,True
c0067c4c-c4a8-41b2-add9-694b45fe1a74,Woolworths Supermarket,Pantry,Masterfoods Tomato Relish 250g,298986,$3.30,$13.20 / 1KG,https://www.woolworths.com.au/shop/productdetails/298986/masterfoods-tomato-relish,https://cdn0.woolworths.media/content/wowproductimages/medium/298986.jpg,2020-09-21 17:27:05,,0,,True
d1f99c11-e151-49ba-8831-be832d9d3f86,Woolworths Supermarket,Pantry,Masterfoods Mango Chutney Relish 250g,298987,$3.30,$13.20 / 1KG,https://www.woolworths.com.au/shop/productdetails/298987/masterfoods-mango-chutney-relish,https://cdn0.woolworths.media/content/wowproductimages/medium/298987.jpg,2020-09-21 17:27:05,,0,,True
fba26c80-2c3c-4a40-be16-2cbbaa83203c,Woolworths Supermarket,Pantry,Arnott's Shapes Chicken Crimpy 175g,384245,$2.50,$1.43 / 100G,https://www.woolworths.com.au/shop/productdetails/384245/arnott-s-shapes-chicken-crimpy,https://cdn0.woolworths.media/content/wowproductimages/medium/384245.jpg,2020-09-21 17:27:05,,0,,True
182bfb55-32c1-4415-8a05-aea9c69b14ac,Woolworths Supermarket,Pantry,Cadbury Dairy Milk Chocolate Fair Trade 350g,757883,$5.00,$1.43 / 100G,https://www.woolworths.com.au/shop/productdetails/757883/cadbury-dairy-milk-chocolate-fair-trade,https://cdn0.woolworths.media/content/wowproductimages/medium/757883.jpg,2020-09-21 17:27:05,,0,Was $6.30 16/01/2017,True
d825c79d-d099-4ab8-b524-f731c3acfe83,Woolworths Supermarket,Pantry,Fantastic Rice Crackers Original 100g,035231,$1.50,$1.50 / 100G,https://www.woolworths.com.au/shop/productdetails/35231/fantastic-rice-crackers-original,https://cdn0.woolworths.media/content/wowproductimages/medium/035231.jpg,2020-09-21 17:27:05,,0,,True
e9f16c06-8d51-47fc-8741-da8319f75bf7,Woolworths Supermarket,Pantry,Woolworths Diced Italian Tomatoes No Added Salt 400g,770320,$0.80,$2.00 / 1KG,https://www.woolworths.com.au/shop/productdetails/770320/woolworths-diced-italian-tomatoes-no-added-salt,https://cdn0.woolworths.media/content/wowproductimages/medium/770320.jpg,2020-09-21 17:27:05,Average product rating out of 5: 4.7. Product score is based on 311 ratings,311,,True
041dc112-5012-4aaa-8b09-dbc832858d08,Woolworths Supermarket,Pantry,Mckenzie's Himalayan Salt Rock Pink 400g,749926,$5.95,$0.15 / 10G,https://www.woolworths.com.au/shop/productdetails/749926/mckenzie-s-himalayan-salt-rock-pink,https://cdn0.woolworths.media/content/wowproductimages/medium/749926.jpg,2020-09-21 17:27:05,,0,,True
ca05267a-7013-4192-add6-f3c6ded830d0,Woolworths Supermarket,Pantry,Cadbury Fry's Turkish Delight 55g bar,098390,$1.00,$1.82 / 100G,https://www.woolworths.com.au/shop/productdetails/98390/cadbury-fry-s-turkish-delight,https://cdn0.woolworths.media/content/wowproductimages/medium/098390.jpg,2020-09-21 17:27:05,,0,,True
c904a10d-8414-42f0-95b1-e7b8daefc939,Woolworths Supermarket,Pantry,Essentials Raw Sugar 2kg,018174,$2.10,$0.11 / 100G,https://www.woolworths.com.au/shop/productdetails/18174/essentials-raw-sugar,https://cdn0.woolworths.media/content/wowproductimages/medium/018174.jpg,2020-09-21 17:27:05,,0,,True
bdb3d6ca-7396-4460-bf6e-b9856409b52c,Woolworths Supermarket,Pantry,Heinz Canned Soup Big Red Tomato 420g,034331,$2.20,$0.52 / 100G,https://www.woolworths.com.au/shop/productdetails/34331/heinz-canned-soup-big-red-tomato,https://cdn0.woolworths.media/content/wowproductimages/medium/034331.jpg,2020-09-21 17:27:05,,0,,True
416566bb-8bec-41bc-954d-10edeb0c7463,Woolworths Supermarket,Pantry,Continental Cup A Soup Creamy Chicken With Lots Of Noodles 2 pack,026649,$2.00,$3.33 / 100G,https://www.woolworths.com.au/shop/productdetails/26649/continental-cup-a-soup-creamy-chicken-with-lots-of-noodles,https://cdn0.woolworths.media/content/wowproductimages/medium/026649.jpg,2020-09-21 17:27:05,,0,,True
d418a1bc-02fb-4621-b1b6-5ce875ad2002,Woolworths Supermarket,Pantry,Macro Organic Quinoa Tri Colour 500g,717631,$7.00,$1.40 / 100G,https://www.woolworths.com.au/shop/productdetails/717631/macro-organic-quinoa-tri-colour,https://cdn0.woolworths.media/content/wowproductimages/medium/717631.jpg,2020-09-21 17:27:05,Average product rating out of 5: 4.6. Product score is based on 274 ratings,274,Was $9.99 09/01/2017,True
579c6076-018e-4967-9672-e953ad8bbca4,Woolworths Supermarket,Pantry,Essentials Pasta Penne 500g,188800,$0.80,$0.16 / 100G,https://www.woolworths.com.au/shop/productdetails/188800/essentials-pasta-penne,https://cdn0.woolworths.media/content/wowproductimages/medium/188800.jpg,2020-09-21 17:27:05,,0,,True
56610f73-3f4c-4770-b078-e076812cdfd8,Woolworths Supermarket,Pantry,Ardmona Tomatoes Diced No Added Salt 400g,226849,$1.40,$3.50 / 1KG,https://www.woolworths.com.au/shop/productdetails/226849/ardmona-tomatoes-diced-no-added-salt,https://cdn0.woolworths.media/content/wowproductimages/medium/226849.jpg,2020-09-21 17:27:05,,0,,True
07be6dac-51f0-40e0-99b8-3781e1e58485,Woolworths Supermarket,Pantry,Masterfoods Barbecue Sauce 500ml,099696,$2.50,$0.50 / 100ML,https://www.woolworths.com.au/shop/productdetails/99696/masterfoods-barbecue-sauce,https://cdn0.woolworths.media/content/wowproductimages/medium/099696.jpg,2020-09-21 17:27:05,,0,,True
83629357-8f89-479b-821e-219886c4b547,Woolworths Supermarket,Pantry,Ritz Crackers Original 300g,660562,$2.50,$0.83 / 100G,https://www.woolworths.com.au/shop/productdetails/660562/ritz-crackers-original,https://cdn0.woolworths.media/content/wowproductimages/medium/660562.jpg,2020-09-21 17:27:05,,0,,True
4d9c457a-01d8-46c8-b6d8-41bfe09d5193,Woolworths Supermarket,Pantry,Woolworths Rolled Traditional Oats 750g,321220,$1.40,$0.19 / 100G,https://www.woolworths.com.au/shop/productdetails/321220/woolworths-rolled-traditional-oats,https://cdn0.woolworths.media/content/wowproductimages/medium/321220.jpg,2020-09-21 17:27:05,Average product rating out of 5: 4.6. Product score is based on 748 ratings,748,,True
79bd0a73-b36f-4daa-8016-9171a0c3453f,Woolworths Supermarket,Pantry,Mckenzie's Rice Flour 375g,094275,$1.50,$4.00 / 1KG,https://www.woolworths.com.au/shop/productdetails/94275/mckenzie-s-rice-flour,https://cdn0.woolworths.media/content/wowproductimages/medium/094275.jpg,2020-09-21 17:27:05,,0,,True
5a892601-1d1d-4c47-9967-175b40bad408,Woolworths Supermarket,Pantry,Arnott's Monte Carlo 250g,036031,$3.00,$1.20 / 100G,https://www.woolworths.com.au/shop/productdetails/36031/arnott-s-monte-carlo,https://cdn0.woolworths.media/content/wowproductimages/medium/036031.jpg,2020-09-21 17:27:05,,0,,True
b6d38975-64bb-4f39-bce7-377d175ebc12,Woolworths Supermarket,Pantry,Indomie Mi Goreng Instant Noodles 5pk 425g,177972,$2.75,$0.65 / 100G,https://www.woolworths.com.au/shop/productdetails/177972/indomie-mi-goreng-instant-noodles,https://cdn0.woolworths.media/content/wowproductimages/medium/177972.jpg,2020-09-21 17:27:05,,0,,True
4f882194-a131-4773-814a-9e996673b79d,Woolworths Supermarket,Pantry,Sunbites Grain Waves Sour Cream & Chives 170g,082361,$3.50,$2.06 / 100G,https://www.woolworths.com.au/shop/productdetails/82361/sunbites-grain-waves-sour-cream-chives,https://cdn0.woolworths.media/content/wowproductimages/medium/082361.jpg,2020-09-21 17:27:05,,0,,True
b7664731-8e81-40f9-8f70-776c7dbefb13,Woolworths Supermarket,Pantry,Sunbites Grain Waves Sour Cream & Chives 5 pack,720220,$3.10,$2.82 / 100G,https://www.woolworths.com.au/shop/productdetails/720220/sunbites-grain-waves-sour-cream-chives,https://cdn0.woolworths.media/content/wowproductimages/medium/720220.jpg,2020-09-21 17:27:05,,0,2 for $5.00,True
7928e76a-fdc3-4db7-aa6e-90e6bb5d44f5,Woolworths Supermarket,Pantry,Red Rock Deli Multipack Variety Box Adult Serves 10 pack,299946,,,https://www.woolworths.com.au/shop/productdetails/299946/red-rock-deli-multipack-variety-box-adult-serves,https://cdn0.woolworths.media/content/wowproductimages/medium/299946.jpg,2020-09-21 17:27:05,,0,2 for $9.80,False
fcd22aa0-ba37-460d-bb07-b0bf3245d9ff,Woolworths Supermarket,Pantry,Woolworths Coffee Beans Espresso 1kg,300452,$12.00,$1.20 / 100G,https://www.woolworths.com.au/shop/productdetails/300452/woolworths-coffee-beans-espresso,https://cdn0.woolworths.media/content/wowproductimages/medium/300452.jpg,2020-09-21 17:27:05,,0,,True
929ddc66-f2af-4571-96e5-57eafd807c3c,Woolworths Supermarket,Pantry,Fantastic Delites Snacks Sea Salt & Balsamic Vinegar 100g,301074,$1.50,$1.50 / 100G,https://www.woolworths.com.au/shop/productdetails/301074/fantastic-delites-snacks-sea-salt-balsamic-vinegar,https://cdn0.woolworths.media/content/wowproductimages/medium/301074.jpg,2020-09-21 17:27:05,,0,,True
b90a9c51-baae-485b-b72e-17f7f9472db4,Woolworths Supermarket,Pantry,Fantastic Delites Snacks Sweet Chilli & Sour Cream 100g,301085,$1.50,$1.50 / 100G,https://www.woolworths.com.au/shop/productdetails/301085/fantastic-delites-snacks-sweet-chilli-sour-cream,https://cdn0.woolworths.media/content/wowproductimages/medium/301085.jpg,2020-09-21 17:27:05,,0,,True
6eb86d48-7a9b-43ea-bc57-bddef179b274,Woolworths Supermarket,Pantry,Edgell Four Bean Mix Value Pack 4x125g,301303,$3.00,$6.00 / 1KG,https://www.woolworths.com.au/shop/productdetails/301303/edgell-four-bean-mix-value-pack,https://cdn0.woolworths.media/content/wowproductimages/medium/301303.jpg,2020-09-21 17:27:05,,0,,True
d566e53e-5485-4a7c-938c-bb65fc6cc614,Woolworths Supermarket,Pantry,Edgell Chickpeas 125g x4 pack,301304,$3.00,$0.60 / 100G,https://www.woolworths.com.au/shop/productdetails/301304/edgell-chickpeas,https://cdn0.woolworths.media/content/wowproductimages/medium/301304.jpg,2020-09-21 17:27:05,,0,,True
f64bfd18-bc0e-4e8b-ab01-ca21a56ed619,Woolworths Supermarket,Pantry,Uncle Tobys Oats Quick Sachets Brownsugar & Cinnamon Porridge 420g,301524,$4.50,$1.07 / 100G,https://www.woolworths.com.au/shop/productdetails/301524/uncle-tobys-oats-quick-sachets-brownsugar-cinnamon-porridge,https://cdn0.woolworths.media/content/wowproductimages/medium/301524.jpg,2020-09-21 17:27:05,,0,,True
a44b6564-6e4f-42b9-9010-1017f7f40fc3,Woolworths Supermarket,Pantry,Sirena Tuna With Beans 185g,302155,$4.30,$23.24 / 1KG,https://www.woolworths.com.au/shop/productdetails/302155/sirena-tuna-with-beans,https://cdn0.woolworths.media/content/wowproductimages/medium/302155.jpg,2020-09-21 17:27:05,,0,,True
cca165eb-6902-4d41-94e9-fc22f1d4403c,Woolworths Supermarket,Pantry,Cobram Estate Extra Virgin Rich & Robust Olive Oil 375ml,302643,$7.00,$1.87 / 100ML,https://www.woolworths.com.au/shop/productdetails/302643/cobram-estate-extra-virgin-rich-robust-olive-oil,https://cdn0.woolworths.media/content/wowproductimages/medium/302643.jpg,2020-09-21 17:27:05,,0,,True
6984f89b-c129-493e-bcd6-ce287d1dc672,Woolworths Supermarket,Pantry,Cobram Estate Light Olive Oil Extra Virgin 375ml,302647,$7.00,$1.87 / 100ML,https://www.woolworths.com.au/shop/productdetails/302647/cobram-estate-light-olive-oil-extra-virgin,https://cdn0.woolworths.media/content/wowproductimages/medium/302647.jpg,2020-09-21 17:27:05,,0,,True
dc2bd13e-5244-43d6-ab98-473fa6b7ba7e,Woolworths Supermarket,Pantry,Amy's Kitchen Canned Soup Organic Lentil & Vegetable 411g,303700,$3.90,$0.95 / 100G,https://www.woolworths.com.au/shop/productdetails/303700/amy-s-kitchen-canned-soup-organic-lentil-vegetable,https://cdn0.woolworths.media/content/wowproductimages/medium/303700.jpg,2020-09-21 17:27:05,,0,,True
a9f72e1c-c21f-4031-b4eb-a40f7a607c1e,Woolworths Supermarket,Pantry,Amy's Kitchen Soup Split Pea 400g,303727,$3.90,$0.98 / 100G,https://www.woolworths.com.au/shop/productdetails/303727/amy-s-kitchen-soup-split-pea,https://cdn0.woolworths.media/content/wowproductimages/medium/303727.jpg,2020-09-21 17:27:05,,0,,True
10f32d9a-41ee-470e-837b-2fef2af2983b,Woolworths Supermarket,Pantry,Amy's Kitchen Organic Vegetable Barley Soup 400g,303731,$3.90,$0.98 / 100G,https://www.woolworths.com.au/shop/productdetails/303731/amy-s-kitchen-organic-vegetable-barley-soup,https://cdn0.woolworths.media/content/wowproductimages/medium/303731.jpg,2020-09-21 17:27:05,,0,,True
07f4b6a9-b509-4b78-b206-14a285899ccd,Woolworths Supermarket,Pantry,Cadbury Flake Sharepack 12pk 168g,304748,$2.50,$1.49 / 100G,https://www.woolworths.com.au/shop/productdetails/304748/cadbury-flake-sharepack,https://cdn0.woolworths.media/content/wowproductimages/medium/304748.jpg,2020-09-21 17:27:05,,0,,True
d8278dab-3e3f-49cb-8255-638c77ea7ba1,Woolworths Supermarket,Pantry,Best Foods Real Mayonnaise 405g,304977,$6.00,$1.48 / 100G,https://www.woolworths.com.au/shop/productdetails/304977/best-foods-real-mayonnaise,https://cdn0.woolworths.media/content/wowproductimages/medium/304977.jpg,2020-09-21 17:27:05,,0,,True
c2a85037-090d-4994-9393-ff0b4f977f39,Woolworths Supermarket,Pantry,Mcvitie's Digestives Biscuit Dark Chocolate 300g,305370,$3.95,$1.32 / 100G,https://www.woolworths.com.au/shop/productdetails/305370/mcvitie-s-digestives-biscuit-dark-chocolate,https://cdn0.woolworths.media/content/wowproductimages/medium/305370.jpg,2020-09-21 17:27:05,,0,,True
c6043ae8-4432-4049-bd96-d6141ba00b42,Woolworths Supermarket,Pantry,Hellmann's Real Mayo Jar Real Mayonnaise 400g,305383,$6.20,$1.55 / 100G,https://www.woolworths.com.au/shop/productdetails/305383/hellmann-s-real-mayo-jar-real-mayonnaise,https://cdn0.woolworths.media/content/wowproductimages/medium/305383.jpg,2020-09-21 17:27:05,,0,,True
df0ce0d1-3f08-413f-8d02-d957ebbd3c30,Woolworths Supermarket,Pantry,Golden Days Bars Sesame Snaps Dark Chocolate 120g,305675,$3.30,$2.75 / 100G,https://www.woolworths.com.au/shop/productdetails/305675/golden-days-bars-sesame-snaps-dark-chocolate,https://cdn0.woolworths.media/content/wowproductimages/medium/305675.jpg,2020-09-21 17:27:05,Average product rating out of 5: 4.9. Product score is based on 11 ratings,11,,True
3f4425d4-4798-4f13-8bcf-cee5c1866db2,Woolworths Supermarket,Pantry,Saxa Cooking Salt 2kg,306486,$2.09,$0.01 / 10G,https://www.woolworths.com.au/shop/productdetails/306486/saxa-cooking-salt,https://cdn0.woolworths.media/content/wowproductimages/medium/306486.jpg,2020-09-21 17:27:05,,0,,True
2f786ce7-e8a2-474c-9f67-d33d2aeb686a,Woolworths Supermarket,Pantry,Saxa All Natural Rock Salt 1kg,306488,$4.10,$0.04 / 10G,https://www.woolworths.com.au/shop/productdetails/306488/saxa-all-natural-rock-salt,https://cdn0.woolworths.media/content/wowproductimages/medium/306488.jpg,2020-09-21 17:27:05,,0,,True
91ad2b75-bd42-45d3-84c2-4252b4b9d9d9,Woolworths Supermarket,Pantry,Saxa Cooking Salt 1kg,306491,$1.85,$0.02 / 10G,https://www.woolworths.com.au/shop/productdetails/306491/saxa-cooking-salt,https://cdn0.woolworths.media/content/wowproductimages/medium/306491.jpg,2020-09-21 17:27:05,,0,,True
d7d7df02-50b8-4a88-9a01-2975ae4859dc,Woolworths Supermarket,Pantry,Saxa Salt Cooking Iodised 1kg,306494,$1.85,$0.02 / 10G,https://www.woolworths.com.au/shop/productdetails/306494/saxa-salt-cooking-iodised,https://cdn0.woolworths.media/content/wowproductimages/medium/306494.jpg,2020-09-21 17:27:05,,0,,True
55ac38bd-bb1b-496d-bb87-44c911acb5c5,Woolworths Supermarket,Pantry,Saxa Natural Rock Salt 500g,306497,$2.05,$0.04 / 10G,https://www.woolworths.com.au/shop/productdetails/306497/saxa-natural-rock-salt,https://cdn0.woolworths.media/content/wowproductimages/medium/306497.jpg,2020-09-21 17:27:05,,0,,True
0eb05173-955b-4898-aa76-11ba2c2ecd9a,Woolworths Supermarket,Pantry,Saxa Iodised Rock Salt 500g,306498,$2.05,$0.04 / 10G,https://www.woolworths.com.au/shop/productdetails/306498/saxa-iodised-rock-salt,https://cdn0.woolworths.media/content/wowproductimages/medium/306498.jpg,2020-09-21 17:27:05,,0,,True
1b0abd9f-9de9-45d4-a41c-f3db5d92c597,Woolworths Supermarket,Pantry,Sunbites Grain Waves Sour Cream & Chives 5 pack,720220,$3.10,$2.82 / 100G,https://www.woolworths.com.au/shop/productdetails/720220/sunbites-grain-waves-sour-cream-chives,https://cdn0.woolworths.media/content/wowproductimages/medium/720220.jpg,2020-09-21 17:27:05,,0,2 for $5.00,True
7045fe92-bfe7-4e03-ad71-fad46ddddfde,Woolworths Supermarket,Pantry,Woolworths Walnuts Kernel 500g,749540,$11.00,$22.00 / 1KG,https://www.woolworths.com.au/shop/productdetails/749540/woolworths-walnuts-kernel,https://cdn0.woolworths.media/content/wowproductimages/medium/749540.jpg,2020-09-21 17:27:05,Average product rating out of 5: 4.8. Product score is based on 360 ratings,360,,True
eda2b51d-7b37-400a-b10c-f6fc036c8a7e,Woolworths Supermarket,Pantry,Cobram Estate Extra Virgin Light Olive Oil 750ml,345955,$15.00,$2.00 / 100ML,https://www.woolworths.com.au/shop/productdetails/345955/cobram-estate-extra-virgin-light-olive-oil,https://cdn0.woolworths.media/content/wowproductimages/medium/345955.jpg,2020-09-21 17:27:05,,0,,True
7ce179bb-715a-4b38-8683-d5edf2cc9b15,Woolworths Supermarket,Pantry,Cadbury Dairy Milk Chocolate Fair Trade 350g,757883,$5.00,$1.43 / 100G,https://www.woolworths.com.au/shop/productdetails/757883/cadbury-dairy-milk-chocolate-fair-trade,https://cdn0.woolworths.media/content/wowproductimages/medium/757883.jpg,2020-09-21 17:27:05,,0,Was $6.30 16/01/2017,True
ead1a370-33ce-45c9-b5eb-23ac2d3c643e,Woolworths Supermarket,Pantry,Bertolli Extra Virgin Olive Oil Originale 750ml,502951,$6.50,$0.87 / 100ML,https://www.woolworths.com.au/shop/productdetails/502951/bertolli-extra-virgin-olive-oil-originale,https://cdn0.woolworths.media/content/wowproductimages/medium/502951.jpg,2020-09-21 17:27:05,,0,,True
66a3458d-2845-4150-b107-742f33868949,Woolworths Supermarket,Pantry,Ritz Crackers Original 300g,660562,$2.50,$0.83 / 100G,https://www.woolworths.com.au/shop/productdetails/660562/ritz-crackers-original,https://cdn0.woolworths.media/content/wowproductimages/medium/660562.jpg,2020-09-21 17:27:05,,0,,True
a0d2f3cb-1ffc-4180-aaa6-f6749bd74363,Woolworths Supermarket,Pantry,Moccona Freeze Dried Instant Coffee Classic Medium Roast 400g,208575,$24.00,$6.00 / 100G,https://www.woolworths.com.au/shop/productdetails/208575/moccona-freeze-dried-instant-coffee-classic-medium-roast,https://cdn0.woolworths.media/content/wowproductimages/medium/208575.jpg,2020-09-21 17:27:05,,0,,True
c2bc82eb-fae3-4f15-9009-dcec58387013,Woolworths Supermarket,Pantry,Beechworth Pure Honey 1.5kg,250371,$22.00,$1.47 / 100G,https://www.woolworths.com.au/shop/productdetails/250371/beechworth-pure-honey,https://cdn0.woolworths.media/content/wowproductimages/medium/250371.jpg,2020-09-21 17:27:05,,0,,True
54df238f-7337-4c50-b345-260bee1cc9c0,Woolworths Supermarket,Pantry,Queen Organic Vanilla Bean Paste 65g,225399,$11.80,$18.15 / 100G,https://www.woolworths.com.au/shop/productdetails/225399/queen-organic-vanilla-bean-paste,https://cdn0.woolworths.media/content/wowproductimages/medium/225399.jpg,2020-09-21 17:27:05,,0,,True
5a071121-51c5-44cb-96e3-5287cfa2b0d9,Woolworths Supermarket,Pantry,Vege Chips Chicken Style 100g,793382,$3.80,$3.80 / 100G,https://www.woolworths.com.au/shop/productdetails/793382/vege-chips-chicken-style,https://cdn0.woolworths.media/content/wowproductimages/medium/793382.jpg,2020-09-21 17:27:05,Average product rating out of 5: 4.7. Product score is based on 20 ratings,20,,True
7e63ebe3-a245-49d2-8061-4307f6a772e3,Woolworths Supermarket,Pantry,Arnott's Monte Carlo 250g,036031,$3.00,$1.20 / 100G,https://www.woolworths.com.au/shop/productdetails/36031/arnott-s-monte-carlo,https://cdn0.woolworths.media/content/wowproductimages/medium/036031.jpg,2020-09-21 17:27:05,,0,,True
8aa208e0-adc2-4799-a230-25510ab41aa1,Woolworths Supermarket,Pantry,Woolworths White Rice Long Grain 5kg,072779,$6.70,$0.13 / 100G,https://www.woolworths.com.au/shop/productdetails/72779/woolworths-white-rice-long-grain,https://cdn0.woolworths.media/content/wowproductimages/medium/072779.jpg,2020-09-21 17:27:05,Average product rating out of 5: 4.8. Product score is based on 14 ratings,14,,True
ba68dc0e-9426-4533-b854-fa2d492cbeab,Woolworths Supermarket,Pantry,Continental Cup A Soup Creamy Chicken With Lots Of Noodles 2 pack,026649,$2.00,$3.33 / 100G,https://www.woolworths.com.au/shop/productdetails/26649/continental-cup-a-soup-creamy-chicken-with-lots-of-noodles,https://cdn0.woolworths.media/content/wowproductimages/medium/026649.jpg,2020-09-21 17:27:05,,0,,True
b34ddbd8-3c0e-4450-a8a5-1f04fb0364e0,Woolworths Supermarket,Pantry,Mckenzie's Himalayan Salt Rock Pink 400g,749926,$5.95,$0.15 / 10G,https://www.woolworths.com.au/shop/productdetails/749926/mckenzie-s-himalayan-salt-rock-pink,https://cdn0.woolworths.media/content/wowproductimages/medium/749926.jpg,2020-09-21 17:27:05,,0,,True
2b15879e-e838-41d2-a44d-b335ebe76d89,Woolworths Supermarket,Pantry,Woolworths Almond Meal 400g,610610,$7.50,$18.75 / 1KG,https://www.woolworths.com.au/shop/productdetails/610610/woolworths-almond-meal,https://cdn0.woolworths.media/content/wowproductimages/medium/610610.jpg,2020-09-21 17:27:05,Average product rating out of 5: 4.6. Product score is based on 326 ratings,326,Was $9.00 22/07/2020,True
18d1fe3e-ff18-48cc-b7a8-2ff25b54d03b,Woolworths Supermarket,Pantry,Woolworths Diced Italian Tomatoes No Added Salt 400g,770320,$0.80,$2.00 / 1KG,https://www.woolworths.com.au/shop/productdetails/770320/woolworths-diced-italian-tomatoes-no-added-salt,https://cdn0.woolworths.media/content/wowproductimages/medium/770320.jpg,2020-09-21 17:27:05,Average product rating out of 5: 4.7. Product score is based on 311 ratings,311,,True
1e64fd36-7bed-4a12-abfc-ba089f1a110f,Woolworths Supermarket,Pantry,Macro Organic Quinoa Tri Colour 500g,717631,$7.00,$1.40 / 100G,https://www.woolworths.com.au/shop/productdetails/717631/macro-organic-quinoa-tri-colour,https://cdn0.woolworths.media/content/wowproductimages/medium/717631.jpg,2020-09-21 17:27:05,Average product rating out of 5: 4.6. Product score is based on 274 ratings,274,Was $9.99 09/01/2017,True
7e751898-a506-41bb-ae7c-8413e3e82388,Woolworths Supermarket,Pantry,Sanitarium Weet-bix Breakfast Cereal 1.2kg,200695,$5.00,$0.42 / 100G,https://www.woolworths.com.au/shop/productdetails/200695/sanitarium-weet-bix-breakfast-cereal,https://cdn0.woolworths.media/content/wowproductimages/medium/200695.jpg,2020-09-21 17:27:05,,0,,True
35109d19-f231-425e-b654-05b2f24538f1,Woolworths Supermarket,Pantry,Nescafe Blend 43 Soluble Instant Coffee 500g,035694,$20.00,$4.00 / 100G,https://www.woolworths.com.au/shop/productdetails/35694/nescafe-blend-43-soluble-instant-coffee,https://cdn0.woolworths.media/content/wowproductimages/medium/035694.jpg,2020-09-21 17:27:05,,0,,True
7c7fbe72-9e5b-405f-819d-b4c41f68cbdb,Woolworths Supermarket,Pantry,Woolworths Rolled Traditional Oats 750g,321220,$1.40,$0.19 / 100G,https://www.woolworths.com.au/shop/productdetails/321220/woolworths-rolled-traditional-oats,https://cdn0.woolworths.media/content/wowproductimages/medium/321220.jpg,2020-09-21 17:27:05,Average product rating out of 5: 4.6. Product score is based on 748 ratings,748,,True
9873d7ab-53e6-4ce9-baa2-0a60285b4078,Woolworths Supermarket,Pantry,Nestle Milkybar Sharepack 11pk 158g,306622,$4.60,$2.91 / 100G,https://www.woolworths.com.au/shop/productdetails/306622/nestle-milkybar-sharepack,https://cdn0.woolworths.media/content/wowproductimages/medium/306622.jpg,2020-09-21 17:27:05,,0,,True
15fc379c-4e67-471b-b515-b4292083d46c,Woolworths Supermarket,Pantry,Nestle Smarties Sharepack 11pk 140g,306623,$4.60,$3.29 / 100G,https://www.woolworths.com.au/shop/productdetails/306623/nestle-smarties-sharepack,https://cdn0.woolworths.media/content/wowproductimages/medium/306623.jpg,2020-09-21 17:27:05,,0,,True
57afe488-8d97-4aec-9297-8b62ae798ce6,Woolworths Supermarket,Pantry,Nestle Kitkat Original Funpack 11 Piece 185g,306624,$4.60,$2.49 / 100G,https://www.woolworths.com.au/shop/productdetails/306624/nestle-kitkat-original-funpack-11-piece,https://cdn0.woolworths.media/content/wowproductimages/medium/306624.jpg,2020-09-21 17:27:05,,0,,True
9003b5ac-8e2e-4466-b508-8c2c06866990,Woolworths Supermarket,Pantry,Fantastic Delites Snacks Sour Cream & Chives 100g,306758,$1.50,$1.50 / 100G,https://www.woolworths.com.au/shop/productdetails/306758/fantastic-delites-snacks-sour-cream-chives,https://cdn0.woolworths.media/content/wowproductimages/medium/306758.jpg,2020-09-21 17:27:05,,0,,True
29d7f4ff-985b-402a-97ae-45ddfbb42cb9,Woolworths Supermarket,Pantry,Fountain Tomato Sauce Squeeze 500ml,306969,$2.00,$0.40 / 100ML,https://www.woolworths.com.au/shop/productdetails/306969/fountain-tomato-sauce-squeeze,https://cdn0.woolworths.media/content/wowproductimages/medium/306969.jpg,2020-09-21 17:27:05,,0,Was $2.50 15/01/2018,True
52018615-6612-4cea-bedc-e3efb09ba682,Woolworths Supermarket,Pantry,Fountain Barbecue Sauce Squeeze 500ml,306971,$2.00,$0.40 / 100ML,https://www.woolworths.com.au/shop/productdetails/306971/fountain-barbecue-sauce-squeeze,https://cdn0.woolworths.media/content/wowproductimages/medium/306971.jpg,2020-09-21 17:27:05,,0,Was $2.50 15/01/2018,True
fc910246-77b6-475a-a82e-71e4b795ca06,Woolworths Supermarket,Pantry,Heinz Tomato Sauce Ketchup Organic 500ml,307263,$3.50,$0.70 / 100ML,https://www.woolworths.com.au/shop/productdetails/307263/heinz-tomato-sauce-ketchup-organic,https://cdn0.woolworths.media/content/wowproductimages/medium/307263.jpg,2020-09-21 17:27:05,,0,,True
c03cd7ca-ced2-4be1-a926-113339f07c84,Woolworths Supermarket,Pantry,Passage To Asia Thai Basil & Sweet Chili 200g,307473,$2.50,$1.25 / 100G,https://www.woolworths.com.au/shop/productdetails/307473/passage-to-asia-thai-basil-sweet-chili,https://cdn0.woolworths.media/content/wowproductimages/medium/307473.jpg,2020-09-21 17:27:05,,0,Was $2.99 22/08/2016,True
0fc80a34-2392-4f96-84c0-cf4e914fcc47,Woolworths Supermarket,Pantry,Passage To Asia Pad Thai 200g,307476,$2.50,$1.25 / 100G,https://www.woolworths.com.au/shop/productdetails/307476/passage-to-asia-pad-thai,https://cdn0.woolworths.media/content/wowproductimages/medium/307476.jpg,2020-09-21 17:27:05,,0,Was $2.99 22/08/2016,True
66cb954c-5caa-4bfa-8335-4c8125692ca1,Woolworths Supermarket,Pantry,Pandaroo Snacks Jelly Fruit Mini Cups 380g,307669,$2.05,$0.54 / 100G,https://www.woolworths.com.au/shop/productdetails/307669/pandaroo-snacks-jelly-fruit-mini-cups,https://cdn0.woolworths.media/content/wowproductimages/medium/307669.jpg,2020-09-21 17:27:05,,0,,True
bbe7fc80-3579-404a-b410-79b0e40d78de,Woolworths Supermarket,Pantry,Allen's Chicos Chocolate Jelly Lollies 190g,307678,$2.00,$1.05 / 100G,https://www.woolworths.com.au/shop/productdetails/307678/allen-s-chicos-chocolate-jelly-lollies,https://cdn0.woolworths.media/content/wowproductimages/medium/307678.jpg,2020-09-21 17:27:05,,0,,True
421bb690-3bb7-4900-8948-9d9d2d4f0a98,Woolworths Supermarket,Pantry,Allen's Party Mix Lollies Bag Variety 190g,307681,$2.00,$1.05 / 100G,https://www.woolworths.com.au/shop/productdetails/307681/allen-s-party-mix-lollies-bag-variety,https://cdn0.woolworths.media/content/wowproductimages/medium/307681.jpg,2020-09-21 17:27:05,,0,,True
dada154c-7940-45e3-86dc-8a5c9fbada79,Woolworths Supermarket,Pantry,Allen's Retro Party Mix Lollies Bag 190g,307682,$2.00,$1.05 / 100G,https://www.woolworths.com.au/shop/productdetails/307682/allen-s-retro-party-mix-lollies-bag,https://cdn0.woolworths.media/content/wowproductimages/medium/307682.jpg,2020-09-21 17:27:05,,0,,True
a2d0eb9a-bc6d-4654-9b72-af2594128052,Woolworths Supermarket,Pantry,Allen's Jelly Beans Lollies Bag 190g,307685,$2.00,$1.05 / 100G,https://www.woolworths.com.au/shop/productdetails/307685/allen-s-jelly-beans-lollies-bag,https://cdn0.woolworths.media/content/wowproductimages/medium/307685.jpg,2020-09-21 17:27:05,,0,,True
6373c96a-4e10-4e9c-bb40-f3081774f7bb,Woolworths Supermarket,Pantry,Allen's Strawberry & Cream Lollies Bag 190g,307689,$2.00,$1.05 / 100G,https://www.woolworths.com.au/shop/productdetails/307689/allen-s-strawberry-cream-lollies-bag,https://cdn0.woolworths.media/content/wowproductimages/medium/307689.jpg,2020-09-21 17:27:05,,0,,True
dfce42b4-3a94-413f-ac1d-8bb54da1ec5f,Woolworths Supermarket,Pantry,Allen's Frogs Alive Lollies Bag 190g,307692,$2.00,$1.05 / 100G,https://www.woolworths.com.au/shop/productdetails/307692/allen-s-frogs-alive-lollies-bag,https://cdn0.woolworths.media/content/wowproductimages/medium/307692.jpg,2020-09-21 17:27:05,,0,,True
9ac67a67-a36b-437e-b945-409bf91ba1fc,Woolworths Supermarket,Pantry,Allen's Snakes Alive Jelly Lolly Bag 200g,307695,$2.00,$1.00 / 100G,https://www.woolworths.com.au/shop/productdetails/307695/allen-s-snakes-alive-jelly-lolly-bag,https://cdn0.woolworths.media/content/wowproductimages/medium/307695.jpg,2020-09-21 17:27:05,,0,,True
316f2cea-69a2-4366-b9fc-4e58b8582108,Woolworths Supermarket,Pantry,Valcom Paste Yellow Curry 230g,307724,$3.20,$1.39 / 100G,https://www.woolworths.com.au/shop/productdetails/307724/valcom-paste-yellow-curry,https://cdn0.woolworths.media/content/wowproductimages/medium/307724.jpg,2020-09-21 17:27:05,,0,,True
0d0a5158-fa5e-459a-84e8-52ea0e31a74d,Woolworths Supermarket,Pantry,White Wings Cupcake Mix Chocolate 410g,307765,$4.00,$0.98 / 100G,https://www.woolworths.com.au/shop/productdetails/307765/white-wings-cupcake-mix-chocolate,https://cdn0.woolworths.media/content/wowproductimages/medium/307765.jpg,2020-09-21 17:27:05,,0,Was $5.00 31/10/16,True
3b554b5c-b782-406b-a7e0-358855f7fa6a,Woolworths Supermarket,Pantry,Betty Crocker Brownie Mix Frosted Chocolate 500g,307786,$5.20,$1.04 / 100G,https://www.woolworths.com.au/shop/productdetails/307786/betty-crocker-brownie-mix-frosted-chocolate,https://cdn0.woolworths.media/content/wowproductimages/medium/307786.jpg,2020-09-21 17:27:05,,0,,True
2192753d-aae0-4692-9567-2552163b27dd,Woolworths Supermarket,Pantry,Green's Pink Cupcakes Mix 490g,307799,$3.20,$0.65 / 100G,https://www.woolworths.com.au/shop/productdetails/307799/green-s-pink-cupcakes-mix,https://cdn0.woolworths.media/content/wowproductimages/medium/307799.jpg,2020-09-21 17:27:05,,0,,True
562f9615-3242-4c27-8fc6-ebf913c6fae9,Woolworths Supermarket,Pantry,Dollar Sweets Sprinkles Magic 100s & 1000s 350g,307818,$4.50,$1.29 / 100G,https://www.woolworths.com.au/shop/productdetails/307818/dollar-sweets-sprinkles-magic-100s-1000s,https://cdn0.woolworths.media/content/wowproductimages/medium/307818.jpg,2020-09-21 17:27:05,,0,,True
603089df-9605-4c33-92b4-1404023fbe9b,Woolworths Supermarket,Pantry,Sshmallows Cake Decoration Mallows Mini Assorted 100g,307853,$2.00,$2.00 / 100G,https://www.woolworths.com.au/shop/productdetails/307853/sshmallows-cake-decoration-mallows-mini-assorted,https://cdn0.woolworths.media/content/wowproductimages/medium/307853.jpg,2020-09-21 17:27:05,,0,,True
cc71e0cf-294e-48d0-8ab8-10a9e17c7ce4,Woolworths Supermarket,Pantry,Allen's Ripe Raspberries Lollies Bag 190g,307975,$2.00,$1.05 / 100G,https://www.woolworths.com.au/shop/productdetails/307975/allen-s-ripe-raspberries-lollies-bag,https://cdn0.woolworths.media/content/wowproductimages/medium/307975.jpg,2020-09-21 17:27:05,,0,,True
b80f751d-9f32-4401-b284-87f58890b177,Woolworths Supermarket,Pantry,Masterfoods Barbecue Sauce 500ml,099696,$2.50,$0.50 / 100ML,https://www.woolworths.com.au/shop/productdetails/99696/masterfoods-barbecue-sauce,https://cdn0.woolworths.media/content/wowproductimages/medium/099696.jpg,2020-09-21 17:27:05,,0,,True
d69bf2e1-8f63-4c41-a8de-56eb592e4919,Woolworths Supermarket,Pantry,Doritos Share Pack Cheese Supreme 170g,826731,$2.75,$1.62 / 100G,https://www.woolworths.com.au/shop/productdetails/826731/doritos-share-pack-cheese-supreme,https://cdn0.woolworths.media/content/wowproductimages/medium/826731.jpg,2020-09-21 17:27:05,,0,,True
c60e1741-7100-48da-bed0-6d828ee13b9d,Woolworths Supermarket,Pantry,Arnott's Shortbread 250g,008838,$2.50,$1.00 / 100G,https://www.woolworths.com.au/shop/productdetails/8838/arnott-s-shortbread,https://cdn0.woolworths.media/content/wowproductimages/medium/008838.jpg,2020-09-21 17:27:05,,0,,True
3ad32d2a-00a1-47b1-96ed-967673c13ed2,Woolworths Supermarket,Pantry,Twisties Cheese Chips 90g,081659,$2.00,$2.22 / 100G,https://www.woolworths.com.au/shop/productdetails/81659/twisties-cheese-chips,https://cdn0.woolworths.media/content/wowproductimages/medium/081659.jpg,2020-09-21 17:27:05,,0,,True
04d7e3f3-fffc-4470-9e49-f3fefe91bdc9,Woolworths Supermarket,Pantry,Bertolli Extra Virgin Olive Oil Originale 750ml,502951,$6.50,$0.87 / 100ML,https://www.woolworths.com.au/shop/productdetails/502951/bertolli-extra-virgin-olive-oil-originale,https://cdn0.woolworths.media/content/wowproductimages/medium/502951.jpg,2020-09-21 17:27:05,,0,,True
a09bef60-9e73-4cab-bee5-be014c46375b,Woolworths Supermarket,Pantry,Valcom Canned Bamboo Shoots Sliced 225g,097730,$1.10,$4.89 / 1KG,https://www.woolworths.com.au/shop/productdetails/97730/valcom-canned-bamboo-shoots-sliced,https://cdn0.woolworths.media/content/wowproductimages/medium/097730.jpg,2020-09-21 17:27:05,,0,,True
31a35def-1d6d-4e3f-b1eb-7b69e3a1c151,Woolworths Supermarket,Pantry,Kellogg's Nutri-grain Protein Breakfast Cereal 290g,701706,$4.95,$1.71 / 100G,https://www.woolworths.com.au/shop/productdetails/701706/kellogg-s-nutri-grain-protein-breakfast-cereal,https://cdn0.woolworths.media/content/wowproductimages/medium/701706.jpg,2020-09-21 17:27:05,,0,,True
33875508-d9fc-41d6-9e6f-c5980f4275df,Woolworths Supermarket,Pantry,Arnott's Malt O' Milk 250g,036036,$2.50,$1.00 / 100G,https://www.woolworths.com.au/shop/productdetails/36036/arnott-s-malt-o-milk,https://cdn0.woolworths.media/content/wowproductimages/medium/036036.jpg,2020-09-21 17:27:05,,0,,True
576132a6-6328-401e-b006-2e4fcbcd156d,Woolworths Supermarket,Pantry,Smith's Share Pack Crinkle Cut Salt & Vinegar 170g,826738,$2.75,$1.62 / 100G,https://www.woolworths.com.au/shop/productdetails/826738/smith-s-share-pack-crinkle-cut-salt-vinegar,https://cdn0.woolworths.media/content/wowproductimages/medium/826738.jpg,2020-09-21 17:27:05,,0,,True
2c4dc54b-19a8-4e0c-b6ed-9a4f877a42ad,Woolworths Supermarket,Pantry,Arnott's Snack Right Sultana 250g,182697,$3.00,$1.20 / 100G,https://www.woolworths.com.au/shop/productdetails/182697/arnott-s-snack-right-sultana,https://cdn0.woolworths.media/content/wowproductimages/medium/182697.jpg,2020-09-21 17:27:05,,0,Was $4.20 11/02/2019,True
d1632539-6b4f-45c6-94f7-c1c8c45a60d9,Woolworths Supermarket,Pantry,Toblerone Milk Chocolate Bar 50g,047011,$1.00,$2.00 / 100G,https://www.woolworths.com.au/shop/productdetails/47011/toblerone-milk-chocolate-bar,https://cdn0.woolworths.media/content/wowproductimages/medium/047011.jpg,2020-09-21 17:27:05,,0,,True
c130ad5f-9db8-4ea3-92b1-7a04e1622f80,Woolworths Supermarket,Pantry,Kooka's Country Cookies Lemon 200g,347837,$2.00,$1.00 / 100G,https://www.woolworths.com.au/shop/productdetails/347837/kooka-s-country-cookies-lemon,https://cdn0.woolworths.media/content/wowproductimages/medium/347837.jpg,2020-09-21 17:27:05,,0,,True
4f63654a-f5a1-4963-9714-c23791758d76,Woolworths Supermarket,Pantry,Uncle Tobys Roll-ups Strawberry Fun Prints 6 pack,324231,$4.00,$4.26 / 100G,https://www.woolworths.com.au/shop/productdetails/324231/uncle-tobys-roll-ups-strawberry-fun-prints,https://cdn0.woolworths.media/content/wowproductimages/medium/324231.jpg,2020-09-21 17:27:05,,0,,True
150880d7-ac46-4c57-8fcb-af53b3a4e1e9,Woolworths Supermarket,Pantry,Woolworths Corn Sweet Kernels 420g,218926,$1.00,$2.38 / 1KG,https://www.woolworths.com.au/shop/productdetails/218926/woolworths-corn-sweet-kernels,https://cdn0.woolworths.media/content/wowproductimages/medium/218926.jpg,2020-09-21 17:27:05,Average product rating out of 5: 4.1. Product score is based on 215 ratings,215,,True
8f768d0d-916e-4396-9970-04930fda49a1,Woolworths Supermarket,Pantry,Moccona Freeze Dried Instant Coffee Classic Medium Roast 400g,208575,$24.00,$6.00 / 100G,https://www.woolworths.com.au/shop/productdetails/208575/moccona-freeze-dried-instant-coffee-classic-medium-roast,https://cdn0.woolworths.media/content/wowproductimages/medium/208575.jpg,2020-09-21 17:27:05,,0,,True
4e6f0ff4-209b-4b83-8114-f82c816fb14a,Woolworths Supermarket,Pantry,Macro Organic Quinoa Tri Colour 500g,717631,$7.00,$1.40 / 100G,https://www.woolworths.com.au/shop/productdetails/717631/macro-organic-quinoa-tri-colour,https://cdn0.woolworths.media/content/wowproductimages/medium/717631.jpg,2020-09-21 17:27:05,Average product rating out of 5: 4.6. Product score is based on 274 ratings,274,Was $9.99 09/01/2017,True
dbf8f7ec-6667-49c2-9294-b7afde16e97a,Woolworths Supermarket,Pantry,Arnott's Shapes Cheddar 175g,384244,$2.50,$1.43 / 100G,https://www.woolworths.com.au/shop/productdetails/384244/arnott-s-shapes-cheddar,https://cdn0.woolworths.media/content/wowproductimages/medium/384244.jpg,2020-09-21 17:27:05,,0,,True
863ddf69-ac11-42f0-a738-b545a7c407d7,Woolworths Supermarket,Pantry,Uncle Ben's Microwave Mexican Style Brown Rice 250g,727257,$3.00,$1.20 / 100G,https://www.woolworths.com.au/shop/productdetails/727257/uncle-ben-s-microwave-mexican-style-brown-rice,https://cdn0.woolworths.media/content/wowproductimages/medium/727257.jpg,2020-09-21 17:27:05,,0,,True
f34e8448-3a8a-4702-9960-0b67bf49f385,Woolworths Supermarket,Pantry,Pringles Sour Cream And Onion Chips 134g,479502,$2.50,$1.87 / 100G,https://www.woolworths.com.au/shop/productdetails/479502/pringles-sour-cream-and-onion-chips,https://cdn0.woolworths.media/content/wowproductimages/medium/479502.jpg,2020-09-21 17:27:05,,0,,True
7e2d576a-c9d7-4fc9-b99b-3e98f02b0587,Woolworths Supermarket,Pantry,Savour Canned Spicy Beans Broad 100g,308171,$1.80,$18.00 / 1KG,https://www.woolworths.com.au/shop/productdetails/308171/savour-canned-spicy-beans-broad,https://cdn0.woolworths.media/content/wowproductimages/medium/308171.jpg,2020-09-21 17:27:05,,0,,True
7452e9e5-1716-4408-926d-108be71045ed,Woolworths Supermarket,Pantry,Savour Snacks Peas Wasabi Flavoured 100g,308172,$1.80,$18.00 / 1KG,https://www.woolworths.com.au/shop/productdetails/308172/savour-snacks-peas-wasabi-flavoured,https://cdn0.woolworths.media/content/wowproductimages/medium/308172.jpg,2020-09-21 17:27:05,,0,,True
d5cb1858-5b08-4523-856a-8c1db85f015a,Woolworths Supermarket,Pantry,Always Fresh Crustini Crispbread Rosemary & Garlic 120g,308287,$3.70,$3.08 / 100G,https://www.woolworths.com.au/shop/productdetails/308287/always-fresh-crustini-crispbread-rosemary-garlic,https://cdn0.woolworths.media/content/wowproductimages/medium/308287.jpg,2020-09-21 17:27:05,,0,,True
8ca42524-e63c-4b9e-bfa2-787574ff8ffe,Woolworths Supermarket,Pantry,Always Fresh Crustini Crispbread Three Seed And Sea Salt 125g,308288,$3.70,$2.96 / 100G,https://www.woolworths.com.au/shop/productdetails/308288/always-fresh-crustini-crispbread-three-seed-and-sea-salt,https://cdn0.woolworths.media/content/wowproductimages/medium/308288.jpg,2020-09-21 17:27:05,,0,,True
04f3edc6-718a-4353-9db7-482252bea8e0,Woolworths Supermarket,Pantry,Nerada Organic Green Lemon Myrtle Tea Bags 50 pack,308437,$4.25,$0.09 / 1EA,https://www.woolworths.com.au/shop/productdetails/308437/nerada-organic-green-lemon-myrtle-tea-bags,https://cdn0.woolworths.media/content/wowproductimages/medium/308437.jpg,2020-09-21 17:27:05,,0,,True
7acb8f1b-6875-477f-b8d0-fcf491f87ef6,Woolworths Supermarket,Pantry,Madame Flavour Green Jasmine & Pear Tea Pods 18 pack,308449,$6.15,$0.34 / 1EA,https://www.woolworths.com.au/shop/productdetails/308449/madame-flavour-green-jasmine-pear-tea-pods,https://cdn0.woolworths.media/content/wowproductimages/medium/308449.jpg,2020-09-21 17:27:05,,0,,True
87e5b3c3-129f-45cc-8d25-b4c0cc64636a,Woolworths Supermarket,Pantry,Ayam Coconut Milk Powder 150g,308611,$3.50,$2.33 / 100G,https://www.woolworths.com.au/shop/productdetails/308611/ayam-coconut-milk-powder,https://cdn0.woolworths.media/content/wowproductimages/medium/308611.jpg,2020-09-21 17:27:05,,0,,True
112be980-f454-4417-8786-ea963d75dee1,Woolworths Supermarket,Pantry,Nature's Cuppa Organic Spice Chai Tea Bags 50 pack,308641,$7.00,$0.14 / 1EA,https://www.woolworths.com.au/shop/productdetails/308641/nature-s-cuppa-organic-spice-chai-tea-bags,https://cdn0.woolworths.media/content/wowproductimages/medium/308641.jpg,2020-09-21 17:27:05,,0,,True
64754ebd-fc53-44c4-8268-6130c396279a,Woolworths Supermarket,Pantry,Vegemite Spread 280g,308872,$4.00,$1.43 / 100G,https://www.woolworths.com.au/shop/productdetails/308872/vegemite-spread,https://cdn0.woolworths.media/content/wowproductimages/medium/308872.jpg,2020-09-21 17:27:05,,0,,True
5a72bdb4-ef61-4927-adeb-5e01d03e3de1,Woolworths Supermarket,Pantry,Wallaby Bakers Flour 5kg,309217,$13.20,$2.64 / 1KG,https://www.woolworths.com.au/shop/productdetails/309217/wallaby-bakers-flour,https://cdn0.woolworths.media/content/wowproductimages/medium/309217.jpg,2020-09-21 17:27:05,,0,,True
527fb676-1b4e-402f-a89a-c1a2b78ac7c7,Woolworths Supermarket,Pantry,Picon Cheese Portions 120g,309339,$2.75,$22.92 / 1KG,https://www.woolworths.com.au/shop/productdetails/309339/picon-cheese-portions,https://cdn0.woolworths.media/content/wowproductimages/medium/309339.jpg,2020-09-21 17:27:05,,0,,True
0b591eb4-7f25-4a00-ba1d-59fb71b10679,Woolworths Supermarket,Pantry,Nisshin Panko Breadcrumbs 200g,310224,$4.40,$0.22 / 10G,https://www.woolworths.com.au/shop/productdetails/310224/nisshin-panko-breadcrumbs,https://cdn0.woolworths.media/content/wowproductimages/medium/310224.jpg,2020-09-21 17:27:05,,0,,True
3274a3d1-0b1b-4e6a-b6d1-c2ed76080f38,Woolworths Supermarket,Pantry,Woolworths Chicken Liquid Stock 1l,310251,$1.90,$0.19 / 100ML,https://www.woolworths.com.au/shop/productdetails/310251/woolworths-chicken-liquid-stock,https://cdn0.woolworths.media/content/wowproductimages/medium/310251.jpg,2020-09-21 17:27:05,Average product rating out of 5: 4.3. Product score is based on 250 ratings,250,,True
f9f0c30e-3b7c-4e08-9bf1-6774ee09f2fe,Woolworths Supermarket,Pantry,Woolworths Beef Liquid Stock 1l,310253,$1.90,$0.19 / 100ML,https://www.woolworths.com.au/shop/productdetails/310253/woolworths-beef-liquid-stock,https://cdn0.woolworths.media/content/wowproductimages/medium/310253.jpg,2020-09-21 17:27:05,Average product rating out of 5: 4.4. Product score is based on 204 ratings,204,,True
7b3bb8c7-0f2c-474d-90c7-bca3da2d1cb3,Woolworths Supermarket,Pantry,Woolworths Vegetable Liquid Stock 1l,310254,$1.90,$0.19 / 100ML,https://www.woolworths.com.au/shop/productdetails/310254/woolworths-vegetable-liquid-stock,https://cdn0.woolworths.media/content/wowproductimages/medium/310254.jpg,2020-09-21 17:27:05,Average product rating out of 5: 4.4. Product score is based on 177 ratings,177,,True
4a4868c6-b1eb-46d5-83df-7557dec5d313,Woolworths Supermarket,Pantry,Woolworths Chicken Liquid Stock Salt Reduced 1l,310256,$1.90,$0.19 / 100ML,https://www.woolworths.com.au/shop/productdetails/310256/woolworths-chicken-liquid-stock-salt-reduced,https://cdn0.woolworths.media/content/wowproductimages/medium/310256.jpg,2020-09-21 17:27:05,Average product rating out of 5: 4.4. Product score is based on 605 ratings,605,,True
91264013-10a3-4ca6-ba6b-6aec9bf8b639,Woolworths Supermarket,Pantry,Aeroplane Jelly Reduced Sugar Raspberry 85g,310375,$1.00,$1.18 / 100G,https://www.woolworths.com.au/shop/productdetails/310375/aeroplane-jelly-reduced-sugar-raspberry,https://cdn0.woolworths.media/content/wowproductimages/medium/310375.jpg,2020-09-21 17:27:05,,0,,True
25d1f15f-2883-4ae2-9e33-d91522ee3f17,Woolworths Supermarket,Pantry,Aeroplane Jelly Original Lemon 85g,310378,$1.15,$1.35 / 100G,https://www.woolworths.com.au/shop/productdetails/310378/aeroplane-jelly-original-lemon,https://cdn0.woolworths.media/content/wowproductimages/medium/310378.jpg,2020-09-21 17:27:05,,0,,True
5319e16c-841a-4457-93f4-b03176026e02,Woolworths Supermarket,Pantry,Aeroplane Jelly Reduced Sugar Strawberry 85g,310379,$1.00,$1.18 / 100G,https://www.woolworths.com.au/shop/productdetails/310379/aeroplane-jelly-reduced-sugar-strawberry,https://cdn0.woolworths.media/content/wowproductimages/medium/310379.jpg,2020-09-21 17:27:05,,0,,True
d7310bf5-edc4-46ac-ab00-7b43bf253375,Woolworths Supermarket,Pantry,Beerenberg Caramelised Onion 280g,310572,$5.00,$1.79 / 100G,https://www.woolworths.com.au/shop/productdetails/310572/beerenberg-caramelised-onion,https://cdn0.woolworths.media/content/wowproductimages/medium/310572.jpg,2020-09-21 17:27:05,,0,,True
d6ddea78-d105-4262-93c0-921072150fbe,Woolworths Supermarket,Pantry,John West Tuna Sweet Corn & Mayonnaise 95g,310694,$1.15,$12.11 / 1KG,https://www.woolworths.com.au/shop/productdetails/310694/john-west-tuna-sweet-corn-mayonnaise,https://cdn0.woolworths.media/content/wowproductimages/medium/310694.jpg,2020-09-21 17:27:05,,0,,True
014e35ee-6428-4f4e-81e8-584311438dd9,Woolworths Supermarket,Pantry,Woolworths Medium Salsa 300g,311118,$1.50,$0.50 / 100G,https://www.woolworths.com.au/shop/productdetails/311118/woolworths-medium-salsa,https://cdn0.woolworths.media/content/wowproductimages/medium/311118.jpg,2020-09-21 17:27:05,Average product rating out of 5: 4.4. Product score is based on 438 ratings,438,,True
8059eb6c-ca8a-4571-9d18-4b9c0db4f87f,Woolworths Supermarket,Pantry,Woolworths Mild Salsa 300g,311121,$1.50,$0.50 / 100G,https://www.woolworths.com.au/shop/productdetails/311121/woolworths-mild-salsa,https://cdn0.woolworths.media/content/wowproductimages/medium/311121.jpg,2020-09-21 17:27:05,Average product rating out of 5: 4.3. Product score is based on 1453 ratings,1453,,True
a98b61b2-8033-4562-ae1e-0ecb0dabcbb8,Woolworths Supermarket,Pantry,Macro Organic Raspberry Jam 250g,311127,$3.40,$1.36 / 100G,https://www.woolworths.com.au/shop/productdetails/311127/macro-organic-raspberry-jam,https://cdn0.woolworths.media/content/wowproductimages/medium/311127.jpg,2020-09-21 17:27:05,,0,,True
d109c3d2-f16c-4ce8-a34e-048f778f0d76,Woolworths Supermarket,Pantry,Arnott's Shapes Chicken Crimpy 175g,384245,$2.50,$1.43 / 100G,https://www.woolworths.com.au/shop/productdetails/384245/arnott-s-shapes-chicken-crimpy,https://cdn0.woolworths.media/content/wowproductimages/medium/384245.jpg,2020-09-21 17:27:05,,0,,True
b67ebdd4-3940-4ff8-99c0-ac68663b3893,Woolworths Supermarket,Pantry,Sunbites Grain Waves Sour Cream & Chives 5 pack,720220,$3.10,$2.82 / 100G,https://www.woolworths.com.au/shop/productdetails/720220/sunbites-grain-waves-sour-cream-chives,https://cdn0.woolworths.media/content/wowproductimages/medium/720220.jpg,2020-09-21 17:27:05,,0,2 for $5.00,True
db2f0170-a0f6-4f76-8e5c-7fc2e90dc6fb,Woolworths Supermarket,Pantry,Essentials Raw Sugar 2kg,018174,$2.10,$0.11 / 100G,https://www.woolworths.com.au/shop/productdetails/18174/essentials-raw-sugar,https://cdn0.woolworths.media/content/wowproductimages/medium/018174.jpg,2020-09-21 17:27:05,,0,,True
75de8801-afeb-4115-93e2-6a4af4bbe664,Woolworths Supermarket,Pantry,Mckenzie's Rice Flour 375g,094275,$1.50,$4.00 / 1KG,https://www.woolworths.com.au/shop/productdetails/94275/mckenzie-s-rice-flour,https://cdn0.woolworths.media/content/wowproductimages/medium/094275.jpg,2020-09-21 17:27:05,,0,,True
2706c05f-2d02-43fa-86b7-a5f3a0d9939d,Woolworths Supermarket,Pantry,Cadbury Dairy Milk Chocolate Fair Trade 350g,757883,$5.00,$1.43 / 100G,https://www.woolworths.com.au/shop/productdetails/757883/cadbury-dairy-milk-chocolate-fair-trade,https://cdn0.woolworths.media/content/wowproductimages/medium/757883.jpg,2020-09-21 17:27:05,,0,Was $6.30 16/01/2017,True
288550eb-8b5b-487f-b7f0-6561e4866763,Woolworths Supermarket,Pantry,Heinz Canned Soup Big Red Tomato 420g,034331,$2.20,$0.52 / 100G,https://www.woolworths.com.au/shop/productdetails/34331/heinz-canned-soup-big-red-tomato,https://cdn0.woolworths.media/content/wowproductimages/medium/034331.jpg,2020-09-21 17:27:05,,0,,True
f5d387dd-9c3d-43e6-b268-00555b783eb8,Woolworths Supermarket,Pantry,Ritz Crackers Original 300g,660562,$2.50,$0.83 / 100G,https://www.woolworths.com.au/shop/productdetails/660562/ritz-crackers-original,https://cdn0.woolworths.media/content/wowproductimages/medium/660562.jpg,2020-09-21 17:27:05,,0,,True
060b68e6-2074-4098-9f03-ceac7f3cfa72,Woolworths Supermarket,Pantry,Arnott's Monte Carlo 250g,036031,$3.00,$1.20 / 100G,https://www.woolworths.com.au/shop/productdetails/36031/arnott-s-monte-carlo,https://cdn0.woolworths.media/content/wowproductimages/medium/036031.jpg,2020-09-21 17:27:05,,0,,True
3ea91c00-fd28-4142-8388-8a7676154233,Woolworths Supermarket,Pantry,Masterfoods Barbecue Sauce 500ml,099696,$2.50,$0.50 / 100ML,https://www.woolworths.com.au/shop/productdetails/99696/masterfoods-barbecue-sauce,https://cdn0.woolworths.media/content/wowproductimages/medium/099696.jpg,2020-09-21 17:27:05,,0,,True
45fcf2cf-6448-4658-bb24-8c9901853a51,Woolworths Supermarket,Pantry,Essentials Pasta Penne 500g,188800,$0.80,$0.16 / 100G,https://www.woolworths.com.au/shop/productdetails/188800/essentials-pasta-penne,https://cdn0.woolworths.media/content/wowproductimages/medium/188800.jpg,2020-09-21 17:27:05,,0,,True
602e3a46-0df4-43c7-b20c-6b2f3f50b776,Woolworths Supermarket,Pantry,Cadbury Fry's Turkish Delight 55g bar,098390,$1.00,$1.82 / 100G,https://www.woolworths.com.au/shop/productdetails/98390/cadbury-fry-s-turkish-delight,https://cdn0.woolworths.media/content/wowproductimages/medium/098390.jpg,2020-09-21 17:27:05,,0,,True
772cf1a8-e8c8-4d7e-ad90-fd563a15c4d6,Woolworths Supermarket,Pantry,Woolworths Rolled Traditional Oats 750g,321220,$1.40,$0.19 / 100G,https://www.woolworths.com.au/shop/productdetails/321220/woolworths-rolled-traditional-oats,https://cdn0.woolworths.media/content/wowproductimages/medium/321220.jpg,2020-09-21 17:27:05,Average product rating out of 5: 4.6. Product score is based on 748 ratings,748,,True
d0eb24fa-c947-4cc7-a67f-9bb0401e8251,Woolworths Supermarket,Pantry,Ardmona Tomatoes Diced No Added Salt 400g,226849,$1.40,$3.50 / 1KG,https://www.woolworths.com.au/shop/productdetails/226849/ardmona-tomatoes-diced-no-added-salt,https://cdn0.woolworths.media/content/wowproductimages/medium/226849.jpg,2020-09-21 17:27:05,,0,,True
73d5d8cd-ee1d-4780-a959-8f3d485fd4f8,Woolworths Supermarket,Pantry,Fantastic Rice Crackers Original 100g,035231,$1.50,$1.50 / 100G,https://www.woolworths.com.au/shop/productdetails/35231/fantastic-rice-crackers-original,https://cdn0.woolworths.media/content/wowproductimages/medium/035231.jpg,2020-09-21 17:27:05,,0,,True
ea5475a7-9134-4df7-a538-1566f698f9bc,Woolworths Supermarket,Pantry,Macro Organic Quinoa Tri Colour 500g,717631,$7.00,$1.40 / 100G,https://www.woolworths.com.au/shop/productdetails/717631/macro-organic-quinoa-tri-colour,https://cdn0.woolworths.media/content/wowproductimages/medium/717631.jpg,2020-09-21 17:27:05,Average product rating out of 5: 4.6. Product score is based on 274 ratings,274,Was $9.99 09/01/2017,True
2044e1dd-3b2b-4471-a715-04f5c97cf65c,Woolworths Supermarket,Pantry,Mckenzie's Himalayan Salt Rock Pink 400g,749926,$5.95,$0.15 / 10G,https://www.woolworths.com.au/shop/productdetails/749926/mckenzie-s-himalayan-salt-rock-pink,https://cdn0.woolworths.media/content/wowproductimages/medium/749926.jpg,2020-09-21 17:27:05,,0,,True
1ad9145e-42a9-4fe1-8019-bc96822a6d2e,Woolworths Supermarket,Pantry,Continental Cup A Soup Creamy Chicken With Lots Of Noodles 2 pack,026649,$2.00,$3.33 / 100G,https://www.woolworths.com.au/shop/productdetails/26649/continental-cup-a-soup-creamy-chicken-with-lots-of-noodles,https://cdn0.woolworths.media/content/wowproductimages/medium/026649.jpg,2020-09-21 17:27:05,,0,,True
7a5bebab-204c-4205-b8d7-ce37bc8ab441,Woolworths Supermarket,Pantry,Woolworths Diced Italian Tomatoes No Added Salt 400g,770320,$0.80,$2.00 / 1KG,https://www.woolworths.com.au/shop/productdetails/770320/woolworths-diced-italian-tomatoes-no-added-salt,https://cdn0.woolworths.media/content/wowproductimages/medium/770320.jpg,2020-09-21 17:27:05,Average product rating out of 5: 4.7. Product score is based on 311 ratings,311,,True
dfe00dec-dc9c-413b-ac08-0d7dc21af674,Woolworths Supermarket,Pantry,Sunbites Grain Waves Sour Cream & Chives 170g,082361,$3.50,$2.06 / 100G,https://www.woolworths.com.au/shop/productdetails/82361/sunbites-grain-waves-sour-cream-chives,https://cdn0.woolworths.media/content/wowproductimages/medium/082361.jpg,2020-09-21 17:27:05,,0,,True
bd62d663-0171-4c99-8bd8-c7572f28ea25,Woolworths Supermarket,Pantry,Indomie Mi Goreng Instant Noodles 5pk 425g,177972,$2.75,$0.65 / 100G,https://www.woolworths.com.au/shop/productdetails/177972/indomie-mi-goreng-instant-noodles,https://cdn0.woolworths.media/content/wowproductimages/medium/177972.jpg,2020-09-21 17:27:05,,0,,True
3f9a2593-9ec8-432f-af0c-340b5a953eb2,Woolworths Supermarket,Pantry,Macro Organic Strawberry Jam 250g,311129,$3.40,$1.36 / 100G,https://www.woolworths.com.au/shop/productdetails/311129/macro-organic-strawberry-jam,https://cdn0.woolworths.media/content/wowproductimages/medium/311129.jpg,2020-09-21 17:27:05,,0,,True
b116e385-a4ef-4d79-a25c-ac6d52b44482,Woolworths Supermarket,Pantry,Tabasco Habanero Sauce 60ml,311317,$5.00,$8.33 / 100ML,https://www.woolworths.com.au/shop/productdetails/311317/tabasco-habanero-sauce,https://cdn0.woolworths.media/content/wowproductimages/medium/311317.jpg,2020-09-21 17:27:05,,0,,True
29d00276-b968-4afc-8749-7931220071fd,Woolworths Supermarket,Pantry,Jila Mints 4pk 108g,311357,$3.50,$3.24 / 100G,https://www.woolworths.com.au/shop/productdetails/311357/jila-mints,https://cdn0.woolworths.media/content/wowproductimages/medium/311357.jpg,2020-09-21 17:27:05,,0,Was $4.10 13/03/2017,True
ace32aaa-abbb-4d77-a6fe-f5e3bd3f1dd7,Woolworths Supermarket,Pantry,Tic Tac Orange 49g,311364,$3.00,$6.12 / 100G,https://www.woolworths.com.au/shop/productdetails/311364/tic-tac-orange,https://cdn0.woolworths.media/content/wowproductimages/medium/311364.jpg,2020-09-21 17:27:05,,0,Was $3.60 06/03/2017,True
ee6e8597-4823-49c8-b7f0-12cced5fc371,Woolworths Supermarket,Pantry,Sunrice Microwave Fragrant Brown Rice Family Sz 450g,311461,$3.50,$0.78 / 100G,https://www.woolworths.com.au/shop/productdetails/311461/sunrice-microwave-fragrant-brown-rice-family-sz,https://cdn0.woolworths.media/content/wowproductimages/medium/311461.jpg,2020-09-21 17:27:05,,0,Was $3.99 08/03/2016,True
08f7adff-7db8-444c-847f-fa775406589a,Woolworths Supermarket,Pantry,Sunrice Microwave Long Grain White Rice Family 450g,311466,$3.50,$0.78 / 100G,https://www.woolworths.com.au/shop/productdetails/311466/sunrice-microwave-long-grain-white-rice-family,https://cdn0.woolworths.media/content/wowproductimages/medium/311466.jpg,2020-09-21 17:27:05,,0,Was $3.99 08/03/2016,True
b1fe3a77-fe48-4518-b3c1-fb94fd3fa24b,Woolworths Supermarket,Pantry,Sunrice Microwave Indian Aromatic Basmati Rice 450g,311469,$3.50,$0.78 / 100G,https://www.woolworths.com.au/shop/productdetails/311469/sunrice-microwave-indian-aromatic-basmati-rice,https://cdn0.woolworths.media/content/wowproductimages/medium/311469.jpg,2020-09-21 17:27:05,,0,Was $3.99 08/03/2016,True
afeeea03-9284-4706-ab9a-4761557fbbe8,Woolworths Supermarket,Pantry,Essentials Diced Tomatoes 400G,311488,$0.60,$1.50 / 1KG,https://www.woolworths.com.au/shop/productdetails/311488/essentials-diced-tomatoes,https://cdn0.woolworths.media/content/wowproductimages/medium/311488.jpg,2020-09-21 17:27:05,,0,,True
04b2698a-141e-40f4-b3fa-7184a5b60219,Woolworths Supermarket,Pantry,Red Kellys Dressings Traditional 250ml,311904,$4.00,$1.60 / 100ML,https://www.woolworths.com.au/shop/productdetails/311904/red-kellys-dressings-traditional,https://cdn0.woolworths.media/content/wowproductimages/medium/311904.jpg,2020-09-21 17:27:05,,0,,True
8b40afdd-15b5-460a-9079-c462fe13636c,Woolworths Supermarket,Pantry,Red Kellys Salad Dressing Caesar 250ml,311907,$4.00,$1.60 / 100ML,https://www.woolworths.com.au/shop/productdetails/311907/red-kellys-salad-dressing-caesar,https://cdn0.woolworths.media/content/wowproductimages/medium/311907.jpg,2020-09-21 17:27:05,,0,,True
862d6f5c-ca45-498a-b714-614c3e1b3f2c,Woolworths Supermarket,Pantry,Woolworths Sultanas 6 pack,311977,$1.95,$8.13 / 1KG,https://www.woolworths.com.au/shop/productdetails/311977/woolworths-sultanas,https://cdn0.woolworths.media/content/wowproductimages/medium/311977.jpg,2020-09-21 17:27:05,Average product rating out of 5: 4.4. Product score is based on 347 ratings,347,,True
939c5bcc-292a-40a9-87fd-0a42cc92bc33,Woolworths Supermarket,Pantry,Tic Tac Peppermint 49g,311980,$3.00,$6.12 / 100G,https://www.woolworths.com.au/shop/productdetails/311980/tic-tac-peppermint,https://cdn0.woolworths.media/content/wowproductimages/medium/311980.jpg,2020-09-21 17:27:05,,0,Was $3.60 06/03/2017,True
3e31ad55-3dca-4390-b62c-d8a431c9637a,Woolworths Supermarket,Pantry,Kellogg's Lcms Choco Split Stix Cereal Bars 138g,312248,$3.00,$2.17 / 100G,https://www.woolworths.com.au/shop/productdetails/312248/kellogg-s-lcms-choco-split-stix-cereal-bars,https://cdn0.woolworths.media/content/wowproductimages/medium/312248.jpg,2020-09-21 17:27:05,,0,,True
561d5d48-3ffc-43e6-95d5-22723442d68f,Woolworths Supermarket,Pantry,Kellogg's Lcms Yoghurty Split Stix Snack Bars 138g,312255,$3.00,$2.17 / 100G,https://www.woolworths.com.au/shop/productdetails/312255/kellogg-s-lcms-yoghurty-split-stix-snack-bars,https://cdn0.woolworths.media/content/wowproductimages/medium/312255.jpg,2020-09-21 17:27:05,,0,,True
6bec839e-8be7-476e-93b9-91f7bb485381,Woolworths Supermarket,Pantry,Praise Dressings Balsamic 330ml,312737,$2.00,$0.61 / 100ML,https://www.woolworths.com.au/shop/productdetails/312737/praise-dressings-balsamic,https://cdn0.woolworths.media/content/wowproductimages/medium/312737.jpg,2020-09-21 17:27:05,,0,,True
75b3c193-f680-4de1-9627-77c452e42458,Woolworths Supermarket,Pantry,Robert Timms Premium Espresso Granulated Coffee 200g,313153,$8.00,$4.00 / 100G,https://www.woolworths.com.au/shop/productdetails/313153/robert-timms-premium-espresso-granulated-coffee,https://cdn0.woolworths.media/content/wowproductimages/medium/313153.jpg,2020-09-21 17:27:05,,0,,True
f0185f2e-304d-481d-9860-42ee643e0e0d,Woolworths Supermarket,Pantry,Jj Snacks Multipack Chicken Chips 12 pack,313400,$5.20,$2.89 / 100G,https://www.woolworths.com.au/shop/productdetails/313400/jj-snacks-multipack-chicken-chips,https://cdn0.woolworths.media/content/wowproductimages/medium/313400.jpg,2020-09-21 17:27:05,,0,,True
8d4ce341-d1d6-4627-92e7-9692ab4292d4,Woolworths Supermarket,Pantry,San Remo Penne Wholemeal Pasta 500g,313420,$2.60,$0.52 / 100G,https://www.woolworths.com.au/shop/productdetails/313420/san-remo-penne-wholemeal-pasta,https://cdn0.woolworths.media/content/wowproductimages/medium/313420.jpg,2020-09-21 17:27:05,,0,,True
f5bda4e0-ffa5-4899-a26b-7d60f7565c44,Woolworths Supermarket,Pantry,Lucky Almond Meal 400g,313448,$6.00,$15.00 / 1KG,https://www.woolworths.com.au/shop/productdetails/313448/lucky-almond-meal,https://cdn0.woolworths.media/content/wowproductimages/medium/313448.jpg,2020-09-21 17:27:05,,0,,True
4d2064d3-02d6-43c4-829b-a9ebb2ff1c21,Woolworths Supermarket,Pantry,Hikari Japanese Paste White Miso 400g,313546,$4.00,$1.00 / 100G,https://www.woolworths.com.au/shop/productdetails/313546/hikari-japanese-paste-white-miso,https://cdn0.woolworths.media/content/wowproductimages/medium/313546.jpg,2020-09-21 17:27:05,,0,,True
dd5eaff1-893d-4ab4-9341-650dc4d4f368,Woolworths Supermarket,Pantry,Erawan Rice Noodles Stick Pad Thai 200g,313632,$1.50,$0.75 / 100G,https://www.woolworths.com.au/shop/productdetails/313632/erawan-rice-noodles-stick-pad-thai,https://cdn0.woolworths.media/content/wowproductimages/medium/313632.jpg,2020-09-21 17:27:05,,0,,True
132d6643-7ddd-4f9c-a503-b6a92c4c63e3,Woolworths Supermarket,Pantry,Bean Ground & Drunk Ground Coffee Organic Fairtrade Classic Roast 250g,313808,$8.80,$3.52 / 100G,https://www.woolworths.com.au/shop/productdetails/313808/bean-ground-drunk-ground-coffee-organic-fairtrade-classic-roast,https://cdn0.woolworths.media/content/wowproductimages/medium/313808.jpg,2020-09-21 17:27:05,,0,,True
3931c927-e864-4c7f-939e-c28e60418954,Woolworths Supermarket,Pantry,Bean Ground & Drunk Ground Coffee Organic Fairtrade Decaff 250g,313811,$8.80,$3.52 / 100G,https://www.woolworths.com.au/shop/productdetails/313811/bean-ground-drunk-ground-coffee-organic-fairtrade-decaff,https://cdn0.woolworths.media/content/wowproductimages/medium/313811.jpg,2020-09-21 17:27:05,,0,,True
570a75ee-1ae1-4735-adf5-7b0858cb9411,Woolworths Supermarket,Pantry,Essentials Strawberry Jam 500g,314407,$1.40,$0.28 / 100G,https://www.woolworths.com.au/shop/productdetails/314407/essentials-strawberry-jam,https://cdn0.woolworths.media/content/wowproductimages/medium/314407.jpg,2020-09-21 17:27:05,Average product rating out of 5: 4.1. Product score is based on 568 ratings,568,,True
a08fea27-2aac-4677-9574-a074f7244ac3,Woolworths Supermarket,Pantry,Sunbites Grain Waves Sour Cream & Chives 5 pack,720220,$3.10,$2.82 / 100G,https://www.woolworths.com.au/shop/productdetails/720220/sunbites-grain-waves-sour-cream-chives,https://cdn0.woolworths.media/content/wowproductimages/medium/720220.jpg,2020-09-21 17:27:05,,0,2 for $5.00,True
7508dc8e-92d8-4fc9-8d93-a4679b867f19,Woolworths Supermarket,Pantry,Bertolli Extra Virgin Olive Oil Originale 750ml,502951,$6.50,$0.87 / 100ML,https://www.woolworths.com.au/shop/productdetails/502951/bertolli-extra-virgin-olive-oil-originale,https://cdn0.woolworths.media/content/wowproductimages/medium/502951.jpg,2020-09-21 17:27:05,,0,,True
aef473b6-a169-438a-964d-bf4040cf63af,Woolworths Supermarket,Pantry,Cobram Estate Extra Virgin Light Olive Oil 750ml,345955,$15.00,$2.00 / 100ML,https://www.woolworths.com.au/shop/productdetails/345955/cobram-estate-extra-virgin-light-olive-oil,https://cdn0.woolworths.media/content/wowproductimages/medium/345955.jpg,2020-09-21 17:27:05,,0,,True
84cac02c-8c4a-42e3-b492-daee5e53f719,Woolworths Supermarket,Pantry,Sanitarium Weet-bix Breakfast Cereal 1.2kg,200695,$5.00,$0.42 / 100G,https://www.woolworths.com.au/shop/productdetails/200695/sanitarium-weet-bix-breakfast-cereal,https://cdn0.woolworths.media/content/wowproductimages/medium/200695.jpg,2020-09-21 17:27:05,,0,,True
11675f4a-9259-4634-86dc-8d7dbdddf16c,Woolworths Supermarket,Pantry,Woolworths Walnuts Kernel 500g,749540,$11.00,$22.00 / 1KG,https://www.woolworths.com.au/shop/productdetails/749540/woolworths-walnuts-kernel,https://cdn0.woolworths.media/content/wowproductimages/medium/749540.jpg,2020-09-21 17:27:05,Average product rating out of 5: 4.8. Product score is based on 360 ratings,360,,True
a4916665-aaa4-4741-888a-5b511428e8d2,Woolworths Supermarket,Pantry,Woolworths Almond Meal 400g,610610,$7.50,$18.75 / 1KG,https://www.woolworths.com.au/shop/productdetails/610610/woolworths-almond-meal,https://cdn0.woolworths.media/content/wowproductimages/medium/610610.jpg,2020-09-21 17:27:05,Average product rating out of 5: 4.6. Product score is based on 326 ratings,326,Was $9.00 22/07/2020,True
bdfccea3-01a1-4f31-a993-817993ba58e0,Woolworths Supermarket,Pantry,Nescafe Blend 43 Soluble Instant Coffee 500g,035694,$20.00,$4.00 / 100G,https://www.woolworths.com.au/shop/productdetails/35694/nescafe-blend-43-soluble-instant-coffee,https://cdn0.woolworths.media/content/wowproductimages/medium/035694.jpg,2020-09-21 17:27:05,,0,,True
87a15ace-47bd-4e1e-95c0-f83f5f28049e,Woolworths Supermarket,Pantry,Moccona Freeze Dried Instant Coffee Classic Medium Roast 400g,208575,$24.00,$6.00 / 100G,https://www.woolworths.com.au/shop/productdetails/208575/moccona-freeze-dried-instant-coffee-classic-medium-roast,https://cdn0.woolworths.media/content/wowproductimages/medium/208575.jpg,2020-09-21 17:27:05,,0,,True
d7302d62-25d4-4806-b94f-21d68a6ee246,Woolworths Supermarket,Pantry,Queen Organic Vanilla Bean Paste 65g,225399,$11.80,$18.15 / 100G,https://www.woolworths.com.au/shop/productdetails/225399/queen-organic-vanilla-bean-paste,https://cdn0.woolworths.media/content/wowproductimages/medium/225399.jpg,2020-09-21 17:27:05,,0,,True
118494e2-f789-498f-b4e7-d1fcff7f52b2,Woolworths Supermarket,Pantry,Mckenzie's Himalayan Salt Rock Pink 400g,749926,$5.95,$0.15 / 10G,https://www.woolworths.com.au/shop/productdetails/749926/mckenzie-s-himalayan-salt-rock-pink,https://cdn0.woolworths.media/content/wowproductimages/medium/749926.jpg,2020-09-21 17:27:05,,0,,True
a699e4d8-0ba2-4f48-abf5-5defe4a87fa9,Woolworths Supermarket,Pantry,Continental Cup A Soup Creamy Chicken With Lots Of Noodles 2 pack,026649,$2.00,$3.33 / 100G,https://www.woolworths.com.au/shop/productdetails/26649/continental-cup-a-soup-creamy-chicken-with-lots-of-noodles,https://cdn0.woolworths.media/content/wowproductimages/medium/026649.jpg,2020-09-21 17:27:05,,0,,True
7de7bf6c-f632-416d-a137-f9cbfd8e097f,Woolworths Supermarket,Pantry,Macro Organic Quinoa Tri Colour 500g,717631,$7.00,$1.40 / 100G,https://www.woolworths.com.au/shop/productdetails/717631/macro-organic-quinoa-tri-colour,https://cdn0.woolworths.media/content/wowproductimages/medium/717631.jpg,2020-09-21 17:27:05,Average product rating out of 5: 4.6. Product score is based on 274 ratings,274,Was $9.99 09/01/2017,True
92afb024-7b6d-4197-ab5d-1024b5b2d0c1,Woolworths Supermarket,Pantry,Cadbury Dairy Milk Chocolate Fair Trade 350g,757883,$5.00,$1.43 / 100G,https://www.woolworths.com.au/shop/productdetails/757883/cadbury-dairy-milk-chocolate-fair-trade,https://cdn0.woolworths.media/content/wowproductimages/medium/757883.jpg,2020-09-21 17:27:05,,0,Was $6.30 16/01/2017,True
ba051b44-d0d7-47c3-a0ca-7782bdecb69a,Woolworths Supermarket,Pantry,Arnott's Monte Carlo 250g,036031,$3.00,$1.20 / 100G,https://www.woolworths.com.au/shop/productdetails/36031/arnott-s-monte-carlo,https://cdn0.woolworths.media/content/wowproductimages/medium/036031.jpg,2020-09-21 17:27:05,,0,,True
af3d5373-2b1b-48be-a982-e2f0ac0a1cbf,Woolworths Supermarket,Pantry,Vege Chips Chicken Style 100g,793382,$3.80,$3.80 / 100G,https://www.woolworths.com.au/shop/productdetails/793382/vege-chips-chicken-style,https://cdn0.woolworths.media/content/wowproductimages/medium/793382.jpg,2020-09-21 17:27:05,Average product rating out of 5: 4.7. Product score is based on 20 ratings,20,,True
3704c326-2931-4a2e-8c19-61ed7c3bed9e,Woolworths Supermarket,Pantry,Woolworths White Rice Long Grain 5kg,072779,$6.70,$0.13 / 100G,https://www.woolworths.com.au/shop/productdetails/72779/woolworths-white-rice-long-grain,https://cdn0.woolworths.media/content/wowproductimages/medium/072779.jpg,2020-09-21 17:27:05,Average product rating out of 5: 4.8. Product score is based on 14 ratings,14,,True
cc3d433a-ef74-4483-b475-e5077b50c336,Woolworths Supermarket,Pantry,Woolworths Diced Italian Tomatoes No Added Salt 400g,770320,$0.80,$2.00 / 1KG,https://www.woolworths.com.au/shop/productdetails/770320/woolworths-diced-italian-tomatoes-no-added-salt,https://cdn0.woolworths.media/content/wowproductimages/medium/770320.jpg,2020-09-21 17:27:05,Average product rating out of 5: 4.7. Product score is based on 311 ratings,311,,True
b8ba1c3a-6406-4b09-a083-dc185fb1cf43,Woolworths Supermarket,Pantry,Beechworth Pure Honey 1.5kg,250371,$22.00,$1.47 / 100G,https://www.woolworths.com.au/shop/productdetails/250371/beechworth-pure-honey,https://cdn0.woolworths.media/content/wowproductimages/medium/250371.jpg,2020-09-21 17:27:05,,0,,True
b17c54ae-fc66-40df-85ec-7fc735919d28,Woolworths Supermarket,Pantry,Ritz Crackers Original 300g,660562,$2.50,$0.83 / 100G,https://www.woolworths.com.au/shop/productdetails/660562/ritz-crackers-original,https://cdn0.woolworths.media/content/wowproductimages/medium/660562.jpg,2020-09-21 17:27:05,,0,,True
a78ca93f-afbf-4f84-9ab4-49842634ea82,Woolworths Supermarket,Pantry,Woolworths Rolled Traditional Oats 750g,321220,$1.40,$0.19 / 100G,https://www.woolworths.com.au/shop/productdetails/321220/woolworths-rolled-traditional-oats,https://cdn0.woolworths.media/content/wowproductimages/medium/321220.jpg,2020-09-21 17:27:05,Average product rating out of 5: 4.6. Product score is based on 748 ratings,748,,True
93b34fb1-5b0c-48cb-80ac-3e3e8dc15dae,Woolworths Supermarket,Pantry,Essentials Breakfast Marmalade 500g,314409,$1.40,$0.28 / 100G,https://www.woolworths.com.au/shop/productdetails/314409/essentials-breakfast-marmalade,https://cdn0.woolworths.media/content/wowproductimages/medium/314409.jpg,2020-09-21 17:27:05,,0,,True
ef6bf62c-f519-4b04-8e3e-8f3f447b67b4,Woolworths Supermarket,Pantry,Betty Crocker Rainbow Cookie Mix 495g,314544,$5.20,$1.05 / 100G,https://www.woolworths.com.au/shop/productdetails/314544/betty-crocker-rainbow-cookie-mix,https://cdn0.woolworths.media/content/wowproductimages/medium/314544.jpg,2020-09-21 17:27:05,,0,,True
2228d9bd-0b93-4f77-980b-b481574728be,Woolworths Supermarket,Pantry,Barilla Pasta Sauce Bolognaise 400g,315578,$2.00,$0.50 / 100G,https://www.woolworths.com.au/shop/productdetails/315578/barilla-pasta-sauce-bolognaise,https://cdn0.woolworths.media/content/wowproductimages/medium/315578.jpg,2020-09-21 17:27:05,,0,,True
726b0784-86ff-48f4-86fd-309e485d8395,Woolworths Supermarket,Pantry,Licorice Lovers Choc Coated Licorice 200g,315710,$2.00,$1.00 / 100G,https://www.woolworths.com.au/shop/productdetails/315710/licorice-lovers-choc-coated-licorice,https://cdn0.woolworths.media/content/wowproductimages/medium/315710.jpg,2020-09-21 17:27:05,,0,Was $2.30 25/09/2017,True
c6ee3261-1f10-45a8-8943-2d9ae82c58fd,Woolworths Supermarket,Pantry,Kikkoman Tamari Soy Sauce 250ml,318603,$5.20,$2.08 / 100ML,https://www.woolworths.com.au/shop/productdetails/318603/kikkoman-tamari-soy-sauce,https://cdn0.woolworths.media/content/wowproductimages/medium/318603.jpg,2020-09-21 17:27:05,,0,,True
7574f996-8511-4d67-bb6b-03a1ce6bd4cf,Woolworths Supermarket,Pantry,Twinings Green Tea Bags 150g,318680,$11.00,$0.11 / 1EA,https://www.woolworths.com.au/shop/productdetails/318680/twinings-green-tea-bags,https://cdn0.woolworths.media/content/wowproductimages/medium/318680.jpg,2020-09-21 17:27:05,,0,,True
eb8885d0-fac9-4ea6-9876-4d77c3ba2cd2,Woolworths Supermarket,Pantry,Essentials Ice Cream Cone Cups 24 pack,318710,$1.65,$1.65 / 100G,https://www.woolworths.com.au/shop/productdetails/318710/essentials-ice-cream-cone-cups,https://cdn0.woolworths.media/content/wowproductimages/medium/318710.jpg,2020-09-21 17:27:05,Average product rating out of 5: 4.5. Product score is based on 291 ratings,291,,True
926cf97d-df7a-4687-bfcf-0aade1e836ee,Woolworths Supermarket,Pantry,Passage To India Simmer Sauce Curry Balti 375g,318949,$4.70,$1.25 / 100G,https://www.woolworths.com.au/shop/productdetails/318949/passage-to-india-simmer-sauce-curry-balti,https://cdn0.woolworths.media/content/wowproductimages/medium/318949.jpg,2020-09-21 17:27:05,,0,,True
feb2e573-0179-49a0-bd52-5f8a9ba2a4e1,Woolworths Supermarket,Pantry,Nerada Organic Rooibos & Vanilla Tea Bags 50 pack,319056,$3.50,$0.07 / 1EA,https://www.woolworths.com.au/shop/productdetails/319056/nerada-organic-rooibos-vanilla-tea-bags,https://cdn0.woolworths.media/content/wowproductimages/medium/319056.jpg,2020-09-21 17:27:05,,0,,True
601000bc-41de-46da-8b12-15a575fce4dd,Woolworths Supermarket,Pantry,Nestle Milo Duo 340g,319318,$5.10,$1.50 / 100G,https://www.woolworths.com.au/shop/productdetails/319318/nestle-milo-duo,https://cdn0.woolworths.media/content/wowproductimages/medium/319318.jpg,2020-09-21 17:27:05,,0,,True
f6e15551-ab94-4e0a-960e-98ec801a6ef6,Woolworths Supermarket,Pantry,Uncle Tobys Cereal Oat Crisp Almond 415g,319321,$5.00,$1.20 / 100G,https://www.woolworths.com.au/shop/productdetails/319321/uncle-tobys-cereal-oat-crisp-almond,https://cdn0.woolworths.media/content/wowproductimages/medium/319321.jpg,2020-09-21 17:27:05,,0,Was $5.49 20/06/2016,True
340549ff-9578-44a6-9945-a7981ee92cc1,Woolworths Supermarket,Pantry,Sanitarium Weet-bix Bites Crunchy Honey Breakfast Cereal 510g,319333,$4.00,$0.78 / 100G,https://www.woolworths.com.au/shop/productdetails/319333/sanitarium-weet-bix-bites-crunchy-honey-breakfast-cereal,https://cdn0.woolworths.media/content/wowproductimages/medium/319333.jpg,2020-09-21 17:27:05,,0,Was $4.46 03/04/2018,True
8fc0c2db-2007-4a36-9404-ee9839f8b43d,Woolworths Supermarket,Pantry,Chicken Tonight Simmer Sauce Creamy Cheese & Bacon 490g,319337,$2.50,$0.51 / 100G,https://www.woolworths.com.au/shop/productdetails/319337/chicken-tonight-simmer-sauce-creamy-cheese-bacon,https://cdn0.woolworths.media/content/wowproductimages/medium/319337.jpg,2020-09-21 17:27:05,,0,Was $3.20 22/05/2018,True
ef27dd0d-61b7-4d37-b407-8224d12edd01,Woolworths Supermarket,Pantry,Sanitarium Weet-bix Bites Wild Berry Breakfast Cereal 500g,319428,$4.00,$0.80 / 100G,https://www.woolworths.com.au/shop/productdetails/319428/sanitarium-weet-bix-bites-wild-berry-breakfast-cereal,https://cdn0.woolworths.media/content/wowproductimages/medium/319428.jpg,2020-09-21 17:27:05,,0,Was $4.46 03/04/2018,True
10372d10-f340-4173-8857-0107a4c74118,Woolworths Supermarket,Pantry,Sanitarium Weet-bix Bites Apricot Breakfast Cereal 500g,319430,$4.00,$0.80 / 100G,https://www.woolworths.com.au/shop/productdetails/319430/sanitarium-weet-bix-bites-apricot-breakfast-cereal,https://cdn0.woolworths.media/content/wowproductimages/medium/319430.jpg,2020-09-21 17:27:05,,0,Was $4.46 03/04/2018,True
0d5111f7-af83-4c4a-a544-ccf171e651f6,Woolworths Supermarket,Pantry,Safcol Salmon Mild Red Chilli 95g,319474,$1.75,$18.42 / 1KG,https://www.woolworths.com.au/shop/productdetails/319474/safcol-salmon-mild-red-chilli,https://cdn0.woolworths.media/content/wowproductimages/medium/319474.jpg,2020-09-21 17:27:05,,0,,True
25cd4821-4059-42dc-ac5c-f619f7715675,Woolworths Supermarket,Pantry,John West Tuna & 3 Beans 185g,319475,$3.00,$16.22 / 1KG,https://www.woolworths.com.au/shop/productdetails/319475/john-west-tuna-3-beans,https://cdn0.woolworths.media/content/wowproductimages/medium/319475.jpg,2020-09-21 17:27:05,,0,,True
39e79b73-e0dd-413f-9f5d-8c458dbc2888,Woolworths Supermarket,Pantry,John West Tuna With Roast Capsicum & 3 Beans 185g,319476,$3.00,$16.22 / 1KG,https://www.woolworths.com.au/shop/productdetails/319476/john-west-tuna-with-roast-capsicum-3-beans,https://cdn0.woolworths.media/content/wowproductimages/medium/319476.jpg,2020-09-21 17:27:05,,0,,True
a3564aac-db21-42a9-aec7-9eeecd8707df,Woolworths Supermarket,Pantry,Sirena Tuna La Vita Lite Chilli 95g,319493,$2.70,$28.42 / 1KG,https://www.woolworths.com.au/shop/productdetails/319493/sirena-tuna-la-vita-lite-chilli,https://cdn0.woolworths.media/content/wowproductimages/medium/319493.jpg,2020-09-21 17:27:05,,0,,True
4d86ac6f-3d08-403e-a167-3fe52e659167,Woolworths Supermarket,Pantry,Woolworths Cappucino Coffee Sachets 10 pack,319550,$3.25,$2.46 / 100G,https://www.woolworths.com.au/shop/productdetails/319550/woolworths-cappucino-coffee-sachets,https://cdn0.woolworths.media/content/wowproductimages/medium/319550.jpg,2020-09-21 17:27:05,,0,,True
5db00faf-b842-49c4-9cd3-a36b714f8f2c,Woolworths Supermarket,Pantry,French Fries Original Chips 175g,319943,$1.75,$1.00 / 100G,https://www.woolworths.com.au/shop/productdetails/319943/french-fries-original-chips,https://cdn0.woolworths.media/content/wowproductimages/medium/319943.jpg,2020-09-21 17:27:05,,0,,True
eb9a34d3-b2e9-4bf0-a1f6-e81316c1a490,Woolworths Supermarket,Pantry,Thins Chips Salt & Vinegar 175g,319951,$1.75,$1.00 / 100G,https://www.woolworths.com.au/shop/productdetails/319951/thins-chips-salt-vinegar,https://cdn0.woolworths.media/content/wowproductimages/medium/319951.jpg,2020-09-21 17:27:05,,0,,True
67510484-b417-4f50-9183-fd608707ced0,Woolworths Supermarket,Pantry,Thins Chips Chicken 175g,319967,$1.75,$1.00 / 100G,https://www.woolworths.com.au/shop/productdetails/319967/thins-chips-chicken,https://cdn0.woolworths.media/content/wowproductimages/medium/319967.jpg,2020-09-21 17:27:05,,0,,True
f5ea4071-b829-4e34-b4d4-99cbba02146d,Woolworths Supermarket,Pantry,Europe Nougat Honey Log 40g bar,320102,$1.00,$2.50 / 100G,https://www.woolworths.com.au/shop/productdetails/320102/europe-nougat-honey-log,https://cdn0.woolworths.media/content/wowproductimages/medium/320102.jpg,2020-09-21 17:27:05,,0,,True
f63140d9-db10-45ec-89e9-00ce506905bb,Woolworths Supermarket,Pantry,Sunbites Grain Waves Sour Cream & Chives 5 pack,720220,$3.10,$2.82 / 100G,https://www.woolworths.com.au/shop/productdetails/720220/sunbites-grain-waves-sour-cream-chives,https://cdn0.woolworths.media/content/wowproductimages/medium/720220.jpg,2020-09-21 17:27:05,,0,2 for $5.00,True
6ffdbc29-ac2a-4af4-9c03-ab99ec7e172b,Woolworths Supermarket,Pantry,Vege Chips Chicken Style 100g,793382,$3.80,$3.80 / 100G,https://www.woolworths.com.au/shop/productdetails/793382/vege-chips-chicken-style,https://cdn0.woolworths.media/content/wowproductimages/medium/793382.jpg,2020-09-21 17:27:05,Average product rating out of 5: 4.7. Product score is based on 20 ratings,20,,True
f060a95d-3ad2-477d-851a-53d57765a88b,Woolworths Supermarket,Pantry,Sanitarium Weet-bix Breakfast Cereal 1.2kg,200695,$5.00,$0.42 / 100G,https://www.woolworths.com.au/shop/productdetails/200695/sanitarium-weet-bix-breakfast-cereal,https://cdn0.woolworths.media/content/wowproductimages/medium/200695.jpg,2020-09-21 17:27:05,,0,,True
845db56c-b118-4a2b-829f-bea3bd5dc802,Woolworths Supermarket,Pantry,Woolworths Walnuts Kernel 500g,749540,$11.00,$22.00 / 1KG,https://www.woolworths.com.au/shop/productdetails/749540/woolworths-walnuts-kernel,https://cdn0.woolworths.media/content/wowproductimages/medium/749540.jpg,2020-09-21 17:27:05,Average product rating out of 5: 4.8. Product score is based on 360 ratings,360,,True
60ded048-7e29-475c-9cdb-c6edaf9d3b66,Woolworths Supermarket,Pantry,Beechworth Pure Honey 1.5kg,250371,$22.00,$1.47 / 100G,https://www.woolworths.com.au/shop/productdetails/250371/beechworth-pure-honey,https://cdn0.woolworths.media/content/wowproductimages/medium/250371.jpg,2020-09-21 17:27:05,,0,,True
17dead71-75bd-4d15-b206-383394f7f421,Woolworths Supermarket,Pantry,Ritz Crackers Original 300g,660562,$2.50,$0.83 / 100G,https://www.woolworths.com.au/shop/productdetails/660562/ritz-crackers-original,https://cdn0.woolworths.media/content/wowproductimages/medium/660562.jpg,2020-09-21 17:27:05,,0,,True
ca1def9c-4ffa-44f9-9dfa-74e90695a3eb,Woolworths Supermarket,Pantry,Continental Cup A Soup Creamy Chicken With Lots Of Noodles 2 pack,026649,$2.00,$3.33 / 100G,https://www.woolworths.com.au/shop/productdetails/26649/continental-cup-a-soup-creamy-chicken-with-lots-of-noodles,https://cdn0.woolworths.media/content/wowproductimages/medium/026649.jpg,2020-09-21 17:27:05,,0,,True
77ac038f-6d13-49a4-af88-7832b17505f4,Woolworths Supermarket,Pantry,Moccona Freeze Dried Instant Coffee Classic Medium Roast 400g,208575,$24.00,$6.00 / 100G,https://www.woolworths.com.au/shop/productdetails/208575/moccona-freeze-dried-instant-coffee-classic-medium-roast,https://cdn0.woolworths.media/content/wowproductimages/medium/208575.jpg,2020-09-21 17:27:05,,0,,True
0a45ea1e-9921-488c-b50d-9d9eef1fc70d,Woolworths Supermarket,Pantry,Queen Organic Vanilla Bean Paste 65g,225399,$11.80,$18.15 / 100G,https://www.woolworths.com.au/shop/productdetails/225399/queen-organic-vanilla-bean-paste,https://cdn0.woolworths.media/content/wowproductimages/medium/225399.jpg,2020-09-21 17:27:05,,0,,True
a15ee5b0-c004-476f-a895-6beca4137104,Woolworths Supermarket,Pantry,Bertolli Extra Virgin Olive Oil Originale 750ml,502951,$6.50,$0.87 / 100ML,https://www.woolworths.com.au/shop/productdetails/502951/bertolli-extra-virgin-olive-oil-originale,https://cdn0.woolworths.media/content/wowproductimages/medium/502951.jpg,2020-09-21 17:27:05,,0,,True
304560f4-9614-4c08-a775-066ddaf4492a,Woolworths Supermarket,Pantry,Cadbury Dairy Milk Chocolate Fair Trade 350g,757883,$5.00,$1.43 / 100G,https://www.woolworths.com.au/shop/productdetails/757883/cadbury-dairy-milk-chocolate-fair-trade,https://cdn0.woolworths.media/content/wowproductimages/medium/757883.jpg,2020-09-21 17:27:05,,0,Was $6.30 16/01/2017,True
2e30edc8-ee91-4ca1-b45b-03d8bbc405d9,Woolworths Supermarket,Pantry,Woolworths Diced Italian Tomatoes No Added Salt 400g,770320,$0.80,$2.00 / 1KG,https://www.woolworths.com.au/shop/productdetails/770320/woolworths-diced-italian-tomatoes-no-added-salt,https://cdn0.woolworths.media/content/wowproductimages/medium/770320.jpg,2020-09-21 17:27:05,Average product rating out of 5: 4.7. Product score is based on 311 ratings,311,,True
0c70542c-0e32-4e45-805f-a0ccea65e5ec,Woolworths Supermarket,Pantry,Arnott's Monte Carlo 250g,036031,$3.00,$1.20 / 100G,https://www.woolworths.com.au/shop/productdetails/36031/arnott-s-monte-carlo,https://cdn0.woolworths.media/content/wowproductimages/medium/036031.jpg,2020-09-21 17:27:05,,0,,True
5258e27f-09c3-44d7-a44e-8110b56c3442,Woolworths Supermarket,Pantry,Cobram Estate Extra Virgin Light Olive Oil 750ml,345955,$15.00,$2.00 / 100ML,https://www.woolworths.com.au/shop/productdetails/345955/cobram-estate-extra-virgin-light-olive-oil,https://cdn0.woolworths.media/content/wowproductimages/medium/345955.jpg,2020-09-21 17:27:05,,0,,True
7b591be1-1612-4715-9fcd-d7f9b842a7b1,Woolworths Supermarket,Pantry,Woolworths Almond Meal 400g,610610,$7.50,$18.75 / 1KG,https://www.woolworths.com.au/shop/productdetails/610610/woolworths-almond-meal,https://cdn0.woolworths.media/content/wowproductimages/medium/610610.jpg,2020-09-21 17:27:05,Average product rating out of 5: 4.6. Product score is based on 326 ratings,326,Was $9.00 22/07/2020,True
4b1d8f4d-db63-4bed-b60e-d8008038520f,Woolworths Supermarket,Pantry,Nescafe Blend 43 Soluble Instant Coffee 500g,035694,$20.00,$4.00 / 100G,https://www.woolworths.com.au/shop/productdetails/35694/nescafe-blend-43-soluble-instant-coffee,https://cdn0.woolworths.media/content/wowproductimages/medium/035694.jpg,2020-09-21 17:27:05,,0,,True
3e81e2cc-c983-41fa-b72e-239957b3ccfe,Woolworths Supermarket,Pantry,Mckenzie's Himalayan Salt Rock Pink 400g,749926,$5.95,$0.15 / 10G,https://www.woolworths.com.au/shop/productdetails/749926/mckenzie-s-himalayan-salt-rock-pink,https://cdn0.woolworths.media/content/wowproductimages/medium/749926.jpg,2020-09-21 17:27:05,,0,,True
029e8b58-1060-4fbd-aa2b-c45a1e1485e2,Woolworths Supermarket,Pantry,Woolworths White Rice Long Grain 5kg,072779,$6.70,$0.13 / 100G,https://www.woolworths.com.au/shop/productdetails/72779/woolworths-white-rice-long-grain,https://cdn0.woolworths.media/content/wowproductimages/medium/072779.jpg,2020-09-21 17:27:05,Average product rating out of 5: 4.8. Product score is based on 14 ratings,14,,True
b105c8ab-6082-43e3-943d-8b7bfc3e8f9e,Woolworths Supermarket,Pantry,Macro Organic Quinoa Tri Colour 500g,717631,$7.00,$1.40 / 100G,https://www.woolworths.com.au/shop/productdetails/717631/macro-organic-quinoa-tri-colour,https://cdn0.woolworths.media/content/wowproductimages/medium/717631.jpg,2020-09-21 17:27:05,Average product rating out of 5: 4.6. Product score is based on 274 ratings,274,Was $9.99 09/01/2017,True
40665f63-0ee2-4875-a851-03b32ceb5647,Woolworths Supermarket,Pantry,Woolworths Rolled Traditional Oats 750g,321220,$1.40,$0.19 / 100G,https://www.woolworths.com.au/shop/productdetails/321220/woolworths-rolled-traditional-oats,https://cdn0.woolworths.media/content/wowproductimages/medium/321220.jpg,2020-09-21 17:27:05,Average product rating out of 5: 4.6. Product score is based on 748 ratings,748,,True
09bbc3c1-395e-43aa-bb82-e5e46a3ef0dd,Woolworths Supermarket,Pantry,Europe Summer Roll 40g bar,320103,$1.00,$2.50 / 100G,https://www.woolworths.com.au/shop/productdetails/320103/europe-summer-roll,https://cdn0.woolworths.media/content/wowproductimages/medium/320103.jpg,2020-09-21 17:27:05,,0,,True
ccf77af1-5c86-4dab-a9a7-6ae5b4c49510,Woolworths Supermarket,Pantry,Cadbury Twirl 39g bar,320104,$1.00,$2.56 / 100G,https://www.woolworths.com.au/shop/productdetails/320104/cadbury-twirl,https://cdn0.woolworths.media/content/wowproductimages/medium/320104.jpg,2020-09-21 17:27:05,,0,,True
738acc4c-e51d-4ef9-8873-01de93e6549a,Woolworths Supermarket,Pantry,Cadbury Dairy Milk Chocolate 50g bar,320105,$1.00,$2.00 / 100G,https://www.woolworths.com.au/shop/productdetails/320105/cadbury-dairy-milk-chocolate,https://cdn0.woolworths.media/content/wowproductimages/medium/320105.jpg,2020-09-21 17:27:05,,0,,True
ddcf351d-741a-4a89-8ba6-f1d0b0a707ad,Woolworths Supermarket,Pantry,Cadbury Picnic 46g bar,320106,$1.00,$2.17 / 100G,https://www.woolworths.com.au/shop/productdetails/320106/cadbury-picnic,https://cdn0.woolworths.media/content/wowproductimages/medium/320106.jpg,2020-09-21 17:27:05,,0,,True
f247d3e2-9923-4435-b73b-a29bbc7949de,Woolworths Supermarket,Pantry,Cadbury Cherry Ripe 52g bar,320108,$1.00,$1.92 / 100G,https://www.woolworths.com.au/shop/productdetails/320108/cadbury-cherry-ripe,https://cdn0.woolworths.media/content/wowproductimages/medium/320108.jpg,2020-09-21 17:27:05,,0,,True
fb7eef56-1744-4baf-98e1-781c51132650,Woolworths Supermarket,Pantry,Arkadia Chai Tea Vanilla 240g,320237,$5.50,$2.29 / 100G,https://www.woolworths.com.au/shop/productdetails/320237/arkadia-chai-tea-vanilla,https://cdn0.woolworths.media/content/wowproductimages/medium/320237.jpg,2020-09-21 17:27:05,,0,,True
0b9e8c0a-36bd-48a5-a862-4eba48deab3b,Woolworths Supermarket,Pantry,Arkadia Chai Tea Spice 240g,320238,$5.50,$2.29 / 100G,https://www.woolworths.com.au/shop/productdetails/320238/arkadia-chai-tea-spice,https://cdn0.woolworths.media/content/wowproductimages/medium/320238.jpg,2020-09-21 17:27:05,,0,,True
d861b050-d397-497c-98aa-c1f5aed91224,Woolworths Supermarket,Pantry,Continental Cup A Soup Hearty Pea & Ham 2 pack,320302,$2.00,$3.85 / 100G,https://www.woolworths.com.au/shop/productdetails/320302/continental-cup-a-soup-hearty-pea-ham,https://cdn0.woolworths.media/content/wowproductimages/medium/320302.jpg,2020-09-21 17:27:05,,0,,True
32fec91c-7606-42bc-9aef-08799153275e,Woolworths Supermarket,Pantry,Campbell's Country Ladle Garden Vegetable & Wholegrain Barley 500g,320499,$3.50,$0.70 / 100G,https://www.woolworths.com.au/shop/productdetails/320499/campbell-s-country-ladle-garden-vegetable-wholegrain-barley,https://cdn0.woolworths.media/content/wowproductimages/medium/320499.jpg,2020-09-21 17:27:05,,0,,True
ec675aaf-e7ec-40b9-8793-b14b536531f2,Woolworths Supermarket,Pantry,Mckenzie's Natural Salt Sea 400g,320992,$5.95,$0.15 / 10G,https://www.woolworths.com.au/shop/productdetails/320992/mckenzie-s-natural-salt-sea,https://cdn0.woolworths.media/content/wowproductimages/medium/320992.jpg,2020-09-21 17:27:05,,0,,True
6195bf4a-d412-40bc-8f41-1dd05d7f6097,Woolworths Supermarket,Pantry,Mckenzie's Pepper Black Whole 200g,320994,$5.95,$0.30 / 10G,https://www.woolworths.com.au/shop/productdetails/320994/mckenzie-s-pepper-black-whole,https://cdn0.woolworths.media/content/wowproductimages/medium/320994.jpg,2020-09-21 17:27:05,,0,,True
ad587150-bd70-4c0d-9de4-2faf1d4001b6,Woolworths Supermarket,Pantry,Mckenzie's Pepper Black Corns Blended 200g,320995,$5.95,$0.30 / 10G,https://www.woolworths.com.au/shop/productdetails/320995/mckenzie-s-pepper-black-corns-blended,https://cdn0.woolworths.media/content/wowproductimages/medium/320995.jpg,2020-09-21 17:27:05,,0,,True
0110531c-802c-491d-9ea9-51ae71e491bf,Woolworths Supermarket,Pantry,Table Of Plenty Dried Spices Dukkah Pistachio 45g,321001,$3.60,$0.80 / 10G,https://www.woolworths.com.au/shop/productdetails/321001/table-of-plenty-dried-spices-dukkah-pistachio,https://cdn0.woolworths.media/content/wowproductimages/medium/321001.jpg,2020-09-21 17:27:05,,0,,True
47037dac-17fd-44a4-b4c7-9907d6d5ac8b,Woolworths Supermarket,Pantry,Table Of Plenty Dried Spices Almonds Lemon & Herb Dukkah 45g,321002,$3.60,$0.80 / 10G,https://www.woolworths.com.au/shop/productdetails/321002/table-of-plenty-dried-spices-almonds-lemon-herb-dukkah,https://cdn0.woolworths.media/content/wowproductimages/medium/321002.jpg,2020-09-21 17:27:05,,0,,True
32d11c21-4668-423a-a88a-e687328d2fa5,Woolworths Supermarket,Pantry,Menz Bumbles Milk Choc Honeycomb 400g,321074,$4.30,$1.08 / 100G,https://www.woolworths.com.au/shop/productdetails/321074/menz-bumbles-milk-choc-honeycomb,https://cdn0.woolworths.media/content/wowproductimages/medium/321074.jpg,2020-09-21 17:27:05,,0,,True
49f4547c-b36e-4b5e-b265-cf304e77f7d8,Woolworths Supermarket,Pantry,Woolworths Rolled Traditional Oats 750g,321220,$1.40,$0.19 / 100G,https://www.woolworths.com.au/shop/productdetails/321220/woolworths-rolled-traditional-oats,https://cdn0.woolworths.media/content/wowproductimages/medium/321220.jpg,2020-09-21 17:27:05,Average product rating out of 5: 4.6. Product score is based on 748 ratings,748,,True
08e41937-4431-4543-a0f7-4279db680ad2,Woolworths Supermarket,Pantry,Woolworths Quick Oats 750g,321222,$1.40,$0.19 / 100G,https://www.woolworths.com.au/shop/productdetails/321222/woolworths-quick-oats,https://cdn0.woolworths.media/content/wowproductimages/medium/321222.jpg,2020-09-21 17:27:05,Average product rating out of 5: 4.5. Product score is based on 665 ratings,665,,True
f670a509-5dee-4840-9900-e7cd8b9302ac,Woolworths Supermarket,Pantry,Beerenberg Strawberry Jam 300g,321571,$5.05,$1.68 / 100G,https://www.woolworths.com.au/shop/productdetails/321571/beerenberg-strawberry-jam,https://cdn0.woolworths.media/content/wowproductimages/medium/321571.jpg,2020-09-21 17:27:05,,0,,True
05b19f13-3140-49f3-94d1-8bfb8ae1f815,Woolworths Supermarket,Pantry,Cobram Estate Extra Light & Delicate Olive Oil Spray 225g,321598,$5.50,$2.44 / 100G,https://www.woolworths.com.au/shop/productdetails/321598/cobram-estate-extra-light-delicate-olive-oil-spray,https://cdn0.woolworths.media/content/wowproductimages/medium/321598.jpg,2020-09-21 17:27:05,,0,,True
69fb43de-95c5-47fd-b54d-c7edcee6d205,Woolworths Supermarket,Pantry,Cobram Estate Extra Virgin Olive Oil Lemon Infused 250ml,321599,$6.50,$2.60 / 100ML,https://www.woolworths.com.au/shop/productdetails/321599/cobram-estate-extra-virgin-olive-oil-lemon-infused,https://cdn0.woolworths.media/content/wowproductimages/medium/321599.jpg,2020-09-21 17:27:05,,0,,True
48f757c7-8129-4b9d-a168-c63fe1cb2bda,Woolworths Supermarket,Pantry,Red Island Extra Virgin Olive Oil 3l,321601,$29.00,$0.97 / 100ML,https://www.woolworths.com.au/shop/productdetails/321601/red-island-extra-virgin-olive-oil,https://cdn0.woolworths.media/content/wowproductimages/medium/321601.jpg,2020-09-21 17:27:05,,0,Was $35.00 15/07/2019,True
57fd606a-4460-418c-a226-7d8a42624d3b,Woolworths Supermarket,Pantry,French Fries Single Pack Original 45g,322017,$1.00,$2.22 / 100G,https://www.woolworths.com.au/shop/productdetails/322017/french-fries-single-pack-original,https://cdn0.woolworths.media/content/wowproductimages/medium/322017.jpg,2020-09-21 17:27:05,,0,,True
a2fde86e-3523-405d-92b0-7c5a037b2072,Woolworths Supermarket,Pantry,Samboy Single Pack Bbq 45g,322121,$1.00,$2.22 / 100G,https://www.woolworths.com.au/shop/productdetails/322121/samboy-single-pack-bbq,https://cdn0.woolworths.media/content/wowproductimages/medium/322121.jpg,2020-09-21 17:27:05,,0,,True
e925019c-a904-4f9d-85ca-d88529ec0464,Woolworths Supermarket,Pantry,Thins Single Pack Original Chips 45g,322231,$1.00,$2.22 / 100G,https://www.woolworths.com.au/shop/productdetails/322231/thins-single-pack-original-chips,https://cdn0.woolworths.media/content/wowproductimages/medium/322231.jpg,2020-09-21 17:27:05,,0,,True
383a2e64-e0db-4497-b159-57c4c5d0c8d9,Woolworths Supermarket,Pantry,Arnott's Shapes Chicken Crimpy 175g,384245,$2.50,$1.43 / 100G,https://www.woolworths.com.au/shop/productdetails/384245/arnott-s-shapes-chicken-crimpy,https://cdn0.woolworths.media/content/wowproductimages/medium/384245.jpg,2020-09-21 17:27:05,,0,,True
86c24ca5-7024-452d-9eba-0477745922b0,Woolworths Supermarket,Pantry,Sunbites Grain Waves Sour Cream & Chives 5 pack,720220,$3.10,$2.82 / 100G,https://www.woolworths.com.au/shop/productdetails/720220/sunbites-grain-waves-sour-cream-chives,https://cdn0.woolworths.media/content/wowproductimages/medium/720220.jpg,2020-09-21 17:27:05,,0,2 for $5.00,True
25cc054b-921f-4fc9-8e4f-26ba47f78ec3,Woolworths Supermarket,Pantry,Woolworths Diced Italian Tomatoes No Added Salt 400g,770320,$0.80,$2.00 / 1KG,https://www.woolworths.com.au/shop/productdetails/770320/woolworths-diced-italian-tomatoes-no-added-salt,https://cdn0.woolworths.media/content/wowproductimages/medium/770320.jpg,2020-09-21 17:27:05,Average product rating out of 5: 4.7. Product score is based on 311 ratings,311,,True
70cabb29-ab37-4c92-972e-d63ddc07d7ff,Woolworths Supermarket,Pantry,Indomie Mi Goreng Instant Noodles 5pk 425g,177972,$2.75,$0.65 / 100G,https://www.woolworths.com.au/shop/productdetails/177972/indomie-mi-goreng-instant-noodles,https://cdn0.woolworths.media/content/wowproductimages/medium/177972.jpg,2020-09-21 17:27:05,,0,,True
23168365-e3ea-41a8-b42c-1aabc29bdccd,Woolworths Supermarket,Pantry,Essentials Pasta Penne 500g,188800,$0.80,$0.16 / 100G,https://www.woolworths.com.au/shop/productdetails/188800/essentials-pasta-penne,https://cdn0.woolworths.media/content/wowproductimages/medium/188800.jpg,2020-09-21 17:27:05,,0,,True
706a00a2-3377-4757-b6d9-09d207cedb37,Woolworths Supermarket,Pantry,Heinz Canned Soup Big Red Tomato 420g,034331,$2.20,$0.52 / 100G,https://www.woolworths.com.au/shop/productdetails/34331/heinz-canned-soup-big-red-tomato,https://cdn0.woolworths.media/content/wowproductimages/medium/034331.jpg,2020-09-21 17:27:05,,0,,True
01ca43b1-4344-4176-a04d-9a6392be4f9a,Woolworths Supermarket,Pantry,Macro Organic Quinoa Tri Colour 500g,717631,$7.00,$1.40 / 100G,https://www.woolworths.com.au/shop/productdetails/717631/macro-organic-quinoa-tri-colour,https://cdn0.woolworths.media/content/wowproductimages/medium/717631.jpg,2020-09-21 17:27:05,Average product rating out of 5: 4.6. Product score is based on 274 ratings,274,Was $9.99 09/01/2017,True
92b67376-0558-4c23-b425-9cc5ca49837f,Woolworths Supermarket,Pantry,Mckenzie's Rice Flour 375g,094275,$1.50,$4.00 / 1KG,https://www.woolworths.com.au/shop/productdetails/94275/mckenzie-s-rice-flour,https://cdn0.woolworths.media/content/wowproductimages/medium/094275.jpg,2020-09-21 17:27:05,,0,,True
3b6d4471-f0c5-4615-814b-586578b71dd9,Woolworths Supermarket,Pantry,Cadbury Dairy Milk Chocolate Fair Trade 350g,757883,$5.00,$1.43 / 100G,https://www.woolworths.com.au/shop/productdetails/757883/cadbury-dairy-milk-chocolate-fair-trade,https://cdn0.woolworths.media/content/wowproductimages/medium/757883.jpg,2020-09-21 17:27:05,,0,Was $6.30 16/01/2017,True
88cb4d66-d93a-4eaa-8bad-e2147382099e,Woolworths Supermarket,Pantry,Woolworths Rolled Traditional Oats 750g,321220,$1.40,$0.19 / 100G,https://www.woolworths.com.au/shop/productdetails/321220/woolworths-rolled-traditional-oats,https://cdn0.woolworths.media/content/wowproductimages/medium/321220.jpg,2020-09-21 17:27:05,Average product rating out of 5: 4.6. Product score is based on 748 ratings,748,,True
fdabf333-13ad-43df-a1f4-d479f1fb7b09,Woolworths Supermarket,Pantry,Ritz Crackers Original 300g,660562,$2.50,$0.83 / 100G,https://www.woolworths.com.au/shop/productdetails/660562/ritz-crackers-original,https://cdn0.woolworths.media/content/wowproductimages/medium/660562.jpg,2020-09-21 17:27:05,,0,,True
8a864bbc-b06f-49a3-9b6a-88f955407d41,Woolworths Supermarket,Pantry,Cadbury Fry's Turkish Delight 55g bar,098390,$1.00,$1.82 / 100G,https://www.woolworths.com.au/shop/productdetails/98390/cadbury-fry-s-turkish-delight,https://cdn0.woolworths.media/content/wowproductimages/medium/098390.jpg,2020-09-21 17:27:05,,0,,True
fd014398-94a7-4f95-93d9-35f440b1a778,Woolworths Supermarket,Pantry,Sunbites Grain Waves Sour Cream & Chives 170g,082361,$3.50,$2.06 / 100G,https://www.woolworths.com.au/shop/productdetails/82361/sunbites-grain-waves-sour-cream-chives,https://cdn0.woolworths.media/content/wowproductimages/medium/082361.jpg,2020-09-21 17:27:05,,0,,True
ceeb2121-f62f-4236-8eb4-40d0bed1f194,Woolworths Supermarket,Pantry,Ardmona Tomatoes Diced No Added Salt 400g,226849,$1.40,$3.50 / 1KG,https://www.woolworths.com.au/shop/productdetails/226849/ardmona-tomatoes-diced-no-added-salt,https://cdn0.woolworths.media/content/wowproductimages/medium/226849.jpg,2020-09-21 17:27:05,,0,,True
030a5fe5-be54-40be-ac60-302a91ad1a63,Woolworths Supermarket,Pantry,Mckenzie's Himalayan Salt Rock Pink 400g,749926,$5.95,$0.15 / 10G,https://www.woolworths.com.au/shop/productdetails/749926/mckenzie-s-himalayan-salt-rock-pink,https://cdn0.woolworths.media/content/wowproductimages/medium/749926.jpg,2020-09-21 17:27:05,,0,,True
6c0e3072-17ee-406e-960f-6324ce5d85c9,Woolworths Supermarket,Pantry,Arnott's Monte Carlo 250g,036031,$3.00,$1.20 / 100G,https://www.woolworths.com.au/shop/productdetails/36031/arnott-s-monte-carlo,https://cdn0.woolworths.media/content/wowproductimages/medium/036031.jpg,2020-09-21 17:27:05,,0,,True
2c358cb1-286d-456c-9762-a2a804bf7f35,Woolworths Supermarket,Pantry,Continental Cup A Soup Creamy Chicken With Lots Of Noodles 2 pack,026649,$2.00,$3.33 / 100G,https://www.woolworths.com.au/shop/productdetails/26649/continental-cup-a-soup-creamy-chicken-with-lots-of-noodles,https://cdn0.woolworths.media/content/wowproductimages/medium/026649.jpg,2020-09-21 17:27:05,,0,,True
b60d93d6-9de0-46b0-971d-e51878f2e574,Woolworths Supermarket,Pantry,Essentials Raw Sugar 2kg,018174,$2.10,$0.11 / 100G,https://www.woolworths.com.au/shop/productdetails/18174/essentials-raw-sugar,https://cdn0.woolworths.media/content/wowproductimages/medium/018174.jpg,2020-09-21 17:27:05,,0,,True
95e92d00-2567-4fc3-9860-e3338bcae9f2,Woolworths Supermarket,Pantry,Masterfoods Barbecue Sauce 500ml,099696,$2.50,$0.50 / 100ML,https://www.woolworths.com.au/shop/productdetails/99696/masterfoods-barbecue-sauce,https://cdn0.woolworths.media/content/wowproductimages/medium/099696.jpg,2020-09-21 17:27:05,,0,,True
8578a743-4a6e-48b5-990a-3956da124001,Woolworths Supermarket,Pantry,Fantastic Rice Crackers Original 100g,035231,$1.50,$1.50 / 100G,https://www.woolworths.com.au/shop/productdetails/35231/fantastic-rice-crackers-original,https://cdn0.woolworths.media/content/wowproductimages/medium/035231.jpg,2020-09-21 17:27:05,,0,,True
b06959f3-fbe1-4629-b5d0-a38be60814b1,Woolworths Supermarket,Pantry,Csr Raw Sugar Low Gi Cane 750g,322473,$3.30,$0.44 / 100G,https://www.woolworths.com.au/shop/productdetails/322473/csr-raw-sugar-low-gi-cane,https://cdn0.woolworths.media/content/wowproductimages/medium/322473.jpg,2020-09-21 17:27:05,,0,,True
ee7a933a-286e-4365-b14e-31abafb7266f,Woolworths Supermarket,Pantry,Csr Smart White Sugar Blend 500g,322478,$3.00,$0.60 / 100G,https://www.woolworths.com.au/shop/productdetails/322478/csr-smart-white-sugar-blend,https://cdn0.woolworths.media/content/wowproductimages/medium/322478.jpg,2020-09-21 17:27:05,,0,,True
fc270cee-e2e2-4f83-b5c5-4654fa952826,Woolworths Supermarket,Pantry,Sakata Rice Crackers Seaweed 90g,323336,$2.00,$2.22 / 100G,https://www.woolworths.com.au/shop/productdetails/323336/sakata-rice-crackers-seaweed,https://cdn0.woolworths.media/content/wowproductimages/medium/323336.jpg,2020-09-21 17:27:05,,0,Was $2.40 11/06/2018,True
7b122478-0aa7-4141-9e87-49bdfa9522b3,Woolworths Supermarket,Pantry,Masterfoods Chicken Casserole Slow Cook Recipe Base 175g,323391,$2.20,$1.26 / 100G,https://www.woolworths.com.au/shop/productdetails/323391/masterfoods-chicken-casserole-slow-cook-recipe-base,https://cdn0.woolworths.media/content/wowproductimages/medium/323391.jpg,2020-09-21 17:27:05,,0,3 for $6.00,True
ea4b2147-0a78-4aef-a505-da96ec441f97,Woolworths Supermarket,Pantry,Masterfoods Sausage Hot Pot Slow Cook Recipe Base 175g,323393,$2.20,$1.26 / 100G,https://www.woolworths.com.au/shop/productdetails/323393/masterfoods-sausage-hot-pot-slow-cook-recipe-base,https://cdn0.woolworths.media/content/wowproductimages/medium/323393.jpg,2020-09-21 17:27:05,,0,3 for $6.00,True
0a065adc-428e-4290-8878-676c5aea51a0,Woolworths Supermarket,Pantry,Masterfoods Lamb Casserole Slow Cook Recipe Base 175g,323394,$2.20,$1.26 / 100G,https://www.woolworths.com.au/shop/productdetails/323394/masterfoods-lamb-casserole-slow-cook-recipe-base,https://cdn0.woolworths.media/content/wowproductimages/medium/323394.jpg,2020-09-21 17:27:05,,0,3 for $6.00,True
009bc9d4-40f3-4d5f-8725-ec597f19e4c8,Woolworths Supermarket,Pantry,Masterfoods Side Dish Creamy Cheesy Potato Bake 175g,323397,$2.20,$1.26 / 100G,https://www.woolworths.com.au/shop/productdetails/323397/masterfoods-side-dish-creamy-cheesy-potato-bake,https://cdn0.woolworths.media/content/wowproductimages/medium/323397.jpg,2020-09-21 17:27:05,,0,3 for $6.00,True
a24e5a8c-fff5-4cea-8c97-f6466d62f435,Woolworths Supermarket,Pantry,Masterfoods Slow Cooker Beef & Red Wine Casserole 175g,323403,$2.20,$1.26 / 100G,https://www.woolworths.com.au/shop/productdetails/323403/masterfoods-slow-cooker-beef-red-wine-casserole,https://cdn0.woolworths.media/content/wowproductimages/medium/323403.jpg,2020-09-21 17:27:05,,0,3 for $6.00,True
9f7b2ab7-44db-4490-8316-9f40c41ecd26,Woolworths Supermarket,Pantry,Snickers Chocolate Medium Party Share Bag 12 Piece 216g,323465,$5.00,$2.31 / 100G,https://www.woolworths.com.au/shop/productdetails/323465/snickers-chocolate-medium-party-share-bag-12-piece,https://cdn0.woolworths.media/content/wowproductimages/medium/323465.jpg,2020-09-21 17:27:05,,0,,True
5777317d-8adc-4fa3-8e71-8ee8a2c20aa5,Woolworths Supermarket,Pantry,Mars Chocolate Medium Party Share Bag 12 Piece 216g,323467,$5.00,$2.31 / 100G,https://www.woolworths.com.au/shop/productdetails/323467/mars-chocolate-medium-party-share-bag-12-piece,https://cdn0.woolworths.media/content/wowproductimages/medium/323467.jpg,2020-09-21 17:27:05,,0,,True
bd792fee-b33f-47a3-9b14-c90265ab44cc,Woolworths Supermarket,Pantry,Milky Way Chocolate Medium Party Share Bag 18 Pieces 216g,323468,$5.00,$2.31 / 100G,https://www.woolworths.com.au/shop/productdetails/323468/milky-way-chocolate-medium-party-share-bag-18-pieces,https://cdn0.woolworths.media/content/wowproductimages/medium/323468.jpg,2020-09-21 17:27:05,,0,,True
92697231-7a50-46c9-860a-da96ab85a124,Woolworths Supermarket,Pantry,Gravox Gravy Liquid Traditional 250g,323702,$2.70,$1.08 / 100G,https://www.woolworths.com.au/shop/productdetails/323702/gravox-gravy-liquid-traditional,https://cdn0.woolworths.media/content/wowproductimages/medium/323702.jpg,2020-09-21 17:27:05,,0,,True
d90798e6-45e8-44c6-8671-c4ed49cb8815,Woolworths Supermarket,Pantry,Gravox Gravy Liquid Roast Chicken Herbs 250g,323716,$2.70,$1.08 / 100G,https://www.woolworths.com.au/shop/productdetails/323716/gravox-gravy-liquid-roast-chicken-herbs,https://cdn0.woolworths.media/content/wowproductimages/medium/323716.jpg,2020-09-21 17:27:05,,0,,True
be688a78-e84d-4447-8212-80a503db7e02,Woolworths Supermarket,Pantry,Gravox Gravy Liquid Lamb & Rosemary 250g,323730,$2.70,$1.08 / 100G,https://www.woolworths.com.au/shop/productdetails/323730/gravox-gravy-liquid-lamb-rosemary,https://cdn0.woolworths.media/content/wowproductimages/medium/323730.jpg,2020-09-21 17:27:05,,0,,True
fb147909-476d-4ca2-bb71-d25d70d8ce64,Woolworths Supermarket,Pantry,Maltesers Milk Chocolate Medium Party Share Bag 12 Piece 144g,324008,$5.00,$3.47 / 100G,https://www.woolworths.com.au/shop/productdetails/324008/maltesers-milk-chocolate-medium-party-share-bag-12-piece,https://cdn0.woolworths.media/content/wowproductimages/medium/324008.jpg,2020-09-21 17:27:05,,0,,True
3cc762f6-719c-4c00-837f-2a4610147477,Woolworths Supermarket,Pantry,Twix Chocolate Medium Party Share Bag 12 Piece 174g,324111,$5.00,$2.87 / 100G,https://www.woolworths.com.au/shop/productdetails/324111/twix-chocolate-medium-party-share-bag-12-piece,https://cdn0.woolworths.media/content/wowproductimages/medium/324111.jpg,2020-09-21 17:27:05,,0,,True
9da49c46-8ecb-4766-9c57-a74005715d1d,Woolworths Supermarket,Pantry,Mars Chocolate Large Party Share Bag 20 Piece 360g,324113,$5.00,$1.39 / 100G,https://www.woolworths.com.au/shop/productdetails/324113/mars-chocolate-large-party-share-bag-20-piece,https://cdn0.woolworths.media/content/wowproductimages/medium/324113.jpg,2020-09-21 17:27:05,,0,Was $6.00 14/11/16,True
91ea0870-9c93-4604-b6f3-8ec244c90457,Woolworths Supermarket,Pantry,Weight Watchers Macadamia & Cranberry Bars 4 pack,324175,$3.50,$2.57 / 100G,https://www.woolworths.com.au/shop/productdetails/324175/weight-watchers-macadamia-cranberry-bars,https://cdn0.woolworths.media/content/wowproductimages/medium/324175.jpg,2020-09-21 17:27:05,,0,,True
a40dce50-1486-4227-b780-c49bc6309f77,Woolworths Supermarket,Pantry,Kellogg's Lcms Choc Chip Snack Bars 6 pack,324207,$3.00,$2.27 / 100G,https://www.woolworths.com.au/shop/productdetails/324207/kellogg-s-lcms-choc-chip-snack-bars,https://cdn0.woolworths.media/content/wowproductimages/medium/324207.jpg,2020-09-21 17:27:05,,0,,True
1d2bc7a7-e9a2-446d-aab0-d20430f21225,Woolworths Supermarket,Pantry,Kellogg's Lcms Kaleidos Snack Bars 6 pack,324208,$3.00,$2.27 / 100G,https://www.woolworths.com.au/shop/productdetails/324208/kellogg-s-lcms-kaleidos-snack-bars,https://cdn0.woolworths.media/content/wowproductimages/medium/324208.jpg,2020-09-21 17:27:05,,0,,True
b68ed551-fc14-4786-bb52-b02b163e14ec,Woolworths Supermarket,Pantry,Uncle Tobys Roll-ups Strawberry Fun Prints 6 pack,324231,$4.00,$4.26 / 100G,https://www.woolworths.com.au/shop/productdetails/324231/uncle-tobys-roll-ups-strawberry-fun-prints,https://cdn0.woolworths.media/content/wowproductimages/medium/324231.jpg,2020-09-21 17:27:05,,0,,True
cf104cb9-713c-40a4-9cfc-3bf1ff9e39b0,Woolworths Supermarket,Pantry,Uncle Tobys Roll-ups Rainbow Berry 6 pack,324234,$4.00,$4.26 / 100G,https://www.woolworths.com.au/shop/productdetails/324234/uncle-tobys-roll-ups-rainbow-berry,https://cdn0.woolworths.media/content/wowproductimages/medium/324234.jpg,2020-09-21 17:27:05,,0,,True
8855858e-dfd6-4604-8a8d-b6c2e8bddb98,Woolworths Supermarket,Pantry,Lindt Excellence Dark Chocolate Roasted Almond 100g block,324314,$3.00,$3.00 / 100G,https://www.woolworths.com.au/shop/productdetails/324314/lindt-excellence-dark-chocolate-roasted-almond,https://cdn0.woolworths.media/content/wowproductimages/medium/324314.jpg,2020-09-21 17:27:05,,0,,True
98b7136a-0e6e-49e6-91d1-2fefb910776b,Woolworths Supermarket,Pantry,Lee Kum Kee Paste Coconut Curry Vegetables 110g,324755,$1.70,$1.55 / 100G,https://www.woolworths.com.au/shop/productdetails/324755/lee-kum-kee-paste-coconut-curry-vegetables,https://cdn0.woolworths.media/content/wowproductimages/medium/324755.jpg,2020-09-21 17:27:05,,0,,True
fe6e61ba-b8d0-41d0-b5fb-f42ed08a8db6,Woolworths Supermarket,Pantry,Sunbites Grain Waves Sour Cream & Chives 5 pack,720220,$3.10,$2.82 / 100G,https://www.woolworths.com.au/shop/productdetails/720220/sunbites-grain-waves-sour-cream-chives,https://cdn0.woolworths.media/content/wowproductimages/medium/720220.jpg,2020-09-21 17:27:05,,0,2 for $5.00,True
c9514369-912f-4ab9-b8c9-446d69f5e044,Woolworths Supermarket,Pantry,Woolworths Rolled Traditional Oats 750g,321220,$1.40,$0.19 / 100G,https://www.woolworths.com.au/shop/productdetails/321220/woolworths-rolled-traditional-oats,https://cdn0.woolworths.media/content/wowproductimages/medium/321220.jpg,2020-09-21 17:27:05,Average product rating out of 5: 4.6. Product score is based on 748 ratings,748,,True
12367c59-4b4e-4415-91bb-6538d7a67a16,Woolworths Supermarket,Pantry,Cobram Estate Extra Virgin Light Olive Oil 750ml,345955,$15.00,$2.00 / 100ML,https://www.woolworths.com.au/shop/productdetails/345955/cobram-estate-extra-virgin-light-olive-oil,https://cdn0.woolworths.media/content/wowproductimages/medium/345955.jpg,2020-09-21 17:27:05,,0,,True
ad1a6ca5-7380-4890-9909-68fb6dc33be1,Woolworths Supermarket,Pantry,Woolworths Almond Meal 400g,610610,$7.50,$18.75 / 1KG,https://www.woolworths.com.au/shop/productdetails/610610/woolworths-almond-meal,https://cdn0.woolworths.media/content/wowproductimages/medium/610610.jpg,2020-09-21 17:27:05,Average product rating out of 5: 4.6. Product score is based on 326 ratings,326,Was $9.00 22/07/2020,True
42eb14ca-380c-4394-a813-299a8006d314,Woolworths Supermarket,Pantry,Ritz Crackers Original 300g,660562,$2.50,$0.83 / 100G,https://www.woolworths.com.au/shop/productdetails/660562/ritz-crackers-original,https://cdn0.woolworths.media/content/wowproductimages/medium/660562.jpg,2020-09-21 17:27:05,,0,,True
bdf69e81-dfce-48dc-ab07-90c55b937c6a,Woolworths Supermarket,Pantry,Bertolli Extra Virgin Olive Oil Originale 750ml,502951,$6.50,$0.87 / 100ML,https://www.woolworths.com.au/shop/productdetails/502951/bertolli-extra-virgin-olive-oil-originale,https://cdn0.woolworths.media/content/wowproductimages/medium/502951.jpg,2020-09-21 17:27:05,,0,,True
43418b7c-032f-4f99-ab69-667b917e303d,Woolworths Supermarket,Pantry,Woolworths White Rice Long Grain 5kg,072779,$6.70,$0.13 / 100G,https://www.woolworths.com.au/shop/productdetails/72779/woolworths-white-rice-long-grain,https://cdn0.woolworths.media/content/wowproductimages/medium/072779.jpg,2020-09-21 17:27:05,Average product rating out of 5: 4.8. Product score is based on 14 ratings,14,,True
3dc96896-e802-4a18-bbde-dfbb858f757d,Woolworths Supermarket,Pantry,Beechworth Pure Honey 1.5kg,250371,$22.00,$1.47 / 100G,https://www.woolworths.com.au/shop/productdetails/250371/beechworth-pure-honey,https://cdn0.woolworths.media/content/wowproductimages/medium/250371.jpg,2020-09-21 17:27:05,,0,,True
70d7e27e-2cd1-4d44-bb28-8d0b8070aff0,Woolworths Supermarket,Pantry,Moccona Freeze Dried Instant Coffee Classic Medium Roast 400g,208575,$24.00,$6.00 / 100G,https://www.woolworths.com.au/shop/productdetails/208575/moccona-freeze-dried-instant-coffee-classic-medium-roast,https://cdn0.woolworths.media/content/wowproductimages/medium/208575.jpg,2020-09-21 17:27:05,,0,,True
aa51ed51-fc05-41af-8ad1-c28e78e33377,Woolworths Supermarket,Pantry,Arnott's Monte Carlo 250g,036031,$3.00,$1.20 / 100G,https://www.woolworths.com.au/shop/productdetails/36031/arnott-s-monte-carlo,https://cdn0.woolworths.media/content/wowproductimages/medium/036031.jpg,2020-09-21 17:27:05,,0,,True
5412daac-546c-449d-95d9-473403f31aff,Woolworths Supermarket,Pantry,Woolworths Diced Italian Tomatoes No Added Salt 400g,770320,$0.80,$2.00 / 1KG,https://www.woolworths.com.au/shop/productdetails/770320/woolworths-diced-italian-tomatoes-no-added-salt,https://cdn0.woolworths.media/content/wowproductimages/medium/770320.jpg,2020-09-21 17:27:05,Average product rating out of 5: 4.7. Product score is based on 311 ratings,311,,True
21becbe6-0210-4e85-b7b5-54ce6b85ba71,Woolworths Supermarket,Pantry,Macro Organic Quinoa Tri Colour 500g,717631,$7.00,$1.40 / 100G,https://www.woolworths.com.au/shop/productdetails/717631/macro-organic-quinoa-tri-colour,https://cdn0.woolworths.media/content/wowproductimages/medium/717631.jpg,2020-09-21 17:27:05,Average product rating out of 5: 4.6. Product score is based on 274 ratings,274,Was $9.99 09/01/2017,True
ae9b981d-86c3-4736-8afd-91d9d0ecda47,Woolworths Supermarket,Pantry,Nescafe Blend 43 Soluble Instant Coffee 500g,035694,$20.00,$4.00 / 100G,https://www.woolworths.com.au/shop/productdetails/35694/nescafe-blend-43-soluble-instant-coffee,https://cdn0.woolworths.media/content/wowproductimages/medium/035694.jpg,2020-09-21 17:27:05,,0,,True
2724a0f1-3619-4656-bd79-cbbba1ac300e,Woolworths Supermarket,Pantry,Queen Organic Vanilla Bean Paste 65g,225399,$11.80,$18.15 / 100G,https://www.woolworths.com.au/shop/productdetails/225399/queen-organic-vanilla-bean-paste,https://cdn0.woolworths.media/content/wowproductimages/medium/225399.jpg,2020-09-21 17:27:05,,0,,True
b5137b66-86bd-4b01-bca6-01da8a23abbc,Woolworths Supermarket,Pantry,Woolworths Walnuts Kernel 500g,749540,$11.00,$22.00 / 1KG,https://www.woolworths.com.au/shop/productdetails/749540/woolworths-walnuts-kernel,https://cdn0.woolworths.media/content/wowproductimages/medium/749540.jpg,2020-09-21 17:27:05,Average product rating out of 5: 4.8. Product score is based on 360 ratings,360,,True
3c118263-e80c-49e6-832b-5219e8cc8050,Woolworths Supermarket,Pantry,Cadbury Dairy Milk Chocolate Fair Trade 350g,757883,$5.00,$1.43 / 100G,https://www.woolworths.com.au/shop/productdetails/757883/cadbury-dairy-milk-chocolate-fair-trade,https://cdn0.woolworths.media/content/wowproductimages/medium/757883.jpg,2020-09-21 17:27:05,,0,Was $6.30 16/01/2017,True
143d6ca2-f942-4b63-98c9-b84f3ce61d67,Woolworths Supermarket,Pantry,Vege Chips Chicken Style 100g,793382,$3.80,$3.80 / 100G,https://www.woolworths.com.au/shop/productdetails/793382/vege-chips-chicken-style,https://cdn0.woolworths.media/content/wowproductimages/medium/793382.jpg,2020-09-21 17:27:05,Average product rating out of 5: 4.7. Product score is based on 20 ratings,20,,True
7d676bab-d220-4c4b-b42a-1e72ff643532,Woolworths Supermarket,Pantry,Sanitarium Weet-bix Breakfast Cereal 1.2kg,200695,$5.00,$0.42 / 100G,https://www.woolworths.com.au/shop/productdetails/200695/sanitarium-weet-bix-breakfast-cereal,https://cdn0.woolworths.media/content/wowproductimages/medium/200695.jpg,2020-09-21 17:27:05,,0,,True
d74765bd-3a61-4c06-8289-403da1d428fa,Woolworths Supermarket,Pantry,Continental Cup A Soup Creamy Chicken With Lots Of Noodles 2 pack,026649,$2.00,$3.33 / 100G,https://www.woolworths.com.au/shop/productdetails/26649/continental-cup-a-soup-creamy-chicken-with-lots-of-noodles,https://cdn0.woolworths.media/content/wowproductimages/medium/026649.jpg,2020-09-21 17:27:05,,0,,True
0cdb89f9-4c38-48c2-84ec-8cc1fe6c14e0,Woolworths Supermarket,Pantry,Mckenzie's Himalayan Salt Rock Pink 400g,749926,$5.95,$0.15 / 10G,https://www.woolworths.com.au/shop/productdetails/749926/mckenzie-s-himalayan-salt-rock-pink,https://cdn0.woolworths.media/content/wowproductimages/medium/749926.jpg,2020-09-21 17:27:05,,0,,True
52b8c1a9-8df5-4820-a37d-cd489f37e15d,Woolworths Supermarket,Pantry,Green's Orange Poppyseed Cake Mix 580g,324843,$3.20,$0.55 / 100G,https://www.woolworths.com.au/shop/productdetails/324843/green-s-orange-poppyseed-cake-mix,https://cdn0.woolworths.media/content/wowproductimages/medium/324843.jpg,2020-09-21 17:27:05,,0,,True
be51c414-2bcd-4b1a-89f9-d7878c19304d,Woolworths Supermarket,Pantry,Spam Ham With Real Bacon 340g,324925,$5.50,$16.18 / 1KG,https://www.woolworths.com.au/shop/productdetails/324925/spam-ham-with-real-bacon,https://cdn0.woolworths.media/content/wowproductimages/medium/324925.jpg,2020-09-21 17:27:05,,0,,True
547301d9-3f12-4860-9d7b-04e0d160a094,Woolworths Supermarket,Pantry,Gourmet Garden Paste Thai 80g tube,325130,$3.50,$4.38 / 100G,https://www.woolworths.com.au/shop/productdetails/325130/gourmet-garden-paste-thai,https://cdn0.woolworths.media/content/wowproductimages/medium/325130.jpg,2020-09-21 17:27:05,,0,,True
53df0b25-6a06-4d37-86d7-620d77cf02e2,Woolworths Supermarket,Pantry,Essentials Parmesan Cheese 100g,325134,$1.60,$16.00 / 1KG,https://www.woolworths.com.au/shop/productdetails/325134/essentials-parmesan-cheese,https://cdn0.woolworths.media/content/wowproductimages/medium/325134.jpg,2020-09-21 17:27:05,Average product rating out of 5: 3.8. Product score is based on 254 ratings,254,,True
04de17da-699b-48a9-96a9-6f23bd05e749,Woolworths Supermarket,Pantry,Rose's English Breakfast Marmalade 500g,326554,$3.85,$0.77 / 100G,https://www.woolworths.com.au/shop/productdetails/326554/rose-s-english-breakfast-marmalade,https://cdn0.woolworths.media/content/wowproductimages/medium/326554.jpg,2020-09-21 17:27:05,,0,Was $4.50 03/04/2017,True
e3c3c36e-5ea0-4fe3-b385-cad871143bab,Woolworths Supermarket,Pantry,Cadbury Dairy Milk Freddo Frog 35g,326628,$0.80,$2.29 / 100G,https://www.woolworths.com.au/shop/productdetails/326628/cadbury-dairy-milk-freddo-frog,https://cdn0.woolworths.media/content/wowproductimages/medium/326628.jpg,2020-09-21 17:27:05,,0,,True
b43cbd66-5e9f-41ea-a3da-f5c7c4208bd8,Woolworths Supermarket,Pantry,Nerada Organic Lemon & Ginger Tea Bags 40 pack,326720,$5.00,$0.13 / 1EA,https://www.woolworths.com.au/shop/productdetails/326720/nerada-organic-lemon-ginger-tea-bags,https://cdn0.woolworths.media/content/wowproductimages/medium/326720.jpg,2020-09-21 17:27:05,,0,,True
cb91423d-0d91-4c53-a275-6b972ec255ba,Woolworths Supermarket,Pantry,Chupa Chups Lollipops Best Of 8pk 96g,326780,$1.70,$1.77 / 100G,https://www.woolworths.com.au/shop/productdetails/326780/chupa-chups-lollipops-best-of,https://cdn0.woolworths.media/content/wowproductimages/medium/326780.jpg,2020-09-21 17:27:05,,0,,True
65d78508-9146-4fbf-962e-0d8887fefb69,Woolworths Supermarket,Pantry,Beerenberg Apricot Jam 300g,326796,$5.05,$1.68 / 100G,https://www.woolworths.com.au/shop/productdetails/326796/beerenberg-apricot-jam,https://cdn0.woolworths.media/content/wowproductimages/medium/326796.jpg,2020-09-21 17:27:05,,0,,True
2275fbe1-6ccd-465a-b511-683788c611f8,Woolworths Supermarket,Pantry,Beerenberg Blackberry Jam 300g,326800,$5.05,$1.68 / 100G,https://www.woolworths.com.au/shop/productdetails/326800/beerenberg-blackberry-jam,https://cdn0.woolworths.media/content/wowproductimages/medium/326800.jpg,2020-09-21 17:27:05,,0,,True
000f7412-b509-417e-9da3-5a97e8b55f2c,Woolworths Supermarket,Pantry,Beerenberg Raspberry Jam 300g,326802,$5.05,$1.68 / 100G,https://www.woolworths.com.au/shop/productdetails/326802/beerenberg-raspberry-jam,https://cdn0.woolworths.media/content/wowproductimages/medium/326802.jpg,2020-09-21 17:27:05,,0,,True
2fcf6a5a-c27e-4e80-a147-406f0d7771a8,Woolworths Supermarket,Pantry,Rose's Marmalade Sweet Orange 500g,327310,$3.85,$0.77 / 100G,https://www.woolworths.com.au/shop/productdetails/327310/rose-s-marmalade-sweet-orange,https://cdn0.woolworths.media/content/wowproductimages/medium/327310.jpg,2020-09-21 17:27:05,,0,Was $4.50 03/04/2017,True
72ad28ee-6d7c-4791-a998-24fcab8d9424,Woolworths Supermarket,Pantry,Arnott's Vita-weat Cracker Sesame & Poppy Seeds 130g,327441,$2.00,$1.54 / 100G,https://www.woolworths.com.au/shop/productdetails/327441/arnott-s-vita-weat-cracker-sesame-poppy-seeds,https://cdn0.woolworths.media/content/wowproductimages/medium/327441.jpg,2020-09-21 17:27:05,,0,,True
37ebb8ea-6659-43f8-bde1-4394b3cc8eae,Woolworths Supermarket,Pantry,Arnott's Vita-weat Cracker Multigrain 140g,327443,$2.00,$1.43 / 100G,https://www.woolworths.com.au/shop/productdetails/327443/arnott-s-vita-weat-cracker-multigrain,https://cdn0.woolworths.media/content/wowproductimages/medium/327443.jpg,2020-09-21 17:27:05,,0,,True
d4c872e3-97fb-4e7d-821c-2cc2ecdf4f20,Woolworths Supermarket,Pantry,Aeroplane Jelly Purple Grape 85g,327942,$1.15,$1.35 / 100G,https://www.woolworths.com.au/shop/productdetails/327942/aeroplane-jelly-purple-grape,https://cdn0.woolworths.media/content/wowproductimages/medium/327942.jpg,2020-09-21 17:27:05,,0,,True
d9065d17-7903-47a8-be39-a9a3db84bbe2,Woolworths Supermarket,Pantry,Cadbury Dairy Milk Chocolate Fruit & Nut 50g bar,328896,$1.00,$2.00 / 100G,https://www.woolworths.com.au/shop/productdetails/328896/cadbury-dairy-milk-chocolate-fruit-nut,https://cdn0.woolworths.media/content/wowproductimages/medium/328896.jpg,2020-09-21 17:27:05,,0,,True
caa3a55b-d77b-4b92-965e-0c692002022c,Woolworths Supermarket,Pantry,John West Tuna Beans Capsicum Corn & Chilli 185g,329004,$3.00,$16.22 / 1KG,https://www.woolworths.com.au/shop/productdetails/329004/john-west-tuna-beans-capsicum-corn-chilli,https://cdn0.woolworths.media/content/wowproductimages/medium/329004.jpg,2020-09-21 17:27:05,,0,,True
bebce5fb-392a-466c-8662-4d330f439b5e,Woolworths Supermarket,Pantry,Lindt Lindor Dark Assorted 150g,329027,$14.00,$9.33 / 100G,https://www.woolworths.com.au/shop/productdetails/329027/lindt-lindor-dark-assorted,https://cdn0.woolworths.media/content/wowproductimages/medium/329027.jpg,2020-09-21 17:27:05,,0,,True
0d2339c6-d369-4b7e-b1fe-f797536695e3,Woolworths Supermarket,Pantry,Stevia Sweet Granulated Sachets 1g x50 pack,329036,$4.00,$8.00 / 100EA,https://www.woolworths.com.au/shop/productdetails/329036/stevia-sweet-granulated-sachets,https://cdn0.woolworths.media/content/wowproductimages/medium/329036.jpg,2020-09-21 17:27:05,,0,,True
82fbb672-823f-4eab-87c4-8618925b5767,Woolworths Supermarket,Pantry,Stevia Sweet Granulated Jar 75g,329037,$8.15,$10.87 / 100G,https://www.woolworths.com.au/shop/productdetails/329037/stevia-sweet-granulated-jar,https://cdn0.woolworths.media/content/wowproductimages/medium/329037.jpg,2020-09-21 17:27:05,,0,,True
d8bcfce2-a976-49fb-bafc-0b399e8bbbdb,Woolworths Supermarket,Pantry,Uncle Tobys Cereal Oat Flakes 640g,329102,$5.00,$0.78 / 100G,https://www.woolworths.com.au/shop/productdetails/329102/uncle-tobys-cereal-oat-flakes,https://cdn0.woolworths.media/content/wowproductimages/medium/329102.jpg,2020-09-21 17:27:05,,0,Was $5.26 29/05/2017,True
b3ef8fc0-8f16-4250-90e1-871edc3775dd,Woolworths Supermarket,Pantry,Uncle Tobys Cereal Fruity Bites Wildberry 500g,329104,$4.00,$0.80 / 100G,https://www.woolworths.com.au/shop/productdetails/329104/uncle-tobys-cereal-fruity-bites-wildberry,https://cdn0.woolworths.media/content/wowproductimages/medium/329104.jpg,2020-09-21 17:27:05,,0,,True
a820e181-3ffb-460b-af62-230b7524b019,Woolworths Supermarket,Pantry,Sunbeam Seed Mix 165g,329219,$3.00,$18.18 / 1KG,https://www.woolworths.com.au/shop/productdetails/329219/sunbeam-seed-mix,https://cdn0.woolworths.media/content/wowproductimages/medium/329219.jpg,2020-09-21 17:27:05,,0,,True
113ed12f-e34b-4974-b2b5-4551a8b0a38b,Woolworths Supermarket,Pantry,Riverside Pecan Halves 180g,329399,$5.95,$33.06 / 1KG,https://www.woolworths.com.au/shop/productdetails/329399/riverside-pecan-halves,https://cdn0.woolworths.media/content/wowproductimages/medium/329399.jpg,2020-09-21 17:27:05,,0,,True
dd6e407b-0747-41ab-b269-d601c7e89f13,Woolworths Supermarket,Pantry,Masterfoods Barbecue Sauce 500ml,099696,$2.50,$0.50 / 100ML,https://www.woolworths.com.au/shop/productdetails/99696/masterfoods-barbecue-sauce,https://cdn0.woolworths.media/content/wowproductimages/medium/099696.jpg,2020-09-21 17:27:05,,0,,True
93f97737-4a65-4dce-927b-a175d0106ce9,Woolworths Supermarket,Pantry,Doritos Share Pack Cheese Supreme 170g,826731,$2.75,$1.62 / 100G,https://www.woolworths.com.au/shop/productdetails/826731/doritos-share-pack-cheese-supreme,https://cdn0.woolworths.media/content/wowproductimages/medium/826731.jpg,2020-09-21 17:27:05,,0,,True
5d7a8337-00b0-479e-8834-b639ade5a864,Woolworths Supermarket,Pantry,Arnott's Shortbread 250g,008838,$2.50,$1.00 / 100G,https://www.woolworths.com.au/shop/productdetails/8838/arnott-s-shortbread,https://cdn0.woolworths.media/content/wowproductimages/medium/008838.jpg,2020-09-21 17:27:05,,0,,True
eafee2af-ce63-48f9-8646-8461dc7f86a9,Woolworths Supermarket,Pantry,Twisties Cheese Chips 90g,081659,$2.00,$2.22 / 100G,https://www.woolworths.com.au/shop/productdetails/81659/twisties-cheese-chips,https://cdn0.woolworths.media/content/wowproductimages/medium/081659.jpg,2020-09-21 17:27:05,,0,,True
addd04fe-672f-4ad9-b019-6c1595728011,Woolworths Supermarket,Pantry,Bertolli Extra Virgin Olive Oil Originale 750ml,502951,$6.50,$0.87 / 100ML,https://www.woolworths.com.au/shop/productdetails/502951/bertolli-extra-virgin-olive-oil-originale,https://cdn0.woolworths.media/content/wowproductimages/medium/502951.jpg,2020-09-21 17:27:05,,0,,True
78a02df6-6c82-4a45-beaa-b97ba05f40ab,Woolworths Supermarket,Pantry,Valcom Canned Bamboo Shoots Sliced 225g,097730,$1.10,$4.89 / 1KG,https://www.woolworths.com.au/shop/productdetails/97730/valcom-canned-bamboo-shoots-sliced,https://cdn0.woolworths.media/content/wowproductimages/medium/097730.jpg,2020-09-21 17:27:05,,0,,True
ca2fd921-12b5-4d53-874c-26dc95bc19c9,Woolworths Supermarket,Pantry,Kellogg's Nutri-grain Protein Breakfast Cereal 290g,701706,$4.95,$1.71 / 100G,https://www.woolworths.com.au/shop/productdetails/701706/kellogg-s-nutri-grain-protein-breakfast-cereal,https://cdn0.woolworths.media/content/wowproductimages/medium/701706.jpg,2020-09-21 17:27:05,,0,,True
dcba4b42-b462-4a4c-bd73-f8de03a5708f,Woolworths Supermarket,Pantry,Arnott's Malt O' Milk 250g,036036,$2.50,$1.00 / 100G,https://www.woolworths.com.au/shop/productdetails/36036/arnott-s-malt-o-milk,https://cdn0.woolworths.media/content/wowproductimages/medium/036036.jpg,2020-09-21 17:27:05,,0,,True
5d925892-caf7-465e-b0e9-d273a4923a58,Woolworths Supermarket,Pantry,Smith's Share Pack Crinkle Cut Salt & Vinegar 170g,826738,$2.75,$1.62 / 100G,https://www.woolworths.com.au/shop/productdetails/826738/smith-s-share-pack-crinkle-cut-salt-vinegar,https://cdn0.woolworths.media/content/wowproductimages/medium/826738.jpg,2020-09-21 17:27:05,,0,,True
bd005179-6e2b-47e6-b387-27cb93f6cd54,Woolworths Supermarket,Pantry,Arnott's Snack Right Sultana 250g,182697,$3.00,$1.20 / 100G,https://www.woolworths.com.au/shop/productdetails/182697/arnott-s-snack-right-sultana,https://cdn0.woolworths.media/content/wowproductimages/medium/182697.jpg,2020-09-21 17:27:05,,0,Was $4.20 11/02/2019,True
eca15f19-5edb-4add-8206-a126e30a9803,Woolworths Supermarket,Pantry,Toblerone Milk Chocolate Bar 50g,047011,$1.00,$2.00 / 100G,https://www.woolworths.com.au/shop/productdetails/47011/toblerone-milk-chocolate-bar,https://cdn0.woolworths.media/content/wowproductimages/medium/047011.jpg,2020-09-21 17:27:05,,0,,True
ae174ecb-bce5-4ca1-b9b8-5d7cb8b64a8a,Woolworths Supermarket,Pantry,Kooka's Country Cookies Lemon 200g,347837,$2.00,$1.00 / 100G,https://www.woolworths.com.au/shop/productdetails/347837/kooka-s-country-cookies-lemon,https://cdn0.woolworths.media/content/wowproductimages/medium/347837.jpg,2020-09-21 17:27:05,,0,,True
7b030ffc-45e8-4960-b0b8-4d68bdd33588,Woolworths Supermarket,Pantry,Uncle Tobys Roll-ups Strawberry Fun Prints 6 pack,324231,$4.00,$4.26 / 100G,https://www.woolworths.com.au/shop/productdetails/324231/uncle-tobys-roll-ups-strawberry-fun-prints,https://cdn0.woolworths.media/content/wowproductimages/medium/324231.jpg,2020-09-21 17:27:05,,0,,True
62a1c7cd-6bf0-4997-83fa-fc79f5fa9ac0,Woolworths Supermarket,Pantry,Woolworths Corn Sweet Kernels 420g,218926,$1.00,$2.38 / 1KG,https://www.woolworths.com.au/shop/productdetails/218926/woolworths-corn-sweet-kernels,https://cdn0.woolworths.media/content/wowproductimages/medium/218926.jpg,2020-09-21 17:27:05,Average product rating out of 5: 4.1. Product score is based on 215 ratings,215,,True
1f1012ca-4e5c-4063-a315-4e11bb9cf9ee,Woolworths Supermarket,Pantry,Moccona Freeze Dried Instant Coffee Classic Medium Roast 400g,208575,$24.00,$6.00 / 100G,https://www.woolworths.com.au/shop/productdetails/208575/moccona-freeze-dried-instant-coffee-classic-medium-roast,https://cdn0.woolworths.media/content/wowproductimages/medium/208575.jpg,2020-09-21 17:27:05,,0,,True
6e0070ee-070d-4575-b335-8e12654f72f1,Woolworths Supermarket,Pantry,Macro Organic Quinoa Tri Colour 500g,717631,$7.00,$1.40 / 100G,https://www.woolworths.com.au/shop/productdetails/717631/macro-organic-quinoa-tri-colour,https://cdn0.woolworths.media/content/wowproductimages/medium/717631.jpg,2020-09-21 17:27:05,Average product rating out of 5: 4.6. Product score is based on 274 ratings,274,Was $9.99 09/01/2017,True
aeb26c60-d70b-4c14-8312-00d7ea710669,Woolworths Supermarket,Pantry,Arnott's Shapes Cheddar 175g,384244,$2.50,$1.43 / 100G,https://www.woolworths.com.au/shop/productdetails/384244/arnott-s-shapes-cheddar,https://cdn0.woolworths.media/content/wowproductimages/medium/384244.jpg,2020-09-21 17:27:05,,0,,True
15910e62-b8a9-411f-b11f-7bc4a9c2eaea,Woolworths Supermarket,Pantry,Uncle Ben's Microwave Mexican Style Brown Rice 250g,727257,$3.00,$1.20 / 100G,https://www.woolworths.com.au/shop/productdetails/727257/uncle-ben-s-microwave-mexican-style-brown-rice,https://cdn0.woolworths.media/content/wowproductimages/medium/727257.jpg,2020-09-21 17:27:05,,0,,True
769f6ec3-9218-46cc-b577-40a6b916ca5b,Woolworths Supermarket,Pantry,Pringles Sour Cream And Onion Chips 134g,479502,$2.50,$1.87 / 100G,https://www.woolworths.com.au/shop/productdetails/479502/pringles-sour-cream-and-onion-chips,https://cdn0.woolworths.media/content/wowproductimages/medium/479502.jpg,2020-09-21 17:27:05,,0,,True
ddd8259b-e001-4290-9991-02bc07b6546b,Woolworths Supermarket,Pantry,Sandhurst Olives Green Sicilian 280g,329746,$3.50,$12.50 / 1KG,https://www.woolworths.com.au/shop/productdetails/329746/sandhurst-olives-green-sicilian,https://cdn0.woolworths.media/content/wowproductimages/medium/329746.jpg,2020-09-21 17:27:05,,0,,True
77a64dec-bd58-4100-9457-78681a677c75,Woolworths Supermarket,Pantry,Lee Kum Kee Sauce San Choy Bao 100g,329803,$1.70,$1.70 / 100G,https://www.woolworths.com.au/shop/productdetails/329803/lee-kum-kee-sauce-san-choy-bao,https://cdn0.woolworths.media/content/wowproductimages/medium/329803.jpg,2020-09-21 17:27:05,,0,,True
7be8f395-c110-44d5-8ef1-08661c1a6251,Woolworths Supermarket,Pantry,Meiji Biscuit Hello Panda Snacks Chocolate 50g,329808,$1.80,$3.60 / 100G,https://www.woolworths.com.au/shop/productdetails/329808/meiji-biscuit-hello-panda-snacks-chocolate,https://cdn0.woolworths.media/content/wowproductimages/medium/329808.jpg,2020-09-21 17:27:05,,0,,True
c7bdc814-1f66-4e11-bb28-10324e128e8f,Woolworths Supermarket,Pantry,Ayam Malaysian Laksa Paste 185g,329999,$3.50,$1.89 / 100G,https://www.woolworths.com.au/shop/productdetails/329999/ayam-malaysian-laksa-paste,https://cdn0.woolworths.media/content/wowproductimages/medium/329999.jpg,2020-09-21 17:27:05,,0,,True
24a20a65-c62f-4449-abf6-3f6b70caa0e2,Woolworths Supermarket,Pantry,Nestle Aero Peppermint 40g bar,330355,$2.00,$5.00 / 100G,https://www.woolworths.com.au/shop/productdetails/330355/nestle-aero-peppermint,https://cdn0.woolworths.media/content/wowproductimages/medium/330355.jpg,2020-09-21 17:27:05,,0,,True
008010ac-74a8-49a5-b094-cf6a281985e7,Woolworths Supermarket,Pantry,Extra White Lemon Lime Chewing Gum Sugar Free 4x10 Piece 56g,330372,$3.50,$6.25 / 100G,https://www.woolworths.com.au/shop/productdetails/330372/extra-white-lemon-lime-chewing-gum-sugar-free-4x10-piece,https://cdn0.woolworths.media/content/wowproductimages/medium/330372.jpg,2020-09-21 17:27:05,,0,,True
d381c884-5fe1-4f5a-86bb-7c9e676e2f8a,Woolworths Supermarket,Pantry,Jade Phoenix Ingredients Mushroom Dried Whole Shiitake 50g,330631,$3.50,$70.00 / 1KG,https://www.woolworths.com.au/shop/productdetails/330631/jade-phoenix-ingredients-mushroom-dried-whole-shiitake,https://cdn0.woolworths.media/content/wowproductimages/medium/330631.jpg,2020-09-21 17:27:05,,0,,True
ea592ddb-8c8b-4499-a6df-37d2334403fc,Woolworths Supermarket,Pantry,Masterfoods Relish Cafe Green Tomato 250g,330654,$3.30,$13.20 / 1KG,https://www.woolworths.com.au/shop/productdetails/330654/masterfoods-relish-cafe-green-tomato,https://cdn0.woolworths.media/content/wowproductimages/medium/330654.jpg,2020-09-21 17:27:05,,0,,True
4ce9b4b0-821b-4126-9b3c-49ef18447cb8,Woolworths Supermarket,Pantry,Orgran Corn Crispbread Crackers 125g,330946,$2.40,$1.92 / 100G,https://www.woolworths.com.au/shop/productdetails/330946/orgran-corn-crispbread-crackers,https://cdn0.woolworths.media/content/wowproductimages/medium/330946.jpg,2020-09-21 17:27:05,Average product rating out of 5: 3.4. Product score is based on 12 ratings,12,,True
f510eb7a-975f-44dc-8386-9b95dd5e0b59,Woolworths Supermarket,Pantry,Peckish Thins Rice Crackers Original 100g,330959,$2.20,$2.20 / 100G,https://www.woolworths.com.au/shop/productdetails/330959/peckish-thins-rice-crackers-original,https://cdn0.woolworths.media/content/wowproductimages/medium/330959.jpg,2020-09-21 17:27:05,,0,,True
00195508-9047-4d17-b84e-d8764e4fa3df,Woolworths Supermarket,Pantry,Peckish Thins Rice Crackers Salt & Vinegar 100g,330962,$2.20,$2.20 / 100G,https://www.woolworths.com.au/shop/productdetails/330962/peckish-thins-rice-crackers-salt-vinegar,https://cdn0.woolworths.media/content/wowproductimages/medium/330962.jpg,2020-09-21 17:27:05,,0,,True
d97b046e-787e-4dbe-9ac4-e27ec42e65f3,Woolworths Supermarket,Pantry,Peckish Thins Rice Crackers Sour Cream And Chives 100g,330964,$2.20,$2.20 / 100G,https://www.woolworths.com.au/shop/productdetails/330964/peckish-thins-rice-crackers-sour-cream-and-chives,https://cdn0.woolworths.media/content/wowproductimages/medium/330964.jpg,2020-09-21 17:27:05,,0,,True
f7f227ec-2120-4372-9639-13c3f21307c7,Woolworths Supermarket,Pantry,Peckish Rice Crackers Tangy Bbq 100g,330967,$2.20,$2.20 / 100G,https://www.woolworths.com.au/shop/productdetails/330967/peckish-rice-crackers-tangy-bbq,https://cdn0.woolworths.media/content/wowproductimages/medium/330967.jpg,2020-09-21 17:27:05,,0,,True
1dbadc20-961a-4ffa-992a-f3caaf7557b6,Woolworths Supermarket,Pantry,Peckish Thins Rice Crackers Sweet Chilli 100g,330971,$2.20,$2.20 / 100G,https://www.woolworths.com.au/shop/productdetails/330971/peckish-thins-rice-crackers-sweet-chilli,https://cdn0.woolworths.media/content/wowproductimages/medium/330971.jpg,2020-09-21 17:27:05,,0,,True
7bd62f03-8bc5-4b6e-90d6-5c39752245f9,Woolworths Supermarket,Pantry,Peckish Thins Rice Crackers Cheddar Cheese 100g,330993,$2.20,$2.20 / 100G,https://www.woolworths.com.au/shop/productdetails/330993/peckish-thins-rice-crackers-cheddar-cheese,https://cdn0.woolworths.media/content/wowproductimages/medium/330993.jpg,2020-09-21 17:27:05,,0,,True
78eb8a32-bb32-468d-848a-90e8f2935244,Woolworths Supermarket,Pantry,Woolworths Tangy Bbq Rice Crackers 100g,331285,$0.90,$0.90 / 100G,https://www.woolworths.com.au/shop/productdetails/331285/woolworths-tangy-bbq-rice-crackers,https://cdn0.woolworths.media/content/wowproductimages/medium/331285.jpg,2020-09-21 17:27:05,Average product rating out of 5: 4.0. Product score is based on 1143 ratings,1143,,True
348e1367-5633-4d06-af4b-82f63780c83e,Woolworths Supermarket,Pantry,Woolworths Original Rice Crackers 100g,331286,$0.90,$0.90 / 100G,https://www.woolworths.com.au/shop/productdetails/331286/woolworths-original-rice-crackers,https://cdn0.woolworths.media/content/wowproductimages/medium/331286.jpg,2020-09-21 17:27:05,Average product rating out of 5: 4.1. Product score is based on 521 ratings,521,,True
005ff4bb-dcfb-47a1-907b-a326fe27c7c5,Woolworths Supermarket,Pantry,Macro Organic Corn Chips Cheese 200g,331588,$2.50,$1.25 / 100G,https://www.woolworths.com.au/shop/productdetails/331588/macro-organic-corn-chips-cheese,https://cdn0.woolworths.media/content/wowproductimages/medium/331588.jpg,2020-09-21 17:27:05,Average product rating out of 5: 4.7. Product score is based on 21 ratings,21,Was $2.99 16/01/2017,True
13c3f11a-2fc1-4a57-b509-69ab21784967,Woolworths Supermarket,Pantry,Macro Organic Corn Chips Spicy Bbq 200g,331590,$2.50,$1.25 / 100G,https://www.woolworths.com.au/shop/productdetails/331590/macro-organic-corn-chips-spicy-bbq,https://cdn0.woolworths.media/content/wowproductimages/medium/331590.jpg,2020-09-21 17:27:05,Average product rating out of 5: 4.8. Product score is based on 13 ratings,13,Was $2.99 16/01/2017,True
9abc3f5a-1cc2-4ac4-b742-128f85b1788e,Woolworths Supermarket,Pantry,Macro Organic Corn Chips Natural 200g,331595,$2.50,$1.25 / 100G,https://www.woolworths.com.au/shop/productdetails/331595/macro-organic-corn-chips-natural,https://cdn0.woolworths.media/content/wowproductimages/medium/331595.jpg,2020-09-21 17:27:05,Average product rating out of 5: 4.7. Product score is based on 45 ratings,45,Was $2.99 16/01/2017,True
9294a474-6863-43fa-8c42-87a7cba28567,Woolworths Supermarket,Pantry,Arnott's Tim Tam White 165g,332047,$3.65,$2.21 / 100G,https://www.woolworths.com.au/shop/productdetails/332047/arnott-s-tim-tam-white,https://cdn0.woolworths.media/content/wowproductimages/medium/332047.jpg,2020-09-21 17:27:05,,0,,True
d9732abb-64c8-4be5-b67c-01ff7857ff0e,Woolworths Supermarket,Pantry,Nice & Natural Nut Bar Chocolate 6 pack,332059,$3.00,$1.56 / 100G,https://www.woolworths.com.au/shop/productdetails/332059/nice-natural-nut-bar-chocolate,https://cdn0.woolworths.media/content/wowproductimages/medium/332059.jpg,2020-09-21 17:27:05,,0,,True
3dea07d9-5f6b-4438-834c-6326e85a6bdf,Woolworths Supermarket,Pantry,Nice & Natural Nut Bar Yoghurt 6 pack,332066,$3.00,$1.56 / 100G,https://www.woolworths.com.au/shop/productdetails/332066/nice-natural-nut-bar-yoghurt,https://cdn0.woolworths.media/content/wowproductimages/medium/332066.jpg,2020-09-21 17:27:05,,0,,True
0057b79f-ba77-4a3a-88ea-0c5f8ec2386b,Woolworths Supermarket,Pantry,Nice & Natural Nut Bar Trail Mix 6 pack,332068,$3.00,$1.56 / 100G,https://www.woolworths.com.au/shop/productdetails/332068/nice-natural-nut-bar-trail-mix,https://cdn0.woolworths.media/content/wowproductimages/medium/332068.jpg,2020-09-21 17:27:05,,0,,True
21271073-ac7e-483d-8f30-09c47c3ff79b,Woolworths Supermarket,Pantry,Sunbites Grain Waves Sour Cream & Chives 5 pack,720220,$3.10,$2.82 / 100G,https://www.woolworths.com.au/shop/productdetails/720220/sunbites-grain-waves-sour-cream-chives,https://cdn0.woolworths.media/content/wowproductimages/medium/720220.jpg,2020-09-21 17:27:05,,0,2 for $5.00,True
39fe0b35-f59c-42db-9c27-f0357378480d,Woolworths Supermarket,Pantry,Woolworths Rolled Traditional Oats 750g,321220,$1.40,$0.19 / 100G,https://www.woolworths.com.au/shop/productdetails/321220/woolworths-rolled-traditional-oats,https://cdn0.woolworths.media/content/wowproductimages/medium/321220.jpg,2020-09-21 17:27:05,Average product rating out of 5: 4.6. Product score is based on 748 ratings,748,,True
0a79e479-585b-47b6-8243-e6f1d51455c6,Woolworths Supermarket,Pantry,Cobram Estate Extra Virgin Light Olive Oil 750ml,345955,$15.00,$2.00 / 100ML,https://www.woolworths.com.au/shop/productdetails/345955/cobram-estate-extra-virgin-light-olive-oil,https://cdn0.woolworths.media/content/wowproductimages/medium/345955.jpg,2020-09-21 17:27:05,,0,,True
5685723e-be70-4986-9cb0-3895b2975827,Woolworths Supermarket,Pantry,Woolworths Walnuts Kernel 500g,749540,$11.00,$22.00 / 1KG,https://www.woolworths.com.au/shop/productdetails/749540/woolworths-walnuts-kernel,https://cdn0.woolworths.media/content/wowproductimages/medium/749540.jpg,2020-09-21 17:27:05,Average product rating out of 5: 4.8. Product score is based on 360 ratings,360,,True
c3acaebe-2b2e-4ceb-b9cf-764f17bb25cd,Woolworths Supermarket,Pantry,Woolworths Almond Meal 400g,610610,$7.50,$18.75 / 1KG,https://www.woolworths.com.au/shop/productdetails/610610/woolworths-almond-meal,https://cdn0.woolworths.media/content/wowproductimages/medium/610610.jpg,2020-09-21 17:27:05,Average product rating out of 5: 4.6. Product score is based on 326 ratings,326,Was $9.00 22/07/2020,True
29ebabf4-c0c7-49ed-b677-aeee910ad75c,Woolworths Supermarket,Pantry,Nescafe Blend 43 Soluble Instant Coffee 500g,035694,$20.00,$4.00 / 100G,https://www.woolworths.com.au/shop/productdetails/35694/nescafe-blend-43-soluble-instant-coffee,https://cdn0.woolworths.media/content/wowproductimages/medium/035694.jpg,2020-09-21 17:27:05,,0,,True
967ad3ec-861d-420c-a163-8fa05fb969bd,Woolworths Supermarket,Pantry,Woolworths White Rice Long Grain 5kg,072779,$6.70,$0.13 / 100G,https://www.woolworths.com.au/shop/productdetails/72779/woolworths-white-rice-long-grain,https://cdn0.woolworths.media/content/wowproductimages/medium/072779.jpg,2020-09-21 17:27:05,Average product rating out of 5: 4.8. Product score is based on 14 ratings,14,,True
ea5147d5-5b30-4fe7-87e2-3d1e3b172e0e,Woolworths Supermarket,Pantry,Queen Organic Vanilla Bean Paste 65g,225399,$11.80,$18.15 / 100G,https://www.woolworths.com.au/shop/productdetails/225399/queen-organic-vanilla-bean-paste,https://cdn0.woolworths.media/content/wowproductimages/medium/225399.jpg,2020-09-21 17:27:05,,0,,True
d0ada9d9-b953-4c18-b9be-511163e6806a,Woolworths Supermarket,Pantry,Macro Organic Quinoa Tri Colour 500g,717631,$7.00,$1.40 / 100G,https://www.woolworths.com.au/shop/productdetails/717631/macro-organic-quinoa-tri-colour,https://cdn0.woolworths.media/content/wowproductimages/medium/717631.jpg,2020-09-21 17:27:05,Average product rating out of 5: 4.6. Product score is based on 274 ratings,274,Was $9.99 09/01/2017,True
7b636a13-ec05-4f21-b064-3ce14e895f81,Woolworths Supermarket,Pantry,Woolworths Diced Italian Tomatoes No Added Salt 400g,770320,$0.80,$2.00 / 1KG,https://www.woolworths.com.au/shop/productdetails/770320/woolworths-diced-italian-tomatoes-no-added-salt,https://cdn0.woolworths.media/content/wowproductimages/medium/770320.jpg,2020-09-21 17:27:05,Average product rating out of 5: 4.7. Product score is based on 311 ratings,311,,True
b1b7a9cf-7a96-477c-8e8b-3edd4af8673c,Woolworths Supermarket,Pantry,Arnott's Monte Carlo 250g,036031,$3.00,$1.20 / 100G,https://www.woolworths.com.au/shop/productdetails/36031/arnott-s-monte-carlo,https://cdn0.woolworths.media/content/wowproductimages/medium/036031.jpg,2020-09-21 17:27:05,,0,,True
ea6906a3-b727-4894-8d06-dc68e65a3a80,Woolworths Supermarket,Pantry,Ritz Crackers Original 300g,660562,$2.50,$0.83 / 100G,https://www.woolworths.com.au/shop/productdetails/660562/ritz-crackers-original,https://cdn0.woolworths.media/content/wowproductimages/medium/660562.jpg,2020-09-21 17:27:05,,0,,True
492ee1fa-fbda-47c1-a57f-0fa6ddb8ac2b,Woolworths Supermarket,Pantry,Mckenzie's Himalayan Salt Rock Pink 400g,749926,$5.95,$0.15 / 10G,https://www.woolworths.com.au/shop/productdetails/749926/mckenzie-s-himalayan-salt-rock-pink,https://cdn0.woolworths.media/content/wowproductimages/medium/749926.jpg,2020-09-21 17:27:05,,0,,True
2ba4dae6-ccfb-464d-a20e-9465541e2dcd,Woolworths Supermarket,Pantry,Beechworth Pure Honey 1.5kg,250371,$22.00,$1.47 / 100G,https://www.woolworths.com.au/shop/productdetails/250371/beechworth-pure-honey,https://cdn0.woolworths.media/content/wowproductimages/medium/250371.jpg,2020-09-21 17:27:05,,0,,True
86ac6413-5710-4512-a2cf-051943961c38,Woolworths Supermarket,Pantry,Vege Chips Chicken Style 100g,793382,$3.80,$3.80 / 100G,https://www.woolworths.com.au/shop/productdetails/793382/vege-chips-chicken-style,https://cdn0.woolworths.media/content/wowproductimages/medium/793382.jpg,2020-09-21 17:27:05,Average product rating out of 5: 4.7. Product score is based on 20 ratings,20,,True
9b34fdd0-6e85-4c81-afb3-31219265fa26,Woolworths Supermarket,Pantry,Moccona Freeze Dried Instant Coffee Classic Medium Roast 400g,208575,$24.00,$6.00 / 100G,https://www.woolworths.com.au/shop/productdetails/208575/moccona-freeze-dried-instant-coffee-classic-medium-roast,https://cdn0.woolworths.media/content/wowproductimages/medium/208575.jpg,2020-09-21 17:27:05,,0,,True
47f53fcf-e624-4366-aefc-88ea1eca5bc1,Woolworths Supermarket,Pantry,Continental Cup A Soup Creamy Chicken With Lots Of Noodles 2 pack,026649,$2.00,$3.33 / 100G,https://www.woolworths.com.au/shop/productdetails/26649/continental-cup-a-soup-creamy-chicken-with-lots-of-noodles,https://cdn0.woolworths.media/content/wowproductimages/medium/026649.jpg,2020-09-21 17:27:05,,0,,True
7d83a5b0-bbf4-43db-9973-5d67d18f9b62,Woolworths Supermarket,Pantry,Sanitarium Weet-bix Breakfast Cereal 1.2kg,200695,$5.00,$0.42 / 100G,https://www.woolworths.com.au/shop/productdetails/200695/sanitarium-weet-bix-breakfast-cereal,https://cdn0.woolworths.media/content/wowproductimages/medium/200695.jpg,2020-09-21 17:27:05,,0,,True
659d3e60-f303-4e86-b67e-fd40500b80e3,Woolworths Supermarket,Pantry,Bertolli Extra Virgin Olive Oil Originale 750ml,502951,$6.50,$0.87 / 100ML,https://www.woolworths.com.au/shop/productdetails/502951/bertolli-extra-virgin-olive-oil-originale,https://cdn0.woolworths.media/content/wowproductimages/medium/502951.jpg,2020-09-21 17:27:05,,0,,True
938f7aa1-a35d-4c57-9571-a2c61b12d3fc,Woolworths Supermarket,Pantry,Cadbury Dairy Milk Chocolate Fair Trade 350g,757883,$5.00,$1.43 / 100G,https://www.woolworths.com.au/shop/productdetails/757883/cadbury-dairy-milk-chocolate-fair-trade,https://cdn0.woolworths.media/content/wowproductimages/medium/757883.jpg,2020-09-21 17:27:05,,0,Was $6.30 16/01/2017,True
560ef418-9de0-4efc-a7d5-6a1232ca02ee,Woolworths Supermarket,Pantry,Nice & Natural Roasted Nut Bars Almond 6 pack,332070,$3.00,$1.56 / 100G,https://www.woolworths.com.au/shop/productdetails/332070/nice-natural-roasted-nut-bars-almond,https://cdn0.woolworths.media/content/wowproductimages/medium/332070.jpg,2020-09-21 17:27:05,,0,,True
dc67161e-335e-4ce5-8009-3152378ea01b,Woolworths Supermarket,Pantry,Praise Whole Egg Mayonnaise Whole Egg 670g,332107,$5.00,$0.75 / 100G,https://www.woolworths.com.au/shop/productdetails/332107/praise-whole-egg-mayonnaise-whole-egg,https://cdn0.woolworths.media/content/wowproductimages/medium/332107.jpg,2020-09-21 17:27:05,,0,,True
e2fb55c0-4bdc-43f5-a244-e2e41b724660,Woolworths Supermarket,Pantry,Best Foods Real Mayonnaise 810g,332183,$8.40,$1.04 / 100G,https://www.woolworths.com.au/shop/productdetails/332183/best-foods-real-mayonnaise,https://cdn0.woolworths.media/content/wowproductimages/medium/332183.jpg,2020-09-21 17:27:05,,0,,True
14c23eec-5b5f-48ed-af06-1e25ef63a879,Woolworths Supermarket,Pantry,Heinz Seriously Good Whole Egg Mayonnaise 295ml,332185,$4.00,$1.36 / 100ML,https://www.woolworths.com.au/shop/productdetails/332185/heinz-seriously-good-whole-egg-mayonnaise,https://cdn0.woolworths.media/content/wowproductimages/medium/332185.jpg,2020-09-21 17:27:05,,0,,True
c6740904-24d7-47d1-a019-09f863370988,Woolworths Supermarket,Pantry,Heinz Seriously Good Lite Mayonnaise 285ml,332186,$4.00,$1.40 / 100ML,https://www.woolworths.com.au/shop/productdetails/332186/heinz-seriously-good-lite-mayonnaise,https://cdn0.woolworths.media/content/wowproductimages/medium/332186.jpg,2020-09-21 17:27:05,,0,,True
139403a2-1c7b-4273-953b-3db1619c74c4,Woolworths Supermarket,Pantry,Smith's Share Pack Sour Cream & Onion 175g,332426,$2.00,$1.14 / 100G,https://www.woolworths.com.au/shop/productdetails/332426/smith-s-share-pack-sour-cream-onion,https://cdn0.woolworths.media/content/wowproductimages/medium/332426.jpg,2020-09-21 17:27:05,,0,Was $3.29 10/10/16,True
bcf1d41d-c995-4ebb-a14e-6ec2cd6d5a9c,Woolworths Supermarket,Pantry,Vegemite Cheesy Bite Spread 270g,333060,$5.15,$1.91 / 100G,https://www.woolworths.com.au/shop/productdetails/333060/vegemite-cheesy-bite-spread,https://cdn0.woolworths.media/content/wowproductimages/medium/333060.jpg,2020-09-21 17:27:05,,0,,True
1a7aae03-4d35-45c7-b1a0-7c7fc8122d71,Woolworths Supermarket,Pantry,Woolworths Wheat Biscuits 1.12kg,333314,$3.20,$0.29 / 100G,https://www.woolworths.com.au/shop/productdetails/333314/woolworths-wheat-biscuits,https://cdn0.woolworths.media/content/wowproductimages/medium/333314.jpg,2020-09-21 17:27:05,Average product rating out of 5: 4.4. Product score is based on 1068 ratings,1068,,True
9efb7784-570b-4f19-9a28-796bb2493ccd,Woolworths Supermarket,Pantry,Golden Circle Beetroot Diced 450g,333358,$2.00,$4.44 / 1KG,https://www.woolworths.com.au/shop/productdetails/333358/golden-circle-beetroot-diced,https://cdn0.woolworths.media/content/wowproductimages/medium/333358.jpg,2020-09-21 17:27:05,,0,Was $2.45 19/10/2016,True
cddd3a2a-0eaa-4e8a-949f-4c450468a43f,Woolworths Supermarket,Pantry,Mission Original Tortillas 12 pack,333915,$2.07,$0.36 / 100G,https://www.woolworths.com.au/shop/productdetails/333915/mission-original-tortillas,https://cdn0.woolworths.media/content/wowproductimages/medium/333915.jpg,2020-09-21 17:27:05,,0,,True
33254fca-ede2-47ef-9ba9-2e2a2bfb204e,Woolworths Supermarket,Pantry,Mission Multigrain Tortillas 8 pack,333917,$1.90,$0.49 / 100G,https://www.woolworths.com.au/shop/productdetails/333917/mission-multigrain-tortillas,https://cdn0.woolworths.media/content/wowproductimages/medium/333917.jpg,2020-09-21 17:27:05,,0,,True
5d3caf7c-b060-4bdb-9d44-bb9ca67884e2,Woolworths Supermarket,Pantry,Nice & Natural Fruit Strings Strawberry 136g,334160,$3.50,$2.57 / 100G,https://www.woolworths.com.au/shop/productdetails/334160/nice-natural-fruit-strings-strawberry,https://cdn0.woolworths.media/content/wowproductimages/medium/334160.jpg,2020-09-21 17:27:05,,0,,True
190605ab-9212-458a-81a5-0529ac3f706e,Woolworths Supermarket,Pantry,Woolworths Strawberry Jam 500g,334723,$2.40,$0.48 / 100G,https://www.woolworths.com.au/shop/productdetails/334723/woolworths-strawberry-jam,https://cdn0.woolworths.media/content/wowproductimages/medium/334723.jpg,2020-09-21 17:27:05,Average product rating out of 5: 4.2. Product score is based on 509 ratings,509,,True
f2ca65e9-ecf9-4d67-af55-f17eb0a38397,Woolworths Supermarket,Pantry,Woolworths Blackcurrant Jam 500g,334733,$2.40,$0.48 / 100G,https://www.woolworths.com.au/shop/productdetails/334733/woolworths-blackcurrant-jam,https://cdn0.woolworths.media/content/wowproductimages/medium/334733.jpg,2020-09-21 17:27:05,Average product rating out of 5: 4.1. Product score is based on 403 ratings,403,,True
af61d5c2-0f55-4876-9b1d-7e3a30e498b9,Woolworths Supermarket,Pantry,Macro Organic Unhulled Tahini Spread 375g,334755,$6.50,$1.73 / 100G,https://www.woolworths.com.au/shop/productdetails/334755/macro-organic-unhulled-tahini-spread,https://cdn0.woolworths.media/content/wowproductimages/medium/334755.jpg,2020-09-21 17:27:05,Average product rating out of 5: 4.3. Product score is based on 216 ratings,216,,True
d58cd659-d938-4333-bc3e-5f3a6fe9dfab,Woolworths Supermarket,Pantry,Macro Five Grain Porridge 750g,334789,$3.50,$0.47 / 100G,https://www.woolworths.com.au/shop/productdetails/334789/macro-five-grain-porridge,https://cdn0.woolworths.media/content/wowproductimages/medium/334789.jpg,2020-09-21 17:27:05,,0,Was $3.75 17/05/2018,True
3879f9b8-73cf-4ba0-9ad8-eb58ecddf1bc,Woolworths Supermarket,Pantry,Mother Earth Golden Baked Oaty Slice Raspberry Chocolate 6pk 240g,334842,$3.00,$1.25 / 100G,https://www.woolworths.com.au/shop/productdetails/334842/mother-earth-golden-baked-oaty-slice-raspberry-chocolate,https://cdn0.woolworths.media/content/wowproductimages/medium/334842.jpg,2020-09-21 17:27:05,,0,Was $4.00 26/02/2018,True
1dec5f86-c4be-48d2-9c9f-cabf9ee0e32f,Woolworths Supermarket,Pantry,Macro Organic Almonds Almonds 500g,334861,$18.00,$36.00 / 1KG,https://www.woolworths.com.au/shop/productdetails/334861/macro-organic-almonds-almonds,https://cdn0.woolworths.media/content/wowproductimages/medium/334861.jpg,2020-09-21 17:27:05,,0,,True
fa895b32-16e8-4a3d-856c-a0db0a5a81e8,Woolworths Supermarket,Pantry,Macro Organic Cashews Nuts Cashews 500g,334864,$15.00,$30.00 / 1KG,https://www.woolworths.com.au/shop/productdetails/334864/macro-organic-cashews-nuts-cashews,https://cdn0.woolworths.media/content/wowproductimages/medium/334864.jpg,2020-09-21 17:27:05,Average product rating out of 5: 4.6. Product score is based on 439 ratings,439,,True
378c5990-baa6-4d4d-9459-aae01ceab5c7,Woolworths Supermarket,Pantry,Macro Organic Cashews Nuts Cashews 250g,334865,$7.80,$31.20 / 1KG,https://www.woolworths.com.au/shop/productdetails/334865/macro-organic-cashews-nuts-cashews,https://cdn0.woolworths.media/content/wowproductimages/medium/334865.jpg,2020-09-21 17:27:05,,0,,True
921cb35d-6945-4520-acc9-4ae6244a3cc8,Woolworths Supermarket,Pantry,Macro Dry Roasted & Salted Cashews Nuts 500g,334866,$15.00,$30.00 / 1KG,https://www.woolworths.com.au/shop/productdetails/334866/macro-dry-roasted-salted-cashews-nuts,https://cdn0.woolworths.media/content/wowproductimages/medium/334866.jpg,2020-09-21 17:27:05,,0,,True
b16cca83-0b19-4973-abc1-74bfea568f19,Woolworths Supermarket,Pantry,Macro Dry Roasted Cashews Nuts 250g,334868,$8.00,$32.00 / 1KG,https://www.woolworths.com.au/shop/productdetails/334868/macro-dry-roasted-cashews-nuts,https://cdn0.woolworths.media/content/wowproductimages/medium/334868.jpg,2020-09-21 17:27:05,Average product rating out of 5: 4.4. Product score is based on 16 ratings,16,,True
2ea8f8c4-faa5-42f6-bf68-4bac85c640e7,Woolworths Supermarket,Pantry,Macro Roasted Nuts Mix 500g,334869,$13.00,$26.00 / 1KG,https://www.woolworths.com.au/shop/productdetails/334869/macro-roasted-nuts-mix,https://cdn0.woolworths.media/content/wowproductimages/medium/334869.jpg,2020-09-21 17:27:05,Average product rating out of 5: 4.4. Product score is based on 996 ratings,996,,True
5dff0c2b-d0be-4fb8-af2a-34ace0919b04,Woolworths Supermarket,Pantry,Macro Organic Brazil Nuts Brazil Nuts 250g,334871,$9.50,$38.00 / 1KG,https://www.woolworths.com.au/shop/productdetails/334871/macro-organic-brazil-nuts-brazil-nuts,https://cdn0.woolworths.media/content/wowproductimages/medium/334871.jpg,2020-09-21 17:27:05,,0,,True
2bf96b14-6f50-4078-bf1b-bcf41e7b259c,Woolworths Supermarket,Pantry,Sunbites Grain Waves Sour Cream & Chives 5 pack,720220,$3.10,$2.82 / 100G,https://www.woolworths.com.au/shop/productdetails/720220/sunbites-grain-waves-sour-cream-chives,https://cdn0.woolworths.media/content/wowproductimages/medium/720220.jpg,2020-09-21 17:27:05,,0,2 for $5.00,True
b3b6fdcb-6639-499b-9f84-04f716be7dd7,Woolworths Supermarket,Pantry,Woolworths Rolled Traditional Oats 750g,321220,$1.40,$0.19 / 100G,https://www.woolworths.com.au/shop/productdetails/321220/woolworths-rolled-traditional-oats,https://cdn0.woolworths.media/content/wowproductimages/medium/321220.jpg,2020-09-21 17:27:05,Average product rating out of 5: 4.6. Product score is based on 748 ratings,748,,True
78cb5d45-5da5-4f8c-a287-56cbe445305c,Woolworths Supermarket,Pantry,Woolworths Diced Italian Tomatoes No Added Salt 400g,770320,$0.80,$2.00 / 1KG,https://www.woolworths.com.au/shop/productdetails/770320/woolworths-diced-italian-tomatoes-no-added-salt,https://cdn0.woolworths.media/content/wowproductimages/medium/770320.jpg,2020-09-21 17:27:05,Average product rating out of 5: 4.7. Product score is based on 311 ratings,311,,True
b5d99047-5341-4d5b-ac64-53d0c426f0ec,Woolworths Supermarket,Pantry,Moccona Freeze Dried Instant Coffee Classic Medium Roast 400g,208575,$24.00,$6.00 / 100G,https://www.woolworths.com.au/shop/productdetails/208575/moccona-freeze-dried-instant-coffee-classic-medium-roast,https://cdn0.woolworths.media/content/wowproductimages/medium/208575.jpg,2020-09-21 17:27:05,,0,,True
dc82f123-be7a-4077-9f52-6cb8e27c0ba5,Woolworths Supermarket,Pantry,Ritz Crackers Original 300g,660562,$2.50,$0.83 / 100G,https://www.woolworths.com.au/shop/productdetails/660562/ritz-crackers-original,https://cdn0.woolworths.media/content/wowproductimages/medium/660562.jpg,2020-09-21 17:27:05,,0,,True
ca4a34eb-073d-4eed-8140-84e561dd5846,Woolworths Supermarket,Pantry,Cadbury Dairy Milk Chocolate Fair Trade 350g,757883,$5.00,$1.43 / 100G,https://www.woolworths.com.au/shop/productdetails/757883/cadbury-dairy-milk-chocolate-fair-trade,https://cdn0.woolworths.media/content/wowproductimages/medium/757883.jpg,2020-09-21 17:27:05,,0,Was $6.30 16/01/2017,True
cca40262-e907-4f0b-b903-d18d7dbd9943,Woolworths Supermarket,Pantry,Woolworths Almond Meal 400g,610610,$7.50,$18.75 / 1KG,https://www.woolworths.com.au/shop/productdetails/610610/woolworths-almond-meal,https://cdn0.woolworths.media/content/wowproductimages/medium/610610.jpg,2020-09-21 17:27:05,Average product rating out of 5: 4.6. Product score is based on 326 ratings,326,Was $9.00 22/07/2020,True
6af7ef6f-377c-4810-a7a3-a9e260345526,Woolworths Supermarket,Pantry,Woolworths White Rice Long Grain 5kg,072779,$6.70,$0.13 / 100G,https://www.woolworths.com.au/shop/productdetails/72779/woolworths-white-rice-long-grain,https://cdn0.woolworths.media/content/wowproductimages/medium/072779.jpg,2020-09-21 17:27:05,Average product rating out of 5: 4.8. Product score is based on 14 ratings,14,,True
46672839-43ce-4cb4-8a87-6f8d0d40213b,Woolworths Supermarket,Pantry,Macro Organic Quinoa Tri Colour 500g,717631,$7.00,$1.40 / 100G,https://www.woolworths.com.au/shop/productdetails/717631/macro-organic-quinoa-tri-colour,https://cdn0.woolworths.media/content/wowproductimages/medium/717631.jpg,2020-09-21 17:27:05,Average product rating out of 5: 4.6. Product score is based on 274 ratings,274,Was $9.99 09/01/2017,True
198a9d61-f42a-450c-85d4-9cc27e048dc6,Woolworths Supermarket,Pantry,Bertolli Extra Virgin Olive Oil Originale 750ml,502951,$6.50,$0.87 / 100ML,https://www.woolworths.com.au/shop/productdetails/502951/bertolli-extra-virgin-olive-oil-originale,https://cdn0.woolworths.media/content/wowproductimages/medium/502951.jpg,2020-09-21 17:27:05,,0,,True
d181e9e1-74e2-4dc7-8074-4f442844f3d6,Woolworths Supermarket,Pantry,Vege Chips Chicken Style 100g,793382,$3.80,$3.80 / 100G,https://www.woolworths.com.au/shop/productdetails/793382/vege-chips-chicken-style,https://cdn0.woolworths.media/content/wowproductimages/medium/793382.jpg,2020-09-21 17:27:05,Average product rating out of 5: 4.7. Product score is based on 20 ratings,20,,True
369ea53a-7725-454d-ae96-01791822cb19,Woolworths Supermarket,Pantry,Sanitarium Weet-bix Breakfast Cereal 1.2kg,200695,$5.00,$0.42 / 100G,https://www.woolworths.com.au/shop/productdetails/200695/sanitarium-weet-bix-breakfast-cereal,https://cdn0.woolworths.media/content/wowproductimages/medium/200695.jpg,2020-09-21 17:27:05,,0,,True
c1711558-3fad-4412-823a-b989fbdb4d60,Woolworths Supermarket,Pantry,Continental Cup A Soup Creamy Chicken With Lots Of Noodles 2 pack,026649,$2.00,$3.33 / 100G,https://www.woolworths.com.au/shop/productdetails/26649/continental-cup-a-soup-creamy-chicken-with-lots-of-noodles,https://cdn0.woolworths.media/content/wowproductimages/medium/026649.jpg,2020-09-21 17:27:05,,0,,True
62a2a5c2-f2a1-4766-b667-ee329f3cdc7c,Woolworths Supermarket,Pantry,Queen Organic Vanilla Bean Paste 65g,225399,$11.80,$18.15 / 100G,https://www.woolworths.com.au/shop/productdetails/225399/queen-organic-vanilla-bean-paste,https://cdn0.woolworths.media/content/wowproductimages/medium/225399.jpg,2020-09-21 17:27:05,,0,,True
aef97d55-ea73-4e9e-ba64-fb29f9fe3de1,Woolworths Supermarket,Pantry,Mckenzie's Himalayan Salt Rock Pink 400g,749926,$5.95,$0.15 / 10G,https://www.woolworths.com.au/shop/productdetails/749926/mckenzie-s-himalayan-salt-rock-pink,https://cdn0.woolworths.media/content/wowproductimages/medium/749926.jpg,2020-09-21 17:27:05,,0,,True
ad23bafd-6b1e-4816-92e7-35d870889c5a,Woolworths Supermarket,Pantry,Arnott's Monte Carlo 250g,036031,$3.00,$1.20 / 100G,https://www.woolworths.com.au/shop/productdetails/36031/arnott-s-monte-carlo,https://cdn0.woolworths.media/content/wowproductimages/medium/036031.jpg,2020-09-21 17:27:05,,0,,True
03556cef-3240-4db5-889c-173b8f0a76c0,Woolworths Supermarket,Pantry,Woolworths Walnuts Kernel 500g,749540,$11.00,$22.00 / 1KG,https://www.woolworths.com.au/shop/productdetails/749540/woolworths-walnuts-kernel,https://cdn0.woolworths.media/content/wowproductimages/medium/749540.jpg,2020-09-21 17:27:05,Average product rating out of 5: 4.8. Product score is based on 360 ratings,360,,True
92dd54a1-19bf-4d6c-bb67-7af71881f7b2,Woolworths Supermarket,Pantry,Nescafe Blend 43 Soluble Instant Coffee 500g,035694,$20.00,$4.00 / 100G,https://www.woolworths.com.au/shop/productdetails/35694/nescafe-blend-43-soluble-instant-coffee,https://cdn0.woolworths.media/content/wowproductimages/medium/035694.jpg,2020-09-21 17:27:05,,0,,True
f7c81f01-9098-4cf7-ba83-e3a9b97df081,Woolworths Supermarket,Pantry,Cobram Estate Extra Virgin Light Olive Oil 750ml,345955,$15.00,$2.00 / 100ML,https://www.woolworths.com.au/shop/productdetails/345955/cobram-estate-extra-virgin-light-olive-oil,https://cdn0.woolworths.media/content/wowproductimages/medium/345955.jpg,2020-09-21 17:27:05,,0,,True
26ca1648-8dca-43c9-9fce-27e41ff59694,Woolworths Supermarket,Pantry,Beechworth Pure Honey 1.5kg,250371,$22.00,$1.47 / 100G,https://www.woolworths.com.au/shop/productdetails/250371/beechworth-pure-honey,https://cdn0.woolworths.media/content/wowproductimages/medium/250371.jpg,2020-09-21 17:27:05,,0,,True
b8a40ab6-1aa4-4f53-ac7b-dd25604fc10a,Woolworths Supermarket,Pantry,Macro Pistachio Kernels 250g,334872,$15.50,$62.00 / 1KG,https://www.woolworths.com.au/shop/productdetails/334872/macro-pistachio-kernels,https://cdn0.woolworths.media/content/wowproductimages/medium/334872.jpg,2020-09-21 17:27:05,Average product rating out of 5: 4.5. Product score is based on 8 ratings,8,,True
b408a65f-5114-41e0-a782-1e7f8b39f427,Woolworths Supermarket,Pantry,Macro Seeds Nibble Mix Roasted 500g,334875,$8.00,$16.00 / 1KG,https://www.woolworths.com.au/shop/productdetails/334875/macro-seeds-nibble-mix-roasted,https://cdn0.woolworths.media/content/wowproductimages/medium/334875.jpg,2020-09-21 17:27:05,Average product rating out of 5: 4.4. Product score is based on 475 ratings,475,,True
8a9b8e90-d9d3-4cbc-a3f7-a50c9a8a7729,Woolworths Supermarket,Pantry,Macro Natural Raw Nuts Mix 500g,334879,$13.00,$26.00 / 1KG,https://www.woolworths.com.au/shop/productdetails/334879/macro-natural-raw-nuts-mix,https://cdn0.woolworths.media/content/wowproductimages/medium/334879.jpg,2020-09-21 17:27:05,Average product rating out of 5: 4.4. Product score is based on 427 ratings,427,,True
f73a2f64-2030-422c-9195-bccb35bd3aa6,Woolworths Supermarket,Pantry,Macro Raw Nibble Mix 500g,334881,$7.00,$14.00 / 1KG,https://www.woolworths.com.au/shop/productdetails/334881/macro-raw-nibble-mix,https://cdn0.woolworths.media/content/wowproductimages/medium/334881.jpg,2020-09-21 17:27:05,Average product rating out of 5: 4.4. Product score is based on 194 ratings,194,,True
09c7e36a-674e-43de-aaab-4cbc34a8932b,Woolworths Supermarket,Pantry,Macro Organic Raw Macadamia Nuts 250g,334884,$14.80,$59.20 / 1KG,https://www.woolworths.com.au/shop/productdetails/334884/macro-organic-raw-macadamia-nuts,https://cdn0.woolworths.media/content/wowproductimages/medium/334884.jpg,2020-09-21 17:27:05,,0,,True
d530eba4-638e-4fbc-bbe0-0c3f1107966c,Woolworths Supermarket,Pantry,Macro Almond Meal 400g,334885,$9.00,$22.50 / 1KG,https://www.woolworths.com.au/shop/productdetails/334885/macro-almond-meal,https://cdn0.woolworths.media/content/wowproductimages/medium/334885.jpg,2020-09-21 17:27:05,Average product rating out of 5: 4.7. Product score is based on 87 ratings,87,,True
23222d65-7d3f-403a-8f58-a5827bca25ba,Woolworths Supermarket,Pantry,Macro Organic Quinoa 500g,335073,$7.00,$1.40 / 100G,https://www.woolworths.com.au/shop/productdetails/335073/macro-organic-quinoa,https://cdn0.woolworths.media/content/wowproductimages/medium/335073.jpg,2020-09-21 17:27:05,Average product rating out of 5: 4.5. Product score is based on 13 ratings,13,Was $8.00 09/01/2017,True
d066e916-730f-4fbf-a2ea-f5c3c65fbbc9,Woolworths Supermarket,Pantry,Macro Organic Buckwheat Raw 500g,335080,$3.50,$0.70 / 100G,https://www.woolworths.com.au/shop/productdetails/335080/macro-organic-buckwheat-raw,https://cdn0.woolworths.media/content/wowproductimages/medium/335080.jpg,2020-09-21 17:27:05,Average product rating out of 5: 4.0. Product score is based on 106 ratings,106,,True
cd4b339e-9e97-4264-a5b0-4a1b25808be7,Woolworths Supermarket,Pantry,Macro Organic Sultanas 500g,335086,$5.40,$10.80 / 1KG,https://www.woolworths.com.au/shop/productdetails/335086/macro-organic-sultanas,https://cdn0.woolworths.media/content/wowproductimages/medium/335086.jpg,2020-09-21 17:27:05,Average product rating out of 5: 4.2. Product score is based on 403 ratings,403,,True
37774766-2e82-4dcb-849c-121c1d4deda4,Woolworths Supermarket,Pantry,Macro Organic Fruit Shredded Coconut 200g,335088,$3.80,$19.00 / 1KG,https://www.woolworths.com.au/shop/productdetails/335088/macro-organic-fruit-shredded-coconut,https://cdn0.woolworths.media/content/wowproductimages/medium/335088.jpg,2020-09-21 17:27:05,Average product rating out of 5: 4.5. Product score is based on 365 ratings,365,,True
9e4981f5-9a9c-4e01-801d-39b280bb9e22,Woolworths Supermarket,Pantry,Macro Organic Flour White Spelt 750g,335400,$7.50,$10.00 / 1KG,https://www.woolworths.com.au/shop/productdetails/335400/macro-organic-flour-white-spelt,https://cdn0.woolworths.media/content/wowproductimages/medium/335400.jpg,2020-09-21 17:27:05,Average product rating out of 5: 4.3. Product score is based on 382 ratings,382,,True
30d8b4b9-7095-4d0d-8f50-b3206f8d4d03,Woolworths Supermarket,Pantry,Macro Organic Flour Wholemeal Spelt 750g,335402,$7.50,$10.00 / 1KG,https://www.woolworths.com.au/shop/productdetails/335402/macro-organic-flour-wholemeal-spelt,https://cdn0.woolworths.media/content/wowproductimages/medium/335402.jpg,2020-09-21 17:27:05,Average product rating out of 5: 4.2. Product score is based on 364 ratings,364,,True
f10c7c7c-f390-48ce-8bb6-004156efef0e,Woolworths Supermarket,Pantry,Green's Cake Mix Chocolate Mud 530g,335575,$3.20,$0.60 / 100G,https://www.woolworths.com.au/shop/productdetails/335575/green-s-cake-mix-chocolate-mud,https://cdn0.woolworths.media/content/wowproductimages/medium/335575.jpg,2020-09-21 17:27:05,,0,,True
c6d4dda6-8288-4401-9994-d1d6fb2e5a0c,Woolworths Supermarket,Pantry,Old El Paso Mexican Family Tortillas 16pk 640g,335845,$6.00,$0.94 / 100G,https://www.woolworths.com.au/shop/productdetails/335845/old-el-paso-mexican-family-tortillas,https://cdn0.woolworths.media/content/wowproductimages/medium/335845.jpg,2020-09-21 17:27:05,,0,,True
f3762ba3-04e8-4522-b904-6dd3b3b5b4b5,Woolworths Supermarket,Pantry,Csr White Sugar Sticks 50pk 150g,335935,$2.75,$1.83 / 100G,https://www.woolworths.com.au/shop/productdetails/335935/csr-white-sugar-sticks,https://cdn0.woolworths.media/content/wowproductimages/medium/335935.jpg,2020-09-21 17:27:05,,0,,True
b6cbe3ce-5b6f-44f0-a362-b20fa53f09d6,Woolworths Supermarket,Pantry,Csr White Sugar 500g,335936,$1.55,$0.31 / 100G,https://www.woolworths.com.au/shop/productdetails/335936/csr-white-sugar,https://cdn0.woolworths.media/content/wowproductimages/medium/335936.jpg,2020-09-21 17:27:05,,0,,True
0651aa48-1a85-48a9-aadd-d148230d8c26,Woolworths Supermarket,Pantry,Fehlbergs Onions Pickled Chilli 500g,336007,$4.80,$9.60 / 1KG,https://www.woolworths.com.au/shop/productdetails/336007/fehlbergs-onions-pickled-chilli,https://cdn0.woolworths.media/content/wowproductimages/medium/336007.jpg,2020-09-21 17:27:05,,0,,True
4e777c11-fc04-49e6-8dc8-e772d0fb1e68,Woolworths Supermarket,Pantry,Morning Sun Muesli Natural Style 97% Fat Free 650g,336406,$3.50,$0.54 / 100G,https://www.woolworths.com.au/shop/productdetails/336406/morning-sun-muesli-natural-style-97-fat-free,https://cdn0.woolworths.media/content/wowproductimages/medium/336406.jpg,2020-09-21 17:27:05,,0,,True
8fa28863-b73b-4149-a009-146c31e94e04,Woolworths Supermarket,Pantry,Morning Sun Muesli Natural Style Apricot & Almond 650g,336408,$3.50,$0.54 / 100G,https://www.woolworths.com.au/shop/productdetails/336408/morning-sun-muesli-natural-style-apricot-almond,https://cdn0.woolworths.media/content/wowproductimages/medium/336408.jpg,2020-09-21 17:27:05,,0,,True
f7e23c83-8752-4485-affc-71736d7a40ee,Woolworths Supermarket,Pantry,Kellogg's Lcms Choc Chip Cereal Snack Bars 15 pack,336769,$7.00,$2.12 / 100G,https://www.woolworths.com.au/shop/productdetails/336769/kellogg-s-lcms-choc-chip-cereal-snack-bars,https://cdn0.woolworths.media/content/wowproductimages/medium/336769.jpg,2020-09-21 17:27:05,,0,Was $8.00 09/10/2016,True
d2d43a42-96b1-4941-bbcd-d9f57242787d,Woolworths Supermarket,Pantry,Kellogg's Lcms Kaleidos Snack Bars 15 pack,336772,$7.00,$2.12 / 100G,https://www.woolworths.com.au/shop/productdetails/336772/kellogg-s-lcms-kaleidos-snack-bars,https://cdn0.woolworths.media/content/wowproductimages/medium/336772.jpg,2020-09-21 17:27:05,,0,Was $8.00 09/10/2016,True
b18faa2d-9fb9-4242-b0f2-2cf63943d502,Woolworths Supermarket,Pantry,Heinz Chicken Shredded Mayo 85g,336795,$1.50,$17.65 / 1KG,https://www.woolworths.com.au/shop/productdetails/336795/heinz-chicken-shredded-mayo,https://cdn0.woolworths.media/content/wowproductimages/medium/336795.jpg,2020-09-21 17:27:05,,0,Was $1.99 28/08/2017,True
863309bc-dd4d-41df-85e2-0e0171eec04b,Woolworths Supermarket,Pantry,Heinz Chicken Shredded Sweet Chilli 85g,336803,$1.50,$17.65 / 1KG,https://www.woolworths.com.au/shop/productdetails/336803/heinz-chicken-shredded-sweet-chilli,https://cdn0.woolworths.media/content/wowproductimages/medium/336803.jpg,2020-09-21 17:27:05,,0,Was $1.99 28/08/2017,True
460cf73e-bbeb-4eb5-aff6-729c995ed3b0,Woolworths Supermarket,Pantry,Smith's Share Pack Thinly Cut Original 175g,339134,$2.00,$1.14 / 100G,https://www.woolworths.com.au/shop/productdetails/339134/smith-s-share-pack-thinly-cut-original,https://cdn0.woolworths.media/content/wowproductimages/medium/339134.jpg,2020-09-21 17:27:05,,0,Was $3.29 10/10/16,True
ffbfa04f-6d8a-466d-b7f4-a57182f4a1dd,Woolworths Supermarket,Pantry,Arnott's Shapes Chicken Crimpy 175g,384245,$2.50,$1.43 / 100G,https://www.woolworths.com.au/shop/productdetails/384245/arnott-s-shapes-chicken-crimpy,https://cdn0.woolworths.media/content/wowproductimages/medium/384245.jpg,2020-09-21 17:27:05,,0,,True
db3704dd-fa38-47c7-a700-6b6e4d1bdc46,Woolworths Supermarket,Pantry,Cadbury Dairy Milk Chocolate Fair Trade 350g,757883,$5.00,$1.43 / 100G,https://www.woolworths.com.au/shop/productdetails/757883/cadbury-dairy-milk-chocolate-fair-trade,https://cdn0.woolworths.media/content/wowproductimages/medium/757883.jpg,2020-09-21 17:27:05,,0,Was $6.30 16/01/2017,True
f241a6b9-6ae4-4ae8-95b7-5ebd2d91e85f,Woolworths Supermarket,Pantry,Masterfoods Barbecue Sauce 500ml,099696,$2.50,$0.50 / 100ML,https://www.woolworths.com.au/shop/productdetails/99696/masterfoods-barbecue-sauce,https://cdn0.woolworths.media/content/wowproductimages/medium/099696.jpg,2020-09-21 17:27:05,,0,,True
078e5896-8951-4072-8547-53b1be3a1073,Woolworths Supermarket,Pantry,Mckenzie's Himalayan Salt Rock Pink 400g,749926,$5.95,$0.15 / 10G,https://www.woolworths.com.au/shop/productdetails/749926/mckenzie-s-himalayan-salt-rock-pink,https://cdn0.woolworths.media/content/wowproductimages/medium/749926.jpg,2020-09-21 17:27:05,,0,,True
9af0f342-d902-4685-b353-29422a1e3bbb,Woolworths Supermarket,Pantry,Woolworths Diced Italian Tomatoes No Added Salt 400g,770320,$0.80,$2.00 / 1KG,https://www.woolworths.com.au/shop/productdetails/770320/woolworths-diced-italian-tomatoes-no-added-salt,https://cdn0.woolworths.media/content/wowproductimages/medium/770320.jpg,2020-09-21 17:27:05,Average product rating out of 5: 4.7. Product score is based on 311 ratings,311,,True
6f8fa8b1-0f49-459e-b2a7-409d86750bb1,Woolworths Supermarket,Pantry,Macro Organic Quinoa Tri Colour 500g,717631,$7.00,$1.40 / 100G,https://www.woolworths.com.au/shop/productdetails/717631/macro-organic-quinoa-tri-colour,https://cdn0.woolworths.media/content/wowproductimages/medium/717631.jpg,2020-09-21 17:27:05,Average product rating out of 5: 4.6. Product score is based on 274 ratings,274,Was $9.99 09/01/2017,True
8cd79e99-d54a-401d-a8b8-b1071dd44529,Woolworths Supermarket,Pantry,Woolworths Rolled Traditional Oats 750g,321220,$1.40,$0.19 / 100G,https://www.woolworths.com.au/shop/productdetails/321220/woolworths-rolled-traditional-oats,https://cdn0.woolworths.media/content/wowproductimages/medium/321220.jpg,2020-09-21 17:27:05,Average product rating out of 5: 4.6. Product score is based on 748 ratings,748,,True
10592533-5dce-4f7d-9b95-10ce77c9c4cd,Woolworths Supermarket,Pantry,Ardmona Tomatoes Diced No Added Salt 400g,226849,$1.40,$3.50 / 1KG,https://www.woolworths.com.au/shop/productdetails/226849/ardmona-tomatoes-diced-no-added-salt,https://cdn0.woolworths.media/content/wowproductimages/medium/226849.jpg,2020-09-21 17:27:05,,0,,True
483d4a06-9806-4185-9fc6-5a354e079cac,Woolworths Supermarket,Pantry,Continental Cup A Soup Creamy Chicken With Lots Of Noodles 2 pack,026649,$2.00,$3.33 / 100G,https://www.woolworths.com.au/shop/productdetails/26649/continental-cup-a-soup-creamy-chicken-with-lots-of-noodles,https://cdn0.woolworths.media/content/wowproductimages/medium/026649.jpg,2020-09-21 17:27:05,,0,,True
e52d33df-c5f9-4cee-8545-cec3cb126a93,Woolworths Supermarket,Pantry,Cadbury Fry's Turkish Delight 55g bar,098390,$1.00,$1.82 / 100G,https://www.woolworths.com.au/shop/productdetails/98390/cadbury-fry-s-turkish-delight,https://cdn0.woolworths.media/content/wowproductimages/medium/098390.jpg,2020-09-21 17:27:05,,0,,True
d93c7945-1196-4704-b514-175d73a32835,Woolworths Supermarket,Pantry,Ritz Crackers Original 300g,660562,$2.50,$0.83 / 100G,https://www.woolworths.com.au/shop/productdetails/660562/ritz-crackers-original,https://cdn0.woolworths.media/content/wowproductimages/medium/660562.jpg,2020-09-21 17:27:05,,0,,True
db8c4819-1b69-49d5-a511-451bf342e400,Woolworths Supermarket,Pantry,Arnott's Monte Carlo 250g,036031,$3.00,$1.20 / 100G,https://www.woolworths.com.au/shop/productdetails/36031/arnott-s-monte-carlo,https://cdn0.woolworths.media/content/wowproductimages/medium/036031.jpg,2020-09-21 17:27:05,,0,,True
67961f3b-a3ae-4092-b923-800df59f9b48,Woolworths Supermarket,Pantry,Essentials Pasta Penne 500g,188800,$0.80,$0.16 / 100G,https://www.woolworths.com.au/shop/productdetails/188800/essentials-pasta-penne,https://cdn0.woolworths.media/content/wowproductimages/medium/188800.jpg,2020-09-21 17:27:05,,0,,True
ac839f84-f756-48f2-a039-30979107a20a,Woolworths Supermarket,Pantry,Heinz Canned Soup Big Red Tomato 420g,034331,$2.20,$0.52 / 100G,https://www.woolworths.com.au/shop/productdetails/34331/heinz-canned-soup-big-red-tomato,https://cdn0.woolworths.media/content/wowproductimages/medium/034331.jpg,2020-09-21 17:27:05,,0,,True
c1273fff-2e6d-48c4-abf0-bef7e730737d,Woolworths Supermarket,Pantry,Mckenzie's Rice Flour 375g,094275,$1.50,$4.00 / 1KG,https://www.woolworths.com.au/shop/productdetails/94275/mckenzie-s-rice-flour,https://cdn0.woolworths.media/content/wowproductimages/medium/094275.jpg,2020-09-21 17:27:05,,0,,True
4cbeebfc-6217-4a9d-9775-d32b6d687d44,Woolworths Supermarket,Pantry,Essentials Raw Sugar 2kg,018174,$2.10,$0.11 / 100G,https://www.woolworths.com.au/shop/productdetails/18174/essentials-raw-sugar,https://cdn0.woolworths.media/content/wowproductimages/medium/018174.jpg,2020-09-21 17:27:05,,0,,True
6d14f2bc-a915-4b6d-bcbb-83d7a35485eb,Woolworths Supermarket,Pantry,Fantastic Rice Crackers Original 100g,035231,$1.50,$1.50 / 100G,https://www.woolworths.com.au/shop/productdetails/35231/fantastic-rice-crackers-original,https://cdn0.woolworths.media/content/wowproductimages/medium/035231.jpg,2020-09-21 17:27:05,,0,,True
374f6a61-8207-4e43-82da-2e6bcfc4a2ac,Woolworths Supermarket,Pantry,Indomie Mi Goreng Instant Noodles 5pk 425g,177972,$2.75,$0.65 / 100G,https://www.woolworths.com.au/shop/productdetails/177972/indomie-mi-goreng-instant-noodles,https://cdn0.woolworths.media/content/wowproductimages/medium/177972.jpg,2020-09-21 17:27:05,,0,,True
1d5f04b4-eb35-4dc2-9638-0c1fb106b3fe,Woolworths Supermarket,Pantry,Sunbites Grain Waves Sour Cream & Chives 170g,082361,$3.50,$2.06 / 100G,https://www.woolworths.com.au/shop/productdetails/82361/sunbites-grain-waves-sour-cream-chives,https://cdn0.woolworths.media/content/wowproductimages/medium/082361.jpg,2020-09-21 17:27:05,,0,,True
367e4d8f-67ac-43b5-a691-dd8672970d77,Woolworths Supermarket,Pantry,Sunbites Grain Waves Sour Cream & Chives 5 pack,720220,$3.10,$2.82 / 100G,https://www.woolworths.com.au/shop/productdetails/720220/sunbites-grain-waves-sour-cream-chives,https://cdn0.woolworths.media/content/wowproductimages/medium/720220.jpg,2020-09-21 17:27:05,,0,2 for $5.00,True
101589cf-9b81-49aa-b8a3-3feaf4ee4992,Woolworths Supermarket,Pantry,Smith's Share Pack Thinly Cut Salt & Vinegar 175g,339137,$2.00,$1.14 / 100G,https://www.woolworths.com.au/shop/productdetails/339137/smith-s-share-pack-thinly-cut-salt-vinegar,https://cdn0.woolworths.media/content/wowproductimages/medium/339137.jpg,2020-09-21 17:27:05,,0,Was $3.29 10/10/16,True
56e3e2c9-d4e0-4e23-93bc-5b220f7719b9,Woolworths Supermarket,Pantry,Mission Naan Bread Plain 4pk 280g,339435,$3.80,$1.36 / 100G,https://www.woolworths.com.au/shop/productdetails/339435/mission-naan-bread-plain,https://cdn0.woolworths.media/content/wowproductimages/medium/339435.jpg,2020-09-21 17:27:05,,0,,True
de8af380-c7fd-4b90-be8f-139ca5163d87,Woolworths Supermarket,Pantry,Mission Naan Bread Garlic & Herb 4 pack,339439,$3.80,$1.36 / 100G,https://www.woolworths.com.au/shop/productdetails/339439/mission-naan-bread-garlic-herb,https://cdn0.woolworths.media/content/wowproductimages/medium/339439.jpg,2020-09-21 17:27:05,,0,,True
fa56d602-503d-45f1-9ff0-1c77f3a15cad,Woolworths Supermarket,Pantry,Mission Bread Chapattis Garlic 6pk 280g,339449,$3.00,$1.07 / 100G,https://www.woolworths.com.au/shop/productdetails/339449/mission-bread-chapattis-garlic,https://cdn0.woolworths.media/content/wowproductimages/medium/339449.jpg,2020-09-21 17:27:05,,0,,True
4320b6ef-e171-4063-bccc-4eeefdd7f37b,Woolworths Supermarket,Pantry,Fruit For Life Mango Dried 150g,340056,$6.00,$40.00 / 1KG,https://www.woolworths.com.au/shop/productdetails/340056/fruit-for-life-mango-dried,https://cdn0.woolworths.media/content/wowproductimages/medium/340056.jpg,2020-09-21 17:27:05,,0,,True
5fb5f015-520e-483b-8015-12c9c4c251a1,Woolworths Supermarket,Pantry,La Zuppa Microwave Soup Creamy Chicken & Vegetable 420g,340070,$3.50,$0.83 / 100G,https://www.woolworths.com.au/shop/productdetails/340070/la-zuppa-microwave-soup-creamy-chicken-vegetable,https://cdn0.woolworths.media/content/wowproductimages/medium/340070.jpg,2020-09-21 17:27:05,,0,Was $4.00 09/04/2018,True
85bea44e-ed04-4ffe-b115-05b0c746502c,Woolworths Supermarket,Pantry,Heinz Big N Chunky Canned Soup Pasta Bolognese 535g,340124,$2.50,$0.47 / 100G,https://www.woolworths.com.au/shop/productdetails/340124/heinz-big-n-chunky-canned-soup-pasta-bolognese,https://cdn0.woolworths.media/content/wowproductimages/medium/340124.jpg,2020-09-21 17:27:05,,0,Was $3.89 17/04/2017,True
24134170-0189-41ec-8642-c7efed68151f,Woolworths Supermarket,Pantry,Masterfoods Barbecue Sauce Smokey 500ml,340182,$2.00,$0.40 / 100ML,https://www.woolworths.com.au/shop/productdetails/340182/masterfoods-barbecue-sauce-smokey,https://cdn0.woolworths.media/content/wowproductimages/medium/340182.jpg,2020-09-21 17:27:05,,0,,True
f6d9dfd3-87c6-443e-9a68-2182ac09bb80,Woolworths Supermarket,Pantry,John West Tuna Tempter Chunky Springwater 95g,340411,$1.15,$12.11 / 1KG,https://www.woolworths.com.au/shop/productdetails/340411/john-west-tuna-tempter-chunky-springwater,https://cdn0.woolworths.media/content/wowproductimages/medium/340411.jpg,2020-09-21 17:27:05,,0,,True
19405048-8dc7-4580-8f1c-4262a6213b24,Woolworths Supermarket,Pantry,Sirena Tuna Basil Infused Oil 95g,340431,$2.70,$28.42 / 1KG,https://www.woolworths.com.au/shop/productdetails/340431/sirena-tuna-basil-infused-oil,https://cdn0.woolworths.media/content/wowproductimages/medium/340431.jpg,2020-09-21 17:27:05,,0,,True
cbb95cf0-784b-4d33-8397-deb9620b01f1,Woolworths Supermarket,Pantry,Safcol Salmon Atlantic Spring Water 95g,340443,$1.75,$18.42 / 1KG,https://www.woolworths.com.au/shop/productdetails/340443/safcol-salmon-atlantic-spring-water,https://cdn0.woolworths.media/content/wowproductimages/medium/340443.jpg,2020-09-21 17:27:05,,0,,True
778036df-f4ad-4e37-8114-daec94519d12,Woolworths Supermarket,Pantry,Safcol Salmon Tomato & Onion 95g,340444,$1.75,$18.42 / 1KG,https://www.woolworths.com.au/shop/productdetails/340444/safcol-salmon-tomato-onion,https://cdn0.woolworths.media/content/wowproductimages/medium/340444.jpg,2020-09-21 17:27:05,,0,,True
da0c2402-cef9-43ff-9f48-8832f26895d7,Woolworths Supermarket,Pantry,Woolworths Rosemary Wheaten Crackers Rosemary 170g,341124,$1.80,$1.06 / 100G,https://www.woolworths.com.au/shop/productdetails/341124/woolworths-rosemary-wheaten-crackers-rosemary,https://cdn0.woolworths.media/content/wowproductimages/medium/341124.jpg,2020-09-21 17:27:05,Average product rating out of 5: 4.5. Product score is based on 380 ratings,380,Was $2.00 12/05/2020,True
aad4fe2c-0e8f-42a3-8673-702ebc7c980d,Woolworths Supermarket,Pantry,Moccona Freeze Dried Instant Coffee Mocha Kenya Style 200g,341164,$10.00,$5.00 / 100G,https://www.woolworths.com.au/shop/productdetails/341164/moccona-freeze-dried-instant-coffee-mocha-kenya-style,https://cdn0.woolworths.media/content/wowproductimages/medium/341164.jpg,2020-09-21 17:27:05,,0,,True
d39b3c1c-b666-4799-afee-df8ab0acdc06,Woolworths Supermarket,Pantry,Moccona Freeze Dried Instant Coffee French Style 200g,341165,$10.00,$5.00 / 100G,https://www.woolworths.com.au/shop/productdetails/341165/moccona-freeze-dried-instant-coffee-french-style,https://cdn0.woolworths.media/content/wowproductimages/medium/341165.jpg,2020-09-21 17:27:05,,0,,True
27d99d02-7095-4005-b0b8-3fce1e18bd8e,Woolworths Supermarket,Pantry,Moccona Freeze Dried Instant Coffee Espresso Style 200g,341166,$10.00,$5.00 / 100G,https://www.woolworths.com.au/shop/productdetails/341166/moccona-freeze-dried-instant-coffee-espresso-style,https://cdn0.woolworths.media/content/wowproductimages/medium/341166.jpg,2020-09-21 17:27:05,,0,,True
a6f1cefe-d461-454a-9cf3-c092f0a4a765,Woolworths Supermarket,Pantry,Woolworths Great Start Bran & Sultanas 500g,341296,$3.30,$0.66 / 100G,https://www.woolworths.com.au/shop/productdetails/341296/woolworths-great-start-bran-sultanas,https://cdn0.woolworths.media/content/wowproductimages/medium/341296.jpg,2020-09-21 17:27:05,,0,,True
be3ee270-6bb1-4622-b809-ef408bbc920f,Woolworths Supermarket,Pantry,Beechworth Pure Squeezable Honey 500g,341985,$10.00,$2.00 / 100G,https://www.woolworths.com.au/shop/productdetails/341985/beechworth-pure-squeezable-honey,https://cdn0.woolworths.media/content/wowproductimages/medium/341985.jpg,2020-09-21 17:27:05,,0,,True
9115f297-f7bb-45ff-8d0c-4ccfe50e18d0,Woolworths Supermarket,Pantry,Capilano Original Squeezable Honey 375g,342395,$7.20,$1.92 / 100G,https://www.woolworths.com.au/shop/productdetails/342395/capilano-original-squeezable-honey,https://cdn0.woolworths.media/content/wowproductimages/medium/342395.jpg,2020-09-21 17:27:05,,0,,True
133680c8-8ff3-49dc-961d-9b012760f73b,Woolworths Supermarket,Pantry,Masterfoods Seasoning All Purpose 200g,342450,$5.70,$0.29 / 10G,https://www.woolworths.com.au/shop/productdetails/342450/masterfoods-seasoning-all-purpose,https://cdn0.woolworths.media/content/wowproductimages/medium/342450.jpg,2020-09-21 17:27:05,,0,,True
565f0f09-5ffd-49d7-95b4-9e9d865ff8d9,Woolworths Supermarket,Pantry,Ainsley Harriot Cous Cous Moroccan Medley 100g,342669,$1.90,$1.90 / 100G,https://www.woolworths.com.au/shop/productdetails/342669/ainsley-harriot-cous-cous-moroccan-medley,https://cdn0.woolworths.media/content/wowproductimages/medium/342669.jpg,2020-09-21 17:27:05,,0,,True
8d49100b-bc18-47e7-a60e-c74ec8f87f66,Woolworths Supermarket,Pantry,Ainsley Harriot Cous Cous Roasted Vegetable 100g,342678,$1.90,$1.90 / 100G,https://www.woolworths.com.au/shop/productdetails/342678/ainsley-harriot-cous-cous-roasted-vegetable,https://cdn0.woolworths.media/content/wowproductimages/medium/342678.jpg,2020-09-21 17:27:05,,0,,True
a8292880-9830-4137-838d-3f188e90721a,Woolworths Supermarket,Pantry,Woolworths Essentials Traditional Muesli 900g,343660,$2.50,$0.28 / 100G,https://www.woolworths.com.au/shop/productdetails/343660/woolworths-essentials-traditional-muesli,https://cdn0.woolworths.media/content/wowproductimages/medium/343660.jpg,2020-09-21 17:27:05,Average product rating out of 5: 3.6. Product score is based on 576 ratings,576,,True
817a7bf4-9e5d-4dc6-8b9a-652f68c8dad3,Woolworths Supermarket,Pantry,Walkers Shortbread Pure Butter 190g,343799,$3.00,$1.58 / 100G,https://www.woolworths.com.au/shop/productdetails/343799/walkers-shortbread-pure-butter,https://cdn0.woolworths.media/content/wowproductimages/medium/343799.jpg,2020-09-21 17:27:05,,0,,True
c2711cb7-c876-4cae-be79-6052f81b7976,Woolworths Supermarket,Pantry,Sunbites Grain Waves Sour Cream & Chives 5 pack,720220,$3.10,$2.82 / 100G,https://www.woolworths.com.au/shop/productdetails/720220/sunbites-grain-waves-sour-cream-chives,https://cdn0.woolworths.media/content/wowproductimages/medium/720220.jpg,2020-09-21 17:27:05,,0,2 for $5.00,True
fabd2760-14fa-4eaa-9696-1c3836917d7b,Woolworths Supermarket,Pantry,Woolworths Rolled Traditional Oats 750g,321220,$1.40,$0.19 / 100G,https://www.woolworths.com.au/shop/productdetails/321220/woolworths-rolled-traditional-oats,https://cdn0.woolworths.media/content/wowproductimages/medium/321220.jpg,2020-09-21 17:27:05,Average product rating out of 5: 4.6. Product score is based on 748 ratings,748,,True
d94b3dd1-4948-47d4-a3f7-b3c981e9d708,Woolworths Supermarket,Pantry,Cobram Estate Extra Virgin Light Olive Oil 750ml,345955,$15.00,$2.00 / 100ML,https://www.woolworths.com.au/shop/productdetails/345955/cobram-estate-extra-virgin-light-olive-oil,https://cdn0.woolworths.media/content/wowproductimages/medium/345955.jpg,2020-09-21 17:27:05,,0,,True
cb3694c2-0177-4139-9460-877470b3b394,Woolworths Supermarket,Pantry,Cadbury Dairy Milk Chocolate Fair Trade 350g,757883,$5.00,$1.43 / 100G,https://www.woolworths.com.au/shop/productdetails/757883/cadbury-dairy-milk-chocolate-fair-trade,https://cdn0.woolworths.media/content/wowproductimages/medium/757883.jpg,2020-09-21 17:27:05,,0,Was $6.30 16/01/2017,True
ded32cc8-02a3-47ee-960e-5dd5326be8d6,Woolworths Supermarket,Pantry,Vege Chips Chicken Style 100g,793382,$3.80,$3.80 / 100G,https://www.woolworths.com.au/shop/productdetails/793382/vege-chips-chicken-style,https://cdn0.woolworths.media/content/wowproductimages/medium/793382.jpg,2020-09-21 17:27:05,Average product rating out of 5: 4.7. Product score is based on 20 ratings,20,,True
ad252e2c-5ba5-463b-942a-13ea6bb35202,Woolworths Supermarket,Pantry,Beechworth Pure Honey 1.5kg,250371,$22.00,$1.47 / 100G,https://www.woolworths.com.au/shop/productdetails/250371/beechworth-pure-honey,https://cdn0.woolworths.media/content/wowproductimages/medium/250371.jpg,2020-09-21 17:27:05,,0,,True
854f961d-97fd-4e92-82e4-31932d3301c1,Woolworths Supermarket,Pantry,Macro Organic Quinoa Tri Colour 500g,717631,$7.00,$1.40 / 100G,https://www.woolworths.com.au/shop/productdetails/717631/macro-organic-quinoa-tri-colour,https://cdn0.woolworths.media/content/wowproductimages/medium/717631.jpg,2020-09-21 17:27:05,Average product rating out of 5: 4.6. Product score is based on 274 ratings,274,Was $9.99 09/01/2017,True
5e2ccc6d-ee9c-4bc1-9e3b-da8f62555f8f,Woolworths Supermarket,Pantry,Woolworths White Rice Long Grain 5kg,072779,$6.70,$0.13 / 100G,https://www.woolworths.com.au/shop/productdetails/72779/woolworths-white-rice-long-grain,https://cdn0.woolworths.media/content/wowproductimages/medium/072779.jpg,2020-09-21 17:27:05,Average product rating out of 5: 4.8. Product score is based on 14 ratings,14,,True
fcf9af23-780f-4706-9f5f-c6f48e54c9b1,Woolworths Supermarket,Pantry,Nescafe Blend 43 Soluble Instant Coffee 500g,035694,$20.00,$4.00 / 100G,https://www.woolworths.com.au/shop/productdetails/35694/nescafe-blend-43-soluble-instant-coffee,https://cdn0.woolworths.media/content/wowproductimages/medium/035694.jpg,2020-09-21 17:27:05,,0,,True
982bc38e-54b4-451f-bf16-8a0aa39228d7,Woolworths Supermarket,Pantry,Woolworths Walnuts Kernel 500g,749540,$11.00,$22.00 / 1KG,https://www.woolworths.com.au/shop/productdetails/749540/woolworths-walnuts-kernel,https://cdn0.woolworths.media/content/wowproductimages/medium/749540.jpg,2020-09-21 17:27:05,Average product rating out of 5: 4.8. Product score is based on 360 ratings,360,,True
92eb1c2c-35eb-4c0f-b25f-3f21bfcccc89,Woolworths Supermarket,Pantry,Queen Organic Vanilla Bean Paste 65g,225399,$11.80,$18.15 / 100G,https://www.woolworths.com.au/shop/productdetails/225399/queen-organic-vanilla-bean-paste,https://cdn0.woolworths.media/content/wowproductimages/medium/225399.jpg,2020-09-21 17:27:05,,0,,True
58ad1b4f-c8d4-48bc-ad79-060d73c6b28e,Woolworths Supermarket,Pantry,Moccona Freeze Dried Instant Coffee Classic Medium Roast 400g,208575,$24.00,$6.00 / 100G,https://www.woolworths.com.au/shop/productdetails/208575/moccona-freeze-dried-instant-coffee-classic-medium-roast,https://cdn0.woolworths.media/content/wowproductimages/medium/208575.jpg,2020-09-21 17:27:05,,0,,True
6f84d4ea-2b3c-4187-b3a7-3502d70c18ef,Woolworths Supermarket,Pantry,Continental Cup A Soup Creamy Chicken With Lots Of Noodles 2 pack,026649,$2.00,$3.33 / 100G,https://www.woolworths.com.au/shop/productdetails/26649/continental-cup-a-soup-creamy-chicken-with-lots-of-noodles,https://cdn0.woolworths.media/content/wowproductimages/medium/026649.jpg,2020-09-21 17:27:05,,0,,True
f7a0099a-3854-4974-9ed8-e8967a2c577b,Woolworths Supermarket,Pantry,Woolworths Diced Italian Tomatoes No Added Salt 400g,770320,$0.80,$2.00 / 1KG,https://www.woolworths.com.au/shop/productdetails/770320/woolworths-diced-italian-tomatoes-no-added-salt,https://cdn0.woolworths.media/content/wowproductimages/medium/770320.jpg,2020-09-21 17:27:05,Average product rating out of 5: 4.7. Product score is based on 311 ratings,311,,True
3ad02df7-c167-4013-a6e4-dfdb1a639fa0,Woolworths Supermarket,Pantry,Bertolli Extra Virgin Olive Oil Originale 750ml,502951,$6.50,$0.87 / 100ML,https://www.woolworths.com.au/shop/productdetails/502951/bertolli-extra-virgin-olive-oil-originale,https://cdn0.woolworths.media/content/wowproductimages/medium/502951.jpg,2020-09-21 17:27:05,,0,,True
1ea5d942-c3ac-4e6b-8b71-48772ee4c468,Woolworths Supermarket,Pantry,Arnott's Monte Carlo 250g,036031,$3.00,$1.20 / 100G,https://www.woolworths.com.au/shop/productdetails/36031/arnott-s-monte-carlo,https://cdn0.woolworths.media/content/wowproductimages/medium/036031.jpg,2020-09-21 17:27:05,,0,,True
b8fe97c9-5341-4488-bd0e-9156c0ca4570,Woolworths Supermarket,Pantry,Mckenzie's Himalayan Salt Rock Pink 400g,749926,$5.95,$0.15 / 10G,https://www.woolworths.com.au/shop/productdetails/749926/mckenzie-s-himalayan-salt-rock-pink,https://cdn0.woolworths.media/content/wowproductimages/medium/749926.jpg,2020-09-21 17:27:05,,0,,True
4231d218-e5e8-49ab-bcb0-4b0fbb977f54,Woolworths Supermarket,Pantry,Woolworths Almond Meal 400g,610610,$7.50,$18.75 / 1KG,https://www.woolworths.com.au/shop/productdetails/610610/woolworths-almond-meal,https://cdn0.woolworths.media/content/wowproductimages/medium/610610.jpg,2020-09-21 17:27:05,Average product rating out of 5: 4.6. Product score is based on 326 ratings,326,Was $9.00 22/07/2020,True
afff80ce-fb0f-409d-b031-b265b3f2aa0b,Woolworths Supermarket,Pantry,Sanitarium Weet-bix Breakfast Cereal 1.2kg,200695,$5.00,$0.42 / 100G,https://www.woolworths.com.au/shop/productdetails/200695/sanitarium-weet-bix-breakfast-cereal,https://cdn0.woolworths.media/content/wowproductimages/medium/200695.jpg,2020-09-21 17:27:05,,0,,True
4f1482d2-febe-4a75-931c-34b637f2a899,Woolworths Supermarket,Pantry,Ritz Crackers Original 300g,660562,$2.50,$0.83 / 100G,https://www.woolworths.com.au/shop/productdetails/660562/ritz-crackers-original,https://cdn0.woolworths.media/content/wowproductimages/medium/660562.jpg,2020-09-21 17:27:05,,0,,True
35790c45-30e3-41fc-b802-a8d2982b1ce8,Woolworths Supermarket,Pantry,Suimin Mi Goreng Noodle Cup 70g,343883,$1.50,$2.14 / 100G,https://www.woolworths.com.au/shop/productdetails/343883/suimin-mi-goreng-noodle-cup,https://cdn0.woolworths.media/content/wowproductimages/medium/343883.jpg,2020-09-21 17:27:05,,0,,True
d32a742c-0371-4932-aad0-4f19b3a2e014,Woolworths Supermarket,Pantry,Maggi 2 Minute Instant Noodles Chicken 5 pack,343890,$3.95,$1.10 / 100G,https://www.woolworths.com.au/shop/productdetails/343890/maggi-2-minute-instant-noodles-chicken,https://cdn0.woolworths.media/content/wowproductimages/medium/343890.jpg,2020-09-21 17:27:05,,0,,True
cfec1d81-64ad-46b8-a1e5-0f3ada667e62,Woolworths Supermarket,Pantry,Maggi 2 Minute Instant Beef Noodles 5 pack,343896,$3.95,$1.07 / 100G,https://www.woolworths.com.au/shop/productdetails/343896/maggi-2-minute-instant-beef-noodles,https://cdn0.woolworths.media/content/wowproductimages/medium/343896.jpg,2020-09-21 17:27:05,,0,,True
54ed7fa5-d03c-4fc6-a6ec-acfe51994e37,Woolworths Supermarket,Pantry,Maggi 2 Minute Instant Noodles Oriental 5 pack,343897,$3.95,$1.07 / 100G,https://www.woolworths.com.au/shop/productdetails/343897/maggi-2-minute-instant-noodles-oriental,https://cdn0.woolworths.media/content/wowproductimages/medium/343897.jpg,2020-09-21 17:27:05,,0,,True
910dc78d-b497-489d-92b1-ac2f50b37528,Woolworths Supermarket,Pantry,Maggi 2 Minute Instant Value Pack Noodles Beef 12 pack,343900,$8.00,$0.90 / 100G,https://www.woolworths.com.au/shop/productdetails/343900/maggi-2-minute-instant-value-pack-noodles-beef,https://cdn0.woolworths.media/content/wowproductimages/medium/343900.jpg,2020-09-21 17:27:05,,0,Was 9.00 25/07/2016,True
d5e16373-fec8-46b3-a60f-83fa566dae4e,Woolworths Supermarket,Pantry,Nice & Natural Chocolate Nut Bar Peanut & Almond 6 pack,343910,$3.00,$1.67 / 100G,https://www.woolworths.com.au/shop/productdetails/343910/nice-natural-chocolate-nut-bar-peanut-almond,https://cdn0.woolworths.media/content/wowproductimages/medium/343910.jpg,2020-09-21 17:27:05,,0,,True
46b3a053-7d14-4413-8aa9-1aa90be77644,Woolworths Supermarket,Pantry,Mutti Finely Chopped Tomatoes 400g,344550,$1.60,$4.00 / 1KG,https://www.woolworths.com.au/shop/productdetails/344550/mutti-finely-chopped-tomatoes,https://cdn0.woolworths.media/content/wowproductimages/medium/344550.jpg,2020-09-21 17:27:05,,0,,True
5dee1c67-8fa1-4ac0-a2a6-9f79f43a1f48,Woolworths Supermarket,Pantry,Obento Japanese Noodles Soba 180g,345112,$1.40,$0.78 / 100G,https://www.woolworths.com.au/shop/productdetails/345112/obento-japanese-noodles-soba,https://cdn0.woolworths.media/content/wowproductimages/medium/345112.jpg,2020-09-21 17:27:05,,0,,True
5a5b9de8-9975-42b2-8564-c5c6794a32c5,Woolworths Supermarket,Pantry,Obento Japanese Noodles Ramen 150g,345113,$1.40,$0.93 / 100G,https://www.woolworths.com.au/shop/productdetails/345113/obento-japanese-noodles-ramen,https://cdn0.woolworths.media/content/wowproductimages/medium/345113.jpg,2020-09-21 17:27:05,,0,,True
7ad5b55f-fe32-4086-9ef6-812095e19210,Woolworths Supermarket,Pantry,Smith's Multipack Original 6 pack,345300,$3.15,$2.76 / 100G,https://www.woolworths.com.au/shop/productdetails/345300/smith-s-multipack-original,https://cdn0.woolworths.media/content/wowproductimages/medium/345300.jpg,2020-09-21 17:27:05,,0,2 for $5.00,True
08b80005-ee3e-459b-8844-35a1f187c45d,Woolworths Supermarket,Pantry,Smith's Multipack Salt & Vinegar 6 pack,345301,$3.15,$2.76 / 100G,https://www.woolworths.com.au/shop/productdetails/345301/smith-s-multipack-salt-vinegar,https://cdn0.woolworths.media/content/wowproductimages/medium/345301.jpg,2020-09-21 17:27:05,,0,2 for $5.00,True
efba9eb6-ded6-4f8a-870e-5f25504b1d2d,Woolworths Supermarket,Pantry,Doritos Corn Chips Cheese Supreme 6 pack,345303,$3.15,$2.76 / 100G,https://www.woolworths.com.au/shop/productdetails/345303/doritos-corn-chips-cheese-supreme,https://cdn0.woolworths.media/content/wowproductimages/medium/345303.jpg,2020-09-21 17:27:05,,0,2 for $5.00,True
9a1cd476-bbf3-4597-bd4c-220436f78501,Woolworths Supermarket,Pantry,Cheetos Multipack Cheese & Bacon Balls 6 pack,345304,$3.15,$3.09 / 100G,https://www.woolworths.com.au/shop/productdetails/345304/cheetos-multipack-cheese-bacon-balls,https://cdn0.woolworths.media/content/wowproductimages/medium/345304.jpg,2020-09-21 17:27:05,,0,2 for $5.00,True
dbf0be43-510f-4808-90dd-64461fedd6e2,Woolworths Supermarket,Pantry,Twisties Multipack Cheese 6 pack,345305,$3.15,$2.76 / 100G,https://www.woolworths.com.au/shop/productdetails/345305/twisties-multipack-cheese,https://cdn0.woolworths.media/content/wowproductimages/medium/345305.jpg,2020-09-21 17:27:05,,0,2 for $5.00,True
90e29bff-6ddb-495c-8e0e-74283235b278,Woolworths Supermarket,Pantry,Edgell Peas Corn & Carrots Corn & Carrots 420g,345414,$2.00,$4.76 / 1KG,https://www.woolworths.com.au/shop/productdetails/345414/edgell-peas-corn-carrots-corn-carrots,https://cdn0.woolworths.media/content/wowproductimages/medium/345414.jpg,2020-09-21 17:27:05,,0,,True
659c0eeb-7e05-4d33-8c03-c5c3a0083b91,Woolworths Supermarket,Pantry,Nestle Chokito 55g bar,345592,$2.00,$3.64 / 100G,https://www.woolworths.com.au/shop/productdetails/345592/nestle-chokito,https://cdn0.woolworths.media/content/wowproductimages/medium/345592.jpg,2020-09-21 17:27:05,,0,,True
64abdb5d-e2ac-47a6-81bf-5f70e39f29f7,Woolworths Supermarket,Pantry,Masterfoods Chow Mein Recipe Base 175g,345631,$2.20,$1.26 / 100G,https://www.woolworths.com.au/shop/productdetails/345631/masterfoods-chow-mein-recipe-base,https://cdn0.woolworths.media/content/wowproductimages/medium/345631.jpg,2020-09-21 17:27:05,,0,3 for $6.00,True
96678df6-a625-4b55-b411-ad143b4a60a4,Woolworths Supermarket,Pantry,Masterfoods Devilled Sausages Recipe Base 175g,345633,$2.20,$1.26 / 100G,https://www.woolworths.com.au/shop/productdetails/345633/masterfoods-devilled-sausages-recipe-base,https://cdn0.woolworths.media/content/wowproductimages/medium/345633.jpg,2020-09-21 17:27:05,,0,3 for $6.00,True
8b70690a-da22-408c-a27d-4794b1f08c70,Woolworths Supermarket,Pantry,Masterfoods Satay Chicken Stir Fry Recipe Base 175g,345635,$2.20,$1.26 / 100G,https://www.woolworths.com.au/shop/productdetails/345635/masterfoods-satay-chicken-stir-fry-recipe-base,https://cdn0.woolworths.media/content/wowproductimages/medium/345635.jpg,2020-09-21 17:27:05,,0,3 for $6.00,True
777722c1-4a01-430e-b47a-4a29dd93ea16,Woolworths Supermarket,Pantry,Masterfoods Slow Cooker Garlic & Herb Lamb Shanks 175g,345636,$2.20,$1.26 / 100G,https://www.woolworths.com.au/shop/productdetails/345636/masterfoods-slow-cooker-garlic-herb-lamb-shanks,https://cdn0.woolworths.media/content/wowproductimages/medium/345636.jpg,2020-09-21 17:27:05,,0,3 for $6.00,True
4acfc3e7-72a0-4bb8-bd20-2b42bafd4abd,Woolworths Supermarket,Pantry,Continental Cook-in-bag Recipe Base Honey Bbq Chicken 45g,345655,$2.30,$5.11 / 100G,https://www.woolworths.com.au/shop/productdetails/345655/continental-cook-in-bag-recipe-base-honey-bbq-chicken,https://cdn0.woolworths.media/content/wowproductimages/medium/345655.jpg,2020-09-21 17:27:05,,0,Was $2.50 11/06/2018,True
f236601e-6cd8-4d9a-a7a4-e15c46ee7069,Woolworths Supermarket,Pantry,Golden Circle Corn Creamed 410g,345857,$1.70,$4.15 / 1KG,https://www.woolworths.com.au/shop/productdetails/345857/golden-circle-corn-creamed,https://cdn0.woolworths.media/content/wowproductimages/medium/345857.jpg,2020-09-21 17:27:05,,0,,True
bf0974b5-0b7e-47e0-8241-f95a4645a010,Woolworths Supermarket,Pantry,Golden Circle Peas Green 410g,345861,$1.80,$4.39 / 1KG,https://www.woolworths.com.au/shop/productdetails/345861/golden-circle-peas-green,https://cdn0.woolworths.media/content/wowproductimages/medium/345861.jpg,2020-09-21 17:27:05,,0,,True
face4a44-94fb-40f7-b500-35f4855f6aab,Woolworths Supermarket,Pantry,Golden Circle Corn Kernels 410g,345864,$1.70,$4.15 / 1KG,https://www.woolworths.com.au/shop/productdetails/345864/golden-circle-corn-kernels,https://cdn0.woolworths.media/content/wowproductimages/medium/345864.jpg,2020-09-21 17:27:05,,0,,True
80fcaa8a-110e-4c40-9d2a-a03dbc605897,Woolworths Supermarket,Pantry,Masterfoods Barbecue Sauce 500ml,099696,$2.50,$0.50 / 100ML,https://www.woolworths.com.au/shop/productdetails/99696/masterfoods-barbecue-sauce,https://cdn0.woolworths.media/content/wowproductimages/medium/099696.jpg,2020-09-21 17:27:05,,0,,True
5652da1c-5370-4a0b-a8fb-9c7fc46453a2,Woolworths Supermarket,Pantry,Doritos Share Pack Cheese Supreme 170g,826731,$2.75,$1.62 / 100G,https://www.woolworths.com.au/shop/productdetails/826731/doritos-share-pack-cheese-supreme,https://cdn0.woolworths.media/content/wowproductimages/medium/826731.jpg,2020-09-21 17:27:05,,0,,True
7177867c-7e5f-4dd4-b12e-bcc636b6880b,Woolworths Supermarket,Pantry,Arnott's Shortbread 250g,008838,$2.50,$1.00 / 100G,https://www.woolworths.com.au/shop/productdetails/8838/arnott-s-shortbread,https://cdn0.woolworths.media/content/wowproductimages/medium/008838.jpg,2020-09-21 17:27:05,,0,,True
abbf1b0c-e34a-4649-b238-edd04dc352b6,Woolworths Supermarket,Pantry,Twisties Cheese Chips 90g,081659,$2.00,$2.22 / 100G,https://www.woolworths.com.au/shop/productdetails/81659/twisties-cheese-chips,https://cdn0.woolworths.media/content/wowproductimages/medium/081659.jpg,2020-09-21 17:27:05,,0,,True
5535ce04-e93b-461c-8f78-8152abd7e2de,Woolworths Supermarket,Pantry,Bertolli Extra Virgin Olive Oil Originale 750ml,502951,$6.50,$0.87 / 100ML,https://www.woolworths.com.au/shop/productdetails/502951/bertolli-extra-virgin-olive-oil-originale,https://cdn0.woolworths.media/content/wowproductimages/medium/502951.jpg,2020-09-21 17:27:05,,0,,True
207d139a-8bfd-4c64-9c91-639faa8501d3,Woolworths Supermarket,Pantry,Valcom Canned Bamboo Shoots Sliced 225g,097730,$1.10,$4.89 / 1KG,https://www.woolworths.com.au/shop/productdetails/97730/valcom-canned-bamboo-shoots-sliced,https://cdn0.woolworths.media/content/wowproductimages/medium/097730.jpg,2020-09-21 17:27:05,,0,,True
a5ce03a3-96d5-45c5-b6e2-77c80e41782e,Woolworths Supermarket,Pantry,Kellogg's Nutri-grain Protein Breakfast Cereal 290g,701706,$4.95,$1.71 / 100G,https://www.woolworths.com.au/shop/productdetails/701706/kellogg-s-nutri-grain-protein-breakfast-cereal,https://cdn0.woolworths.media/content/wowproductimages/medium/701706.jpg,2020-09-21 17:27:05,,0,,True
bd6c0c29-c20d-4f1c-bee0-3f292cc5e50a,Woolworths Supermarket,Pantry,Arnott's Malt O' Milk 250g,036036,$2.50,$1.00 / 100G,https://www.woolworths.com.au/shop/productdetails/36036/arnott-s-malt-o-milk,https://cdn0.woolworths.media/content/wowproductimages/medium/036036.jpg,2020-09-21 17:27:05,,0,,True
8caf5415-91c9-491a-ba4e-750c5cc0097f,Woolworths Supermarket,Pantry,Smith's Share Pack Crinkle Cut Salt & Vinegar 170g,826738,$2.75,$1.62 / 100G,https://www.woolworths.com.au/shop/productdetails/826738/smith-s-share-pack-crinkle-cut-salt-vinegar,https://cdn0.woolworths.media/content/wowproductimages/medium/826738.jpg,2020-09-21 17:27:05,,0,,True
2e1055d0-d0b1-43d1-b56b-9200cd49e414,Woolworths Supermarket,Pantry,Arnott's Snack Right Sultana 250g,182697,$3.00,$1.20 / 100G,https://www.woolworths.com.au/shop/productdetails/182697/arnott-s-snack-right-sultana,https://cdn0.woolworths.media/content/wowproductimages/medium/182697.jpg,2020-09-21 17:27:05,,0,Was $4.20 11/02/2019,True
95f44bf6-4994-4f43-affd-0003d5886358,Woolworths Supermarket,Pantry,Toblerone Milk Chocolate Bar 50g,047011,$1.00,$2.00 / 100G,https://www.woolworths.com.au/shop/productdetails/47011/toblerone-milk-chocolate-bar,https://cdn0.woolworths.media/content/wowproductimages/medium/047011.jpg,2020-09-21 17:27:05,,0,,True
f7f4495f-d2c7-46b1-95c2-d513fb09ea25,Woolworths Supermarket,Pantry,Kooka's Country Cookies Lemon 200g,347837,$2.00,$1.00 / 100G,https://www.woolworths.com.au/shop/productdetails/347837/kooka-s-country-cookies-lemon,https://cdn0.woolworths.media/content/wowproductimages/medium/347837.jpg,2020-09-21 17:27:05,,0,,True
f12d7d13-80d3-45ef-b1c4-36f1f3b15fdd,Woolworths Supermarket,Pantry,Uncle Tobys Roll-ups Strawberry Fun Prints 6 pack,324231,$4.00,$4.26 / 100G,https://www.woolworths.com.au/shop/productdetails/324231/uncle-tobys-roll-ups-strawberry-fun-prints,https://cdn0.woolworths.media/content/wowproductimages/medium/324231.jpg,2020-09-21 17:27:05,,0,,True
800c9de5-41dd-4321-b6a4-59ce3c6b8a4e,Woolworths Supermarket,Pantry,Woolworths Corn Sweet Kernels 420g,218926,$1.00,$2.38 / 1KG,https://www.woolworths.com.au/shop/productdetails/218926/woolworths-corn-sweet-kernels,https://cdn0.woolworths.media/content/wowproductimages/medium/218926.jpg,2020-09-21 17:27:05,Average product rating out of 5: 4.1. Product score is based on 215 ratings,215,,True
a33ddc99-a576-47a3-8435-4d6ab86ed7d0,Woolworths Supermarket,Pantry,Moccona Freeze Dried Instant Coffee Classic Medium Roast 400g,208575,$24.00,$6.00 / 100G,https://www.woolworths.com.au/shop/productdetails/208575/moccona-freeze-dried-instant-coffee-classic-medium-roast,https://cdn0.woolworths.media/content/wowproductimages/medium/208575.jpg,2020-09-21 17:27:05,,0,,True
7ca004e1-7a4c-4452-847a-482c6fb44e36,Woolworths Supermarket,Pantry,Macro Organic Quinoa Tri Colour 500g,717631,$7.00,$1.40 / 100G,https://www.woolworths.com.au/shop/productdetails/717631/macro-organic-quinoa-tri-colour,https://cdn0.woolworths.media/content/wowproductimages/medium/717631.jpg,2020-09-21 17:27:05,Average product rating out of 5: 4.6. Product score is based on 274 ratings,274,Was $9.99 09/01/2017,True
cedccb5d-b95d-435d-b5f2-5176de234124,Woolworths Supermarket,Pantry,Arnott's Shapes Cheddar 175g,384244,$2.50,$1.43 / 100G,https://www.woolworths.com.au/shop/productdetails/384244/arnott-s-shapes-cheddar,https://cdn0.woolworths.media/content/wowproductimages/medium/384244.jpg,2020-09-21 17:27:05,,0,,True
563d5f46-9394-43c2-a9a6-dde3c668f587,Woolworths Supermarket,Pantry,Uncle Ben's Microwave Mexican Style Brown Rice 250g,727257,$3.00,$1.20 / 100G,https://www.woolworths.com.au/shop/productdetails/727257/uncle-ben-s-microwave-mexican-style-brown-rice,https://cdn0.woolworths.media/content/wowproductimages/medium/727257.jpg,2020-09-21 17:27:05,,0,,True
9aa15f7a-8585-415d-94b7-5a858e06933c,Woolworths Supermarket,Pantry,Pringles Sour Cream And Onion Chips 134g,479502,$2.50,$1.87 / 100G,https://www.woolworths.com.au/shop/productdetails/479502/pringles-sour-cream-and-onion-chips,https://cdn0.woolworths.media/content/wowproductimages/medium/479502.jpg,2020-09-21 17:27:05,,0,,True
92265468-5fac-4a11-90c6-05952919acab,Woolworths Supermarket,Pantry,Cobram Estate Extra Virgin Light Olive Oil 750ml,345955,$15.00,$2.00 / 100ML,https://www.woolworths.com.au/shop/productdetails/345955/cobram-estate-extra-virgin-light-olive-oil,https://cdn0.woolworths.media/content/wowproductimages/medium/345955.jpg,2020-09-21 17:27:05,,0,,True
941f1e90-2715-4698-92b1-dca1956b2ea1,Woolworths Supermarket,Pantry,Cobram Estate Extra Virgin Olive Oil Chilli Infused 250ml,345958,$6.50,$2.60 / 100ML,https://www.woolworths.com.au/shop/productdetails/345958/cobram-estate-extra-virgin-olive-oil-chilli-infused,https://cdn0.woolworths.media/content/wowproductimages/medium/345958.jpg,2020-09-21 17:27:05,,0,,True
67bfbdc7-588c-4481-9373-310cad58438e,Woolworths Supermarket,Pantry,Cobram Estate Extra Virgin Olive Oil Garlic Infused 250ml,345959,$6.50,$2.60 / 100ML,https://www.woolworths.com.au/shop/productdetails/345959/cobram-estate-extra-virgin-olive-oil-garlic-infused,https://cdn0.woolworths.media/content/wowproductimages/medium/345959.jpg,2020-09-21 17:27:05,,0,,True
973af4e5-46b6-4166-bb80-72b265587ca6,Woolworths Supermarket,Pantry,Gravox Finishing Sauce Cheese 165g,345992,$2.00,$1.21 / 100G,https://www.woolworths.com.au/shop/productdetails/345992/gravox-finishing-sauce-cheese,https://cdn0.woolworths.media/content/wowproductimages/medium/345992.jpg,2020-09-21 17:27:05,,0,Was $2.55 01/09/16,True
76daed79-b74d-4c13-988f-148e6d902972,Woolworths Supermarket,Pantry,Gravox Finishing Sauce Hollandaise 165g,345994,$2.00,$1.21 / 100G,https://www.woolworths.com.au/shop/productdetails/345994/gravox-finishing-sauce-hollandaise,https://cdn0.woolworths.media/content/wowproductimages/medium/345994.jpg,2020-09-21 17:27:05,,0,Was $2.55 01/09/16,True
78a7330a-99c0-4866-a97b-9125c26dfe56,Woolworths Supermarket,Pantry,Splenda Sweetener Sachets 100g,346058,$6.20,,https://www.woolworths.com.au/shop/productdetails/346058/splenda-sweetener-sachets,https://cdn0.woolworths.media/content/wowproductimages/medium/346058.jpg,2020-09-21 17:27:05,,0,,True
02440d7a-8ed1-45f2-a980-514ce4d69000,Woolworths Supermarket,Pantry,Nestle Butter-menthol Throat Lozenge Liquid Centre Honey & Lemon 10 pack,346085,$2.20,$0.22 / 1EA,https://www.woolworths.com.au/shop/productdetails/346085/nestle-butter-menthol-throat-lozenge-liquid-centre-honey-lemon,https://cdn0.woolworths.media/content/wowproductimages/medium/346085.jpg,2020-09-21 17:27:05,,0,,True
fbfaa1c0-f51b-44c4-b9be-e446a50d53da,Woolworths Supermarket,Pantry,Woolworths Chicken Mustard Mayo 85g,346122,$1.29,$15.18 / 1KG,https://www.woolworths.com.au/shop/productdetails/346122/woolworths-chicken-mustard-mayo,https://cdn0.woolworths.media/content/wowproductimages/medium/346122.jpg,2020-09-21 17:27:05,,0,,True
0d2efb3e-1df5-43e3-9fe5-f7809596c3b5,Woolworths Supermarket,Pantry,Woolworths Chicken Springwater 85g,346124,$1.29,$15.18 / 1KG,https://www.woolworths.com.au/shop/productdetails/346124/woolworths-chicken-springwater,https://cdn0.woolworths.media/content/wowproductimages/medium/346124.jpg,2020-09-21 17:27:05,,0,,True
32e5564a-f7c8-47ba-9bf0-ce4759982e88,Woolworths Supermarket,Pantry,Woolworths Chicken Mayonnaise 85g,346131,$1.29,$15.18 / 1KG,https://www.woolworths.com.au/shop/productdetails/346131/woolworths-chicken-mayonnaise,https://cdn0.woolworths.media/content/wowproductimages/medium/346131.jpg,2020-09-21 17:27:05,,0,,True
2350407a-f7c8-4eba-87f9-13d8e38aaa0e,Woolworths Supermarket,Pantry,Woolworths Chicken Sweet Chilli 85g,346132,$1.29,$15.18 / 1KG,https://www.woolworths.com.au/shop/productdetails/346132/woolworths-chicken-sweet-chilli,https://cdn0.woolworths.media/content/wowproductimages/medium/346132.jpg,2020-09-21 17:27:05,,0,,True
377fe346-0280-4c29-9270-53af9f75fe73,Woolworths Supermarket,Pantry,Woolworths Dressing Ranch 300ml,346206,$1.80,$0.60 / 100ML,https://www.woolworths.com.au/shop/productdetails/346206/woolworths-dressing-ranch,https://cdn0.woolworths.media/content/wowproductimages/medium/346206.jpg,2020-09-21 17:27:05,Average product rating out of 5: 3.8. Product score is based on 636 ratings,636,,True
e9574550-d6fe-4e5c-a96a-3123a56eaa96,Woolworths Supermarket,Pantry,Dolmio Extra Bolognese Tomato Pasta Sauce 785g,346661,$3.75,$0.48 / 100G,https://www.woolworths.com.au/shop/productdetails/346661/dolmio-extra-bolognese-tomato-pasta-sauce,https://cdn0.woolworths.media/content/wowproductimages/medium/346661.jpg,2020-09-21 17:27:05,,0,Was $4.50 25/03/2019,True
5b7b5812-1295-4c7b-9c62-789f75548774,Woolworths Supermarket,Pantry,Lindt Excellence Dark Chocolate A Touch Of Sea Salt 100g block,346722,$3.00,$3.00 / 100G,https://www.woolworths.com.au/shop/productdetails/346722/lindt-excellence-dark-chocolate-a-touch-of-sea-salt,https://cdn0.woolworths.media/content/wowproductimages/medium/346722.jpg,2020-09-21 17:27:05,,0,,True
ae17dfcf-5697-4e01-80f1-9db3f22737e3,Woolworths Supermarket,Pantry,Woolworths Pasta Spaghetti 500g,346830,$1.20,$0.24 / 100G,https://www.woolworths.com.au/shop/productdetails/346830/woolworths-pasta-spaghetti,https://cdn0.woolworths.media/content/wowproductimages/medium/346830.jpg,2020-09-21 17:27:05,Average product rating out of 5: 4.4. Product score is based on 725 ratings,725,,True
272c5db6-3e92-414a-a5cb-f200d0abf04a,Woolworths Supermarket,Pantry,Woolworths Pasta Penne Rigate 500g,346831,$1.20,$0.24 / 100G,https://www.woolworths.com.au/shop/productdetails/346831/woolworths-pasta-penne-rigate,https://cdn0.woolworths.media/content/wowproductimages/medium/346831.jpg,2020-09-21 17:27:05,Average product rating out of 5: 4.5. Product score is based on 1052 ratings,1052,,True
570cfdaa-d213-4625-91f8-437ca52490e9,Woolworths Supermarket,Pantry,Woolworths Pasta Spirals 500g,346833,$1.20,$0.24 / 100G,https://www.woolworths.com.au/shop/productdetails/346833/woolworths-pasta-spirals,https://cdn0.woolworths.media/content/wowproductimages/medium/346833.jpg,2020-09-21 17:27:05,Average product rating out of 5: 4.5. Product score is based on 376 ratings,376,,True
9f64fd6a-0352-480b-9c06-da2e2194d445,Woolworths Supermarket,Pantry,Woolworths Pasta Fettuccine 500g,346835,$1.20,$0.24 / 100G,https://www.woolworths.com.au/shop/productdetails/346835/woolworths-pasta-fettuccine,https://cdn0.woolworths.media/content/wowproductimages/medium/346835.jpg,2020-09-21 17:27:05,Average product rating out of 5: 4.7. Product score is based on 154 ratings,154,,True
67943f9f-51e8-4eed-b532-e2dc7bc15062,Woolworths Supermarket,Pantry,Woolworths Pasta Macaroni 500g,346837,$1.20,$0.24 / 100G,https://www.woolworths.com.au/shop/productdetails/346837/woolworths-pasta-macaroni,https://cdn0.woolworths.media/content/wowproductimages/medium/346837.jpg,2020-09-21 17:27:05,Average product rating out of 5: 4.8. Product score is based on 504 ratings,504,,True
dc287892-d59c-4278-9c9c-f0e04f835630,Woolworths Supermarket,Pantry,Woolworths Canola Cooking Spray 400g,346864,$1.85,$0.46 / 100G,https://www.woolworths.com.au/shop/productdetails/346864/woolworths-canola-cooking-spray,https://cdn0.woolworths.media/content/wowproductimages/medium/346864.jpg,2020-09-21 17:27:05,Average product rating out of 5: 4.5. Product score is based on 514 ratings,514,,True
b2fbb0fe-b22c-4e17-9e21-2895d5621a3e,Woolworths Supermarket,Pantry,Republica Organic Instant Coffee 100% Pure Decaffeinated 100g,346896,$11.00,$11.00 / 100G,https://www.woolworths.com.au/shop/productdetails/346896/republica-organic-instant-coffee-100-pure-decaffeinated,https://cdn0.woolworths.media/content/wowproductimages/medium/346896.jpg,2020-09-21 17:27:05,,0,,True
5e735180-fa37-4abb-825f-9a3d3c678e89,Woolworths Supermarket,Pantry,Woolworths Freeze Dried Coffee Original 100g,347032,$4.00,$4.00 / 100G,https://www.woolworths.com.au/shop/productdetails/347032/woolworths-freeze-dried-coffee-original,https://cdn0.woolworths.media/content/wowproductimages/medium/347032.jpg,2020-09-21 17:27:05,,0,,True
3568c410-5d0a-408a-aecf-509501519825,Woolworths Supermarket,Pantry,Woolworths Pecans Halves 400g pack,347076,$13.00,$32.50 / 1KG,https://www.woolworths.com.au/shop/productdetails/347076/woolworths-pecans-halves,https://cdn0.woolworths.media/content/wowproductimages/medium/347076.jpg,2020-09-21 17:27:05,,0,,True
9b775828-9091-4dbb-aa9b-8897dc8dd4fa,Woolworths Supermarket,Pantry,White Wings Cake Mix Rich Chocolate Cake 530g,347092,$4.00,$0.75 / 100G,https://www.woolworths.com.au/shop/productdetails/347092/white-wings-cake-mix-rich-chocolate-cake,https://cdn0.woolworths.media/content/wowproductimages/medium/347092.jpg,2020-09-21 17:27:05,,0,Was $5.00 31/10/16,True
0ff76aa8-2f69-475d-b57e-e0c75ea5e1e2,Woolworths Supermarket,Pantry,Arnott's Shapes Chicken Crimpy 175g,384245,$2.50,$1.43 / 100G,https://www.woolworths.com.au/shop/productdetails/384245/arnott-s-shapes-chicken-crimpy,https://cdn0.woolworths.media/content/wowproductimages/medium/384245.jpg,2020-09-21 17:27:05,,0,,True
d2ca380a-9b40-40b1-81a2-76d8434d0335,Woolworths Supermarket,Pantry,Woolworths Diced Italian Tomatoes No Added Salt 400g,770320,$0.80,$2.00 / 1KG,https://www.woolworths.com.au/shop/productdetails/770320/woolworths-diced-italian-tomatoes-no-added-salt,https://cdn0.woolworths.media/content/wowproductimages/medium/770320.jpg,2020-09-21 17:27:05,Average product rating out of 5: 4.7. Product score is based on 311 ratings,311,,True
abda6326-8160-45fb-8cb1-a3797d284b90,Woolworths Supermarket,Pantry,Indomie Mi Goreng Instant Noodles 5pk 425g,177972,$2.75,$0.65 / 100G,https://www.woolworths.com.au/shop/productdetails/177972/indomie-mi-goreng-instant-noodles,https://cdn0.woolworths.media/content/wowproductimages/medium/177972.jpg,2020-09-21 17:27:05,,0,,True
5b34d19d-fa1e-4f95-8741-57810f339071,Woolworths Supermarket,Pantry,Arnott's Monte Carlo 250g,036031,$3.00,$1.20 / 100G,https://www.woolworths.com.au/shop/productdetails/36031/arnott-s-monte-carlo,https://cdn0.woolworths.media/content/wowproductimages/medium/036031.jpg,2020-09-21 17:27:05,,0,,True
54b825ea-efca-43ea-afd7-d5a37803b256,Woolworths Supermarket,Pantry,Mckenzie's Himalayan Salt Rock Pink 400g,749926,$5.95,$0.15 / 10G,https://www.woolworths.com.au/shop/productdetails/749926/mckenzie-s-himalayan-salt-rock-pink,https://cdn0.woolworths.media/content/wowproductimages/medium/749926.jpg,2020-09-21 17:27:05,,0,,True
e27bb72b-757a-4a00-8242-e59eac384810,Woolworths Supermarket,Pantry,Essentials Pasta Penne 500g,188800,$0.80,$0.16 / 100G,https://www.woolworths.com.au/shop/productdetails/188800/essentials-pasta-penne,https://cdn0.woolworths.media/content/wowproductimages/medium/188800.jpg,2020-09-21 17:27:05,,0,,True
d0252ed7-8679-410b-95a3-16f17e51d37f,Woolworths Supermarket,Pantry,Essentials Raw Sugar 2kg,018174,$2.10,$0.11 / 100G,https://www.woolworths.com.au/shop/productdetails/18174/essentials-raw-sugar,https://cdn0.woolworths.media/content/wowproductimages/medium/018174.jpg,2020-09-21 17:27:05,,0,,True
3c9849ed-e629-4311-8b63-a0c473ea9b0e,Woolworths Supermarket,Pantry,Woolworths Rolled Traditional Oats 750g,321220,$1.40,$0.19 / 100G,https://www.woolworths.com.au/shop/productdetails/321220/woolworths-rolled-traditional-oats,https://cdn0.woolworths.media/content/wowproductimages/medium/321220.jpg,2020-09-21 17:27:05,Average product rating out of 5: 4.6. Product score is based on 748 ratings,748,,True
a9ebeb41-5563-456d-838d-2d4b306acf28,Woolworths Supermarket,Pantry,Heinz Canned Soup Big Red Tomato 420g,034331,$2.20,$0.52 / 100G,https://www.woolworths.com.au/shop/productdetails/34331/heinz-canned-soup-big-red-tomato,https://cdn0.woolworths.media/content/wowproductimages/medium/034331.jpg,2020-09-21 17:27:05,,0,,True
70fce138-4740-4ea0-b373-b15a9699ee78,Woolworths Supermarket,Pantry,Ritz Crackers Original 300g,660562,$2.50,$0.83 / 100G,https://www.woolworths.com.au/shop/productdetails/660562/ritz-crackers-original,https://cdn0.woolworths.media/content/wowproductimages/medium/660562.jpg,2020-09-21 17:27:05,,0,,True
e173a0e2-8f3a-4dd7-8469-2cd15532fe44,Woolworths Supermarket,Pantry,Macro Organic Quinoa Tri Colour 500g,717631,$7.00,$1.40 / 100G,https://www.woolworths.com.au/shop/productdetails/717631/macro-organic-quinoa-tri-colour,https://cdn0.woolworths.media/content/wowproductimages/medium/717631.jpg,2020-09-21 17:27:05,Average product rating out of 5: 4.6. Product score is based on 274 ratings,274,Was $9.99 09/01/2017,True
bf7efdd9-d9cb-4102-8415-5b2c5a05b8f9,Woolworths Supermarket,Pantry,Mckenzie's Rice Flour 375g,094275,$1.50,$4.00 / 1KG,https://www.woolworths.com.au/shop/productdetails/94275/mckenzie-s-rice-flour,https://cdn0.woolworths.media/content/wowproductimages/medium/094275.jpg,2020-09-21 17:27:05,,0,,True
365ae8d6-e663-4734-8e88-40d51365e425,Woolworths Supermarket,Pantry,Masterfoods Barbecue Sauce 500ml,099696,$2.50,$0.50 / 100ML,https://www.woolworths.com.au/shop/productdetails/99696/masterfoods-barbecue-sauce,https://cdn0.woolworths.media/content/wowproductimages/medium/099696.jpg,2020-09-21 17:27:05,,0,,True
516e8cf5-6905-4ea4-b9a5-185585273f86,Woolworths Supermarket,Pantry,Continental Cup A Soup Creamy Chicken With Lots Of Noodles 2 pack,026649,$2.00,$3.33 / 100G,https://www.woolworths.com.au/shop/productdetails/26649/continental-cup-a-soup-creamy-chicken-with-lots-of-noodles,https://cdn0.woolworths.media/content/wowproductimages/medium/026649.jpg,2020-09-21 17:27:05,,0,,True
f42d21ec-398a-4bf5-8fa5-9dbc7e96d4d1,Woolworths Supermarket,Pantry,Cadbury Fry's Turkish Delight 55g bar,098390,$1.00,$1.82 / 100G,https://www.woolworths.com.au/shop/productdetails/98390/cadbury-fry-s-turkish-delight,https://cdn0.woolworths.media/content/wowproductimages/medium/098390.jpg,2020-09-21 17:27:05,,0,,True
8263988f-b920-4516-8a61-b0d3442a257f,Woolworths Supermarket,Pantry,Cadbury Dairy Milk Chocolate Fair Trade 350g,757883,$5.00,$1.43 / 100G,https://www.woolworths.com.au/shop/productdetails/757883/cadbury-dairy-milk-chocolate-fair-trade,https://cdn0.woolworths.media/content/wowproductimages/medium/757883.jpg,2020-09-21 17:27:05,,0,Was $6.30 16/01/2017,True
8be393bc-a92b-4b31-ada7-3172fdbd9e44,Woolworths Supermarket,Pantry,Ardmona Tomatoes Diced No Added Salt 400g,226849,$1.40,$3.50 / 1KG,https://www.woolworths.com.au/shop/productdetails/226849/ardmona-tomatoes-diced-no-added-salt,https://cdn0.woolworths.media/content/wowproductimages/medium/226849.jpg,2020-09-21 17:27:05,,0,,True
ba5f74e6-16c4-4e03-9586-59dcd0d0cadb,Woolworths Supermarket,Pantry,Fantastic Rice Crackers Original 100g,035231,$1.50,$1.50 / 100G,https://www.woolworths.com.au/shop/productdetails/35231/fantastic-rice-crackers-original,https://cdn0.woolworths.media/content/wowproductimages/medium/035231.jpg,2020-09-21 17:27:05,,0,,True
11a7dbb9-e565-4bf3-b00b-5fff74ab7c1f,Woolworths Supermarket,Pantry,Sunbites Grain Waves Sour Cream & Chives 170g,082361,$3.50,$2.06 / 100G,https://www.woolworths.com.au/shop/productdetails/82361/sunbites-grain-waves-sour-cream-chives,https://cdn0.woolworths.media/content/wowproductimages/medium/082361.jpg,2020-09-21 17:27:05,,0,,True
341fa966-2fce-4d01-86f2-671b3a15c346,Woolworths Supermarket,Pantry,Sunbites Grain Waves Sour Cream & Chives 5 pack,720220,$3.10,$2.82 / 100G,https://www.woolworths.com.au/shop/productdetails/720220/sunbites-grain-waves-sour-cream-chives,https://cdn0.woolworths.media/content/wowproductimages/medium/720220.jpg,2020-09-21 17:27:05,,0,2 for $5.00,True
07477c12-58b5-4d26-be9a-2af95fef3d82,Woolworths Supermarket,Pantry,Nestle Plaistowe Cooking Chocolate 70% Cocoa 200g,347100,$4.00,$2.00 / 100G,https://www.woolworths.com.au/shop/productdetails/347100/nestle-plaistowe-cooking-chocolate-70-cocoa,https://cdn0.woolworths.media/content/wowproductimages/medium/347100.jpg,2020-09-21 17:27:05,,0,Was $4.75 20/02/2017,True
7a544f06-336f-4e6b-a583-04d58f262334,Woolworths Supermarket,Pantry,Green's Cake Mix Banana 430g,347112,$2.75,$0.64 / 100G,https://www.woolworths.com.au/shop/productdetails/347112/green-s-cake-mix-banana,https://cdn0.woolworths.media/content/wowproductimages/medium/347112.jpg,2020-09-21 17:27:05,,0,,True
0b3475ff-9609-4bf9-80d5-89013d9dd16c,Woolworths Supermarket,Pantry,Mckenzie's Bi Carb Soda 350g,347118,$4.00,$1.14 / 100G,https://www.woolworths.com.au/shop/productdetails/347118/mckenzie-s-bi-carb-soda,https://cdn0.woolworths.media/content/wowproductimages/medium/347118.jpg,2020-09-21 17:27:05,,0,,True
f3444b9c-6eba-4452-9f46-3975729d1f03,Woolworths Supermarket,Pantry,Macro Organic Turkish Figs Figs 500g,347130,$10.00,$20.00 / 1KG,https://www.woolworths.com.au/shop/productdetails/347130/macro-organic-turkish-figs-figs,https://cdn0.woolworths.media/content/wowproductimages/medium/347130.jpg,2020-09-21 17:27:05,Average product rating out of 5: 4.2. Product score is based on 398 ratings,398,,True
a045e769-8fae-410a-92cd-eff77b54f531,Woolworths Supermarket,Pantry,Morlife Snacks Blueberries Dark Choc Coated 125g,347296,$7.00,$56.00 / 1KG,https://www.woolworths.com.au/shop/productdetails/347296/morlife-snacks-blueberries-dark-choc-coated,https://cdn0.woolworths.media/content/wowproductimages/medium/347296.jpg,2020-09-21 17:27:05,Average product rating out of 5: 4.5. Product score is based on 2 ratings,2,,True
1365b136-b200-4114-8947-4053dd91ad49,Woolworths Supermarket,Pantry,Well Naturally No Sugar Added Almond Chip Bar 45g,347299,$2.00,$4.44 / 100G,https://www.woolworths.com.au/shop/productdetails/347299/well-naturally-no-sugar-added-almond-chip-bar,https://cdn0.woolworths.media/content/wowproductimages/medium/347299.jpg,2020-09-21 17:27:05,Average product rating out of 5: 4.9. Product score is based on 8 ratings,8,,True
23491874-8c9e-4a7b-9ce6-b1ae8a033e1d,Woolworths Supermarket,Pantry,Fizzer Faves Fruit Chews 8pk 92g,347377,$2.50,$2.72 / 100G,https://www.woolworths.com.au/shop/productdetails/347377/fizzer-faves-fruit-chews,https://cdn0.woolworths.media/content/wowproductimages/medium/347377.jpg,2020-09-21 17:27:05,,0,,True
d6eb9572-0f73-4f89-b874-adb8552d3756,Woolworths Supermarket,Pantry,Heinz Big Eat Spaghetti Bolognese 410g,347667,$2.50,$6.10 / 1KG,https://www.woolworths.com.au/shop/productdetails/347667/heinz-big-eat-spaghetti-bolognese,https://cdn0.woolworths.media/content/wowproductimages/medium/347667.jpg,2020-09-21 17:27:05,,0,Was $3.49 21/08/2017,True
326b18eb-9f87-47df-b135-cb2fb18d2f60,Woolworths Supermarket,Pantry,Heinz Beef Ravioli Bolognese 410g,347680,$2.50,$6.10 / 1KG,https://www.woolworths.com.au/shop/productdetails/347680/heinz-beef-ravioli-bolognese,https://cdn0.woolworths.media/content/wowproductimages/medium/347680.jpg,2020-09-21 17:27:05,,0,Was $3.49 21/08/2017,True
2e9eab1e-ec42-4b06-8fdf-8ee7ead32bad,Woolworths Supermarket,Pantry,Heinz Big Eat Peppered Steak & Onion 410g,347683,$2.50,$6.10 / 1KG,https://www.woolworths.com.au/shop/productdetails/347683/heinz-big-eat-peppered-steak-onion,https://cdn0.woolworths.media/content/wowproductimages/medium/347683.jpg,2020-09-21 17:27:05,,0,Was $3.49 21/08/2017,True
3a3895f6-5e10-412e-9a67-ecd8a6b0cae2,Woolworths Supermarket,Pantry,Heinz Chicken Shredded Sweetcorn & Mayo 85g,347691,$1.50,$17.65 / 1KG,https://www.woolworths.com.au/shop/productdetails/347691/heinz-chicken-shredded-sweetcorn-mayo,https://cdn0.woolworths.media/content/wowproductimages/medium/347691.jpg,2020-09-21 17:27:05,,0,Was $1.99 28/08/2017,True
53bca35a-86ec-4690-99cf-886c5106e86d,Woolworths Supermarket,Pantry,Skittles Fruits Lollies Large Bag 200g,347863,$4.50,$2.25 / 100G,https://www.woolworths.com.au/shop/productdetails/347863/skittles-fruits-lollies-large-bag,https://cdn0.woolworths.media/content/wowproductimages/medium/347863.jpg,2020-09-21 17:27:05,,0,,True
ba7058ec-66b4-47bf-a4ac-2a22b015bbb7,Woolworths Supermarket,Pantry,Werther's Original Toffee Eclairs 100g,348023,$3.50,$3.50 / 100G,https://www.woolworths.com.au/shop/productdetails/348023/werther-s-original-toffee-eclairs,https://cdn0.woolworths.media/content/wowproductimages/medium/348023.jpg,2020-09-21 17:27:05,,0,,True
8af13e2f-4037-4508-9e3d-a22696c293d3,Woolworths Supermarket,Pantry,Nestle Smarties Family Size 340g bag,348166,$5.00,$1.47 / 100G,https://www.woolworths.com.au/shop/productdetails/348166/nestle-smarties-family-size,https://cdn0.woolworths.media/content/wowproductimages/medium/348166.jpg,2020-09-21 17:27:05,,0,2 for $8.00,True
0e6bdeaa-f047-4a62-b0bd-16732d0aaf22,Woolworths Supermarket,Pantry,Allen's Fantales Family Bag Lollies 340g,348170,$5.00,$1.47 / 100G,https://www.woolworths.com.au/shop/productdetails/348170/allen-s-fantales-family-bag-lollies,https://cdn0.woolworths.media/content/wowproductimages/medium/348170.jpg,2020-09-21 17:27:05,,0,2 for $8.00,True
5721be52-2218-4d60-b466-c48d96abe677,Woolworths Supermarket,Pantry,Reese's Peanut Butter Cups Miniatures Milk Chocolate 150g,348306,$4.50,$3.00 / 100G,https://www.woolworths.com.au/shop/productdetails/348306/reese-s-peanut-butter-cups-miniatures-milk-chocolate,https://cdn0.woolworths.media/content/wowproductimages/medium/348306.jpg,2020-09-21 17:27:05,,0,,True
9e37cb2e-ba95-4851-8aaf-ce4f51b2f3c8,Woolworths Supermarket,Pantry,Amy's Kitchen Canned Soup Organic Chunky Tomato Bisque 411g,348321,$3.90,$0.95 / 100G,https://www.woolworths.com.au/shop/productdetails/348321/amy-s-kitchen-canned-soup-organic-chunky-tomato-bisque,https://cdn0.woolworths.media/content/wowproductimages/medium/348321.jpg,2020-09-21 17:27:05,,0,,True
ac3d5079-79c8-4ded-ae32-2d9239b2c0a0,Woolworths Supermarket,Pantry,Skittles Sours Lollies Large Bag 190g,348781,$4.50,$2.37 / 100G,https://www.woolworths.com.au/shop/productdetails/348781/skittles-sours-lollies-large-bag,https://cdn0.woolworths.media/content/wowproductimages/medium/348781.jpg,2020-09-21 17:27:05,,0,,True
bc1ecd1e-aa24-4f9a-8a0a-24fcaaeae815,Woolworths Supermarket,Pantry,Aeroplane Jelly Lite Mango Passionfruit 2x9g,348802,$1.90,$10.56 / 100G,https://www.woolworths.com.au/shop/productdetails/348802/aeroplane-jelly-lite-mango-passionfruit,https://cdn0.woolworths.media/content/wowproductimages/medium/348802.jpg,2020-09-21 17:27:05,,0,,True
b64165b9-4a33-4231-a72c-b7a7bd316888,Woolworths Supermarket,Pantry,Wallaby Bread Improver 125g,349621,$4.00,$3.20 / 100G,https://www.woolworths.com.au/shop/productdetails/349621/wallaby-bread-improver,https://cdn0.woolworths.media/content/wowproductimages/medium/349621.jpg,2020-09-21 17:27:05,,0,,True
e155107b-eba6-4a95-837f-1defe6cdd105,Woolworths Supermarket,Pantry,Food For Health Fruit Free Clusters Chia & Cinnamon 475g,350025,$8.00,$1.88 / 100G,https://www.woolworths.com.au/shop/productdetails/350025/food-for-health-fruit-free-clusters-chia-cinnamon,https://cdn0.woolworths.media/content/wowproductimages/medium/350025.jpg,2020-09-21 17:27:05,Average product rating out of 5: 4.7. Product score is based on 3 ratings,3,,True
eca6dce0-145e-49e9-84e3-24ea4c065b9a,Woolworths Supermarket,Pantry,Aeroplane Jelly Reduced Sugar Lime 85g,350110,$1.00,$1.18 / 100G,https://www.woolworths.com.au/shop/productdetails/350110/aeroplane-jelly-reduced-sugar-lime,https://cdn0.woolworths.media/content/wowproductimages/medium/350110.jpg,2020-09-21 17:27:05,,0,,True
2ea38f74-6577-4b22-ab4a-9c0dc3174a8e,Woolworths Supermarket,Pantry,Tuckers Rosemary & Rock Salt Crackers 110g,352009,$3.00,$2.73 / 100G,https://www.woolworths.com.au/shop/productdetails/352009/tuckers-rosemary-rock-salt-crackers,https://cdn0.woolworths.media/content/wowproductimages/medium/352009.jpg,2020-09-21 17:27:05,,0,,True
ff68c833-56e7-4428-b44a-1e5e2543b0fc,Woolworths Supermarket,Pantry,Sunrice Microwave Fragrant Jasmine Rice Family 450g,352039,$3.50,$0.78 / 100G,https://www.woolworths.com.au/shop/productdetails/352039/sunrice-microwave-fragrant-jasmine-rice-family,https://cdn0.woolworths.media/content/wowproductimages/medium/352039.jpg,2020-09-21 17:27:05,,0,Was $3.99 08/03/2016,True
cf1264bf-e977-4cef-9ea2-b471970089d3,Woolworths Supermarket,Pantry,Masterfoods Barbecue Sauce 500ml,099696,$2.50,$0.50 / 100ML,https://www.woolworths.com.au/shop/productdetails/99696/masterfoods-barbecue-sauce,https://cdn0.woolworths.media/content/wowproductimages/medium/099696.jpg,2020-09-21 17:27:05,,0,,True
6783358f-8735-49cb-b170-46e3f418f99b,Woolworths Supermarket,Pantry,Doritos Share Pack Cheese Supreme 170g,826731,$2.75,$1.62 / 100G,https://www.woolworths.com.au/shop/productdetails/826731/doritos-share-pack-cheese-supreme,https://cdn0.woolworths.media/content/wowproductimages/medium/826731.jpg,2020-09-21 17:27:05,,0,,True
79993171-f24f-4c10-851d-219ae268d813,Woolworths Supermarket,Pantry,Arnott's Shortbread 250g,008838,$2.50,$1.00 / 100G,https://www.woolworths.com.au/shop/productdetails/8838/arnott-s-shortbread,https://cdn0.woolworths.media/content/wowproductimages/medium/008838.jpg,2020-09-21 17:27:05,,0,,True
09b9d153-5581-46ba-a889-e2da6f781dfc,Woolworths Supermarket,Pantry,Twisties Cheese Chips 90g,081659,$2.00,$2.22 / 100G,https://www.woolworths.com.au/shop/productdetails/81659/twisties-cheese-chips,https://cdn0.woolworths.media/content/wowproductimages/medium/081659.jpg,2020-09-21 17:27:05,,0,,True
ebc7c0d6-341e-4ea2-badd-1fb0e83e86e6,Woolworths Supermarket,Pantry,Bertolli Extra Virgin Olive Oil Originale 750ml,502951,$6.50,$0.87 / 100ML,https://www.woolworths.com.au/shop/productdetails/502951/bertolli-extra-virgin-olive-oil-originale,https://cdn0.woolworths.media/content/wowproductimages/medium/502951.jpg,2020-09-21 17:27:05,,0,,True
1d3d69e3-3a4f-4823-bcc2-92d761c311d2,Woolworths Supermarket,Pantry,Valcom Canned Bamboo Shoots Sliced 225g,097730,$1.10,$4.89 / 1KG,https://www.woolworths.com.au/shop/productdetails/97730/valcom-canned-bamboo-shoots-sliced,https://cdn0.woolworths.media/content/wowproductimages/medium/097730.jpg,2020-09-21 17:27:05,,0,,True
b6dcbd13-61f1-463c-b39f-9a4d89211a62,Woolworths Supermarket,Pantry,Kellogg's Nutri-grain Protein Breakfast Cereal 290g,701706,$4.95,$1.71 / 100G,https://www.woolworths.com.au/shop/productdetails/701706/kellogg-s-nutri-grain-protein-breakfast-cereal,https://cdn0.woolworths.media/content/wowproductimages/medium/701706.jpg,2020-09-21 17:27:05,,0,,True
050d16e9-2c37-431e-bee2-d9ec24f99c72,Woolworths Supermarket,Pantry,Arnott's Malt O' Milk 250g,036036,$2.50,$1.00 / 100G,https://www.woolworths.com.au/shop/productdetails/36036/arnott-s-malt-o-milk,https://cdn0.woolworths.media/content/wowproductimages/medium/036036.jpg,2020-09-21 17:27:05,,0,,True
223e2251-1360-4949-862b-d552a2efc294,Woolworths Supermarket,Pantry,Smith's Share Pack Crinkle Cut Salt & Vinegar 170g,826738,$2.75,$1.62 / 100G,https://www.woolworths.com.au/shop/productdetails/826738/smith-s-share-pack-crinkle-cut-salt-vinegar,https://cdn0.woolworths.media/content/wowproductimages/medium/826738.jpg,2020-09-21 17:27:05,,0,,True
507afdf8-e852-4c2a-ad22-b299f7c1aba3,Woolworths Supermarket,Pantry,Arnott's Snack Right Sultana 250g,182697,$3.00,$1.20 / 100G,https://www.woolworths.com.au/shop/productdetails/182697/arnott-s-snack-right-sultana,https://cdn0.woolworths.media/content/wowproductimages/medium/182697.jpg,2020-09-21 17:27:05,,0,Was $4.20 11/02/2019,True
8d5d6e69-9d04-41b5-a8e2-60de1f388364,Woolworths Supermarket,Pantry,Toblerone Milk Chocolate Bar 50g,047011,$1.00,$2.00 / 100G,https://www.woolworths.com.au/shop/productdetails/47011/toblerone-milk-chocolate-bar,https://cdn0.woolworths.media/content/wowproductimages/medium/047011.jpg,2020-09-21 17:27:05,,0,,True
057731db-4c78-4516-b008-2e7ea117f538,Woolworths Supermarket,Pantry,Kooka's Country Cookies Lemon 200g,347837,$2.00,$1.00 / 100G,https://www.woolworths.com.au/shop/productdetails/347837/kooka-s-country-cookies-lemon,https://cdn0.woolworths.media/content/wowproductimages/medium/347837.jpg,2020-09-21 17:27:05,,0,,True
8ab7afa2-6a3e-47c6-862d-f591a5cb80d0,Woolworths Supermarket,Pantry,Uncle Tobys Roll-ups Strawberry Fun Prints 6 pack,324231,$4.00,$4.26 / 100G,https://www.woolworths.com.au/shop/productdetails/324231/uncle-tobys-roll-ups-strawberry-fun-prints,https://cdn0.woolworths.media/content/wowproductimages/medium/324231.jpg,2020-09-21 17:27:05,,0,,True
021dfb8c-66d4-4b78-b55c-a0a3472b7101,Woolworths Supermarket,Pantry,Woolworths Corn Sweet Kernels 420g,218926,$1.00,$2.38 / 1KG,https://www.woolworths.com.au/shop/productdetails/218926/woolworths-corn-sweet-kernels,https://cdn0.woolworths.media/content/wowproductimages/medium/218926.jpg,2020-09-21 17:27:05,Average product rating out of 5: 4.1. Product score is based on 215 ratings,215,,True
78738c42-1afd-4c54-9569-7c7086f11a8e,Woolworths Supermarket,Pantry,Moccona Freeze Dried Instant Coffee Classic Medium Roast 400g,208575,$24.00,$6.00 / 100G,https://www.woolworths.com.au/shop/productdetails/208575/moccona-freeze-dried-instant-coffee-classic-medium-roast,https://cdn0.woolworths.media/content/wowproductimages/medium/208575.jpg,2020-09-21 17:27:05,,0,,True
f7171bcc-c9c1-4328-8d91-8d3662af0491,Woolworths Supermarket,Pantry,Macro Organic Quinoa Tri Colour 500g,717631,$7.00,$1.40 / 100G,https://www.woolworths.com.au/shop/productdetails/717631/macro-organic-quinoa-tri-colour,https://cdn0.woolworths.media/content/wowproductimages/medium/717631.jpg,2020-09-21 17:27:05,Average product rating out of 5: 4.6. Product score is based on 274 ratings,274,Was $9.99 09/01/2017,True
282bef17-c1df-4bde-af57-e6d32dac6bda,Woolworths Supermarket,Pantry,Arnott's Shapes Cheddar 175g,384244,$2.50,$1.43 / 100G,https://www.woolworths.com.au/shop/productdetails/384244/arnott-s-shapes-cheddar,https://cdn0.woolworths.media/content/wowproductimages/medium/384244.jpg,2020-09-21 17:27:05,,0,,True
affef3b0-e14b-4380-b913-0f7b82cc8b91,Woolworths Supermarket,Pantry,Uncle Ben's Microwave Mexican Style Brown Rice 250g,727257,$3.00,$1.20 / 100G,https://www.woolworths.com.au/shop/productdetails/727257/uncle-ben-s-microwave-mexican-style-brown-rice,https://cdn0.woolworths.media/content/wowproductimages/medium/727257.jpg,2020-09-21 17:27:05,,0,,True
ee4eaef9-85d0-4980-8274-ddd77a36674e,Woolworths Supermarket,Pantry,Pringles Sour Cream And Onion Chips 134g,479502,$2.50,$1.87 / 100G,https://www.woolworths.com.au/shop/productdetails/479502/pringles-sour-cream-and-onion-chips,https://cdn0.woolworths.media/content/wowproductimages/medium/479502.jpg,2020-09-21 17:27:05,,0,,True
fdc00e52-e9c6-42de-8c1b-b282026589da,Woolworths Supermarket,Pantry,Sunrice Quick Cups Microwave Long Grain White Rice 250g,352041,$2.50,$1.00 / 100G,https://www.woolworths.com.au/shop/productdetails/352041/sunrice-quick-cups-microwave-long-grain-white-rice,https://cdn0.woolworths.media/content/wowproductimages/medium/352041.jpg,2020-09-21 17:27:05,,0,Was $2.99 08/03/2016,True
e7043237-c7b1-47d7-b990-1b3204948cb8,Woolworths Supermarket,Pantry,Sunrice Quick Cups Microwave Fragrant Brown Rice 250g,352043,$2.50,$1.00 / 100G,https://www.woolworths.com.au/shop/productdetails/352043/sunrice-quick-cups-microwave-fragrant-brown-rice,https://cdn0.woolworths.media/content/wowproductimages/medium/352043.jpg,2020-09-21 17:27:05,,0,Was $2.99 08/03/2016,True
51f75bcf-8004-4e32-8468-b223c6f35a49,Woolworths Supermarket,Pantry,Food For Health Bars Fruit Free 150g,352687,$7.00,$4.67 / 100G,https://www.woolworths.com.au/shop/productdetails/352687/food-for-health-bars-fruit-free,https://cdn0.woolworths.media/content/wowproductimages/medium/352687.jpg,2020-09-21 17:27:05,Average product rating out of 5: 4.6. Product score is based on 7 ratings,7,,True
67225144-d235-4ee5-8745-7db36bbea12b,Woolworths Supermarket,Pantry,Morlife Snacks Choc Coated 5 Berry Mix 125g,352696,$7.00,$56.00 / 1KG,https://www.woolworths.com.au/shop/productdetails/352696/morlife-snacks-choc-coated-5-berry-mix,https://cdn0.woolworths.media/content/wowproductimages/medium/352696.jpg,2020-09-21 17:27:05,Average product rating out of 5: 5.0. Product score is based on 2 ratings,2,,True
b809de2f-aff9-4777-917f-cb6741885f15,Woolworths Supermarket,Pantry,Simply Wize Gluten Free Gnocchi 500g,352709,$2.75,$0.55 / 100G,https://www.woolworths.com.au/shop/productdetails/352709/simply-wize-gluten-free-gnocchi,https://cdn0.woolworths.media/content/wowproductimages/medium/352709.jpg,2020-09-21 17:27:05,Average product rating out of 5: 4.5. Product score is based on 26 ratings,26,,True
e594e53b-e6f8-4fa8-8c88-f2b9575c7329,Woolworths Supermarket,Pantry,Cadbury Roses 450g gift box,353084,$15.50,$3.44 / 100G,https://www.woolworths.com.au/shop/productdetails/353084/cadbury-roses,https://cdn0.woolworths.media/content/wowproductimages/medium/353084.jpg,2020-09-21 17:27:05,,0,Designs may vary,True
28db5076-f03d-4194-877f-454afce097b8,Woolworths Supermarket,Pantry,Sanitarium Up&go Protein Energize Choc 250ml x3 pack,353338,$4.80,$6.40 / 1L,https://www.woolworths.com.au/shop/productdetails/353338/sanitarium-up-go-protein-energize-choc,https://cdn0.woolworths.media/content/wowproductimages/medium/353338.jpg,2020-09-21 17:27:05,,0,,True
c7b34d3b-7268-4fdb-b10a-2e5fe954a918,Woolworths Supermarket,Pantry,Sanitarium Up&go Protein Energize Vanilla 250ml x3 pack,353345,$4.80,$6.40 / 1L,https://www.woolworths.com.au/shop/productdetails/353345/sanitarium-up-go-protein-energize-vanilla,https://cdn0.woolworths.media/content/wowproductimages/medium/353345.jpg,2020-09-21 17:27:05,,0,,True
ea423a9b-5cea-4ddc-af2e-cb435f0e6100,Woolworths Supermarket,Pantry,Lucky Oven Roasted Almonds & Yoghurt Sultanas 6 pack,353439,$6.30,$35.00 / 1KG,https://www.woolworths.com.au/shop/productdetails/353439/lucky-oven-roasted-almonds-yoghurt-sultanas,https://cdn0.woolworths.media/content/wowproductimages/medium/353439.jpg,2020-09-21 17:27:05,,0,,True
1ec09e30-50ae-4a25-b73f-96f3db02766a,Woolworths Supermarket,Pantry,Thins Cheese & Onion Chips 175g,354357,$1.75,$1.00 / 100G,https://www.woolworths.com.au/shop/productdetails/354357/thins-cheese-onion-chips,https://cdn0.woolworths.media/content/wowproductimages/medium/354357.jpg,2020-09-21 17:27:05,,0,,True
49704f85-4f19-4e4b-84fa-3d30b0be627d,Woolworths Supermarket,Pantry,Ayam Paste Thai Massaman Curry 195g,354384,$3.50,$1.79 / 100G,https://www.woolworths.com.au/shop/productdetails/354384/ayam-paste-thai-massaman-curry,https://cdn0.woolworths.media/content/wowproductimages/medium/354384.jpg,2020-09-21 17:27:05,,0,,True
69f6e01d-e4fa-4a2b-994e-16347d17dd8b,Woolworths Supermarket,Pantry,Chang's Salad Dressing Oriental 280ml,354423,$2.80,$1.00 / 100ML,https://www.woolworths.com.au/shop/productdetails/354423/chang-s-salad-dressing-oriental,https://cdn0.woolworths.media/content/wowproductimages/medium/354423.jpg,2020-09-21 17:27:05,,0,,True
945b2516-c9d2-4d6a-bae5-304ba8734149,Woolworths Supermarket,Pantry,Praise Ranch Dressing Ranch 330ml,354574,$2.00,$0.61 / 100ML,https://www.woolworths.com.au/shop/productdetails/354574/praise-ranch-dressing-ranch,https://cdn0.woolworths.media/content/wowproductimages/medium/354574.jpg,2020-09-21 17:27:05,,0,,True
da6e974f-f3eb-46cb-a104-304fb21fca15,Woolworths Supermarket,Pantry,Praise Dressings Greek 330ml,354579,$2.00,$0.61 / 100ML,https://www.woolworths.com.au/shop/productdetails/354579/praise-dressings-greek,https://cdn0.woolworths.media/content/wowproductimages/medium/354579.jpg,2020-09-21 17:27:05,,0,,True
d41e366e-bb59-424c-98ef-2f22f92eaaf5,Woolworths Supermarket,Pantry,Macro Almond Kernels 500g,355118,$13.00,$26.00 / 1KG,https://www.woolworths.com.au/shop/productdetails/355118/macro-almond-kernels,https://cdn0.woolworths.media/content/wowproductimages/medium/355118.jpg,2020-09-21 17:27:05,Average product rating out of 5: 5.0. Product score is based on 4 ratings,4,,True
7341d8e9-d9a8-4306-bfb7-73b5c4b03c3d,Woolworths Supermarket,Pantry,Macro Cashew Kernels 500g,355126,$12.00,$24.00 / 1KG,https://www.woolworths.com.au/shop/productdetails/355126/macro-cashew-kernels,https://cdn0.woolworths.media/content/wowproductimages/medium/355126.jpg,2020-09-21 17:27:05,Average product rating out of 5: 5.0. Product score is based on 5 ratings,5,,True
95c2d220-3b3e-46ce-96c7-f58632578b88,Woolworths Supermarket,Pantry,Macro Sunflower Kernels 500g,355131,$3.50,$7.00 / 1KG,https://www.woolworths.com.au/shop/productdetails/355131/macro-sunflower-kernels,https://cdn0.woolworths.media/content/wowproductimages/medium/355131.jpg,2020-09-21 17:27:05,Average product rating out of 5: 4.8. Product score is based on 32 ratings,32,,True
6c56e8fb-933c-4059-a5f1-bd12ce83769a,Woolworths Supermarket,Pantry,Macro Almonds Tamari 500g,355136,$13.00,$26.00 / 1KG,https://www.woolworths.com.au/shop/productdetails/355136/macro-almonds-tamari,https://cdn0.woolworths.media/content/wowproductimages/medium/355136.jpg,2020-09-21 17:27:05,Average product rating out of 5: 4.9. Product score is based on 19 ratings,19,,True
6eb4f51a-d719-4059-a497-62f40212912f,Woolworths Supermarket,Pantry,Macro Nuts & Berry Boost Mix 500g,355141,$11.00,$22.00 / 1KG,https://www.woolworths.com.au/shop/productdetails/355141/macro-nuts-berry-boost-mix,https://cdn0.woolworths.media/content/wowproductimages/medium/355141.jpg,2020-09-21 17:27:05,Average product rating out of 5: 4.4. Product score is based on 470 ratings,470,,True
e8dfaf5a-487d-42cf-800a-3686494ada43,Woolworths Supermarket,Pantry,Macro Fruit & Nut Energy Mix 500g,355144,$11.00,$22.00 / 1KG,https://www.woolworths.com.au/shop/productdetails/355144/macro-fruit-nut-energy-mix,https://cdn0.woolworths.media/content/wowproductimages/medium/355144.jpg,2020-09-21 17:27:05,Average product rating out of 5: 4.4. Product score is based on 478 ratings,478,,True
7a17e434-fd06-4320-8b52-77d38ce02c42,Woolworths Supermarket,Pantry,Macro Sultanas 500g,355155,$4.50,$9.00 / 1KG,https://www.woolworths.com.au/shop/productdetails/355155/macro-sultanas,https://cdn0.woolworths.media/content/wowproductimages/medium/355155.jpg,2020-09-21 17:27:05,Average product rating out of 5: 4.3. Product score is based on 10 ratings,10,,True
ee7fd762-5b2c-41dd-8cfd-9c10ee052e50,Woolworths Supermarket,Pantry,Macro Pitted Dates Dates 500g,355158,$3.40,$6.80 / 1KG,https://www.woolworths.com.au/shop/productdetails/355158/macro-pitted-dates-dates,https://cdn0.woolworths.media/content/wowproductimages/medium/355158.jpg,2020-09-21 17:27:05,Average product rating out of 5: 3.9. Product score is based on 9 ratings,9,,True
a66a39ae-8e6d-4645-94e9-a7037f9ab0a3,Woolworths Supermarket,Pantry,Woolworths Cracker Selection 250g,355265,$3.65,$1.46 / 100G,https://www.woolworths.com.au/shop/productdetails/355265/woolworths-cracker-selection,https://cdn0.woolworths.media/content/wowproductimages/medium/355265.jpg,2020-09-21 17:27:05,,0,,True
82571f32-ab2d-4997-b818-d0980be318e9,Woolworths Supermarket,Pantry,Saxa Natural Sea Salt Flakes 200g,355469,$8.00,$0.40 / 10G,https://www.woolworths.com.au/shop/productdetails/355469/saxa-natural-sea-salt-flakes,https://cdn0.woolworths.media/content/wowproductimages/medium/355469.jpg,2020-09-21 17:27:05,,0,,True
65a474f5-82c0-4b7c-bb99-c17b85d56848,Woolworths Supermarket,Pantry,Sunbites Grain Waves Sour Cream & Chives 5 pack,720220,$3.10,$2.82 / 100G,https://www.woolworths.com.au/shop/productdetails/720220/sunbites-grain-waves-sour-cream-chives,https://cdn0.woolworths.media/content/wowproductimages/medium/720220.jpg,2020-09-21 17:27:05,,0,2 for $5.00,True
96b5ebec-2468-4a4f-ba97-9045c8df8579,Woolworths Supermarket,Pantry,Macro Organic Quinoa Tri Colour 500g,717631,$7.00,$1.40 / 100G,https://www.woolworths.com.au/shop/productdetails/717631/macro-organic-quinoa-tri-colour,https://cdn0.woolworths.media/content/wowproductimages/medium/717631.jpg,2020-09-21 17:27:05,Average product rating out of 5: 4.6. Product score is based on 274 ratings,274,Was $9.99 09/01/2017,True
d99b5b50-8edd-4a42-8228-85e2bec5b30d,Woolworths Supermarket,Pantry,Cadbury Dairy Milk Chocolate Fair Trade 350g,757883,$5.00,$1.43 / 100G,https://www.woolworths.com.au/shop/productdetails/757883/cadbury-dairy-milk-chocolate-fair-trade,https://cdn0.woolworths.media/content/wowproductimages/medium/757883.jpg,2020-09-21 17:27:05,,0,Was $6.30 16/01/2017,True
16165cd3-eee5-4079-a53a-ed777f72a760,Woolworths Supermarket,Pantry,Woolworths Diced Italian Tomatoes No Added Salt 400g,770320,$0.80,$2.00 / 1KG,https://www.woolworths.com.au/shop/productdetails/770320/woolworths-diced-italian-tomatoes-no-added-salt,https://cdn0.woolworths.media/content/wowproductimages/medium/770320.jpg,2020-09-21 17:27:05,Average product rating out of 5: 4.7. Product score is based on 311 ratings,311,,True
ad92a9ac-f67f-404c-bab8-5cf097d76ae1,Woolworths Supermarket,Pantry,Ritz Crackers Original 300g,660562,$2.50,$0.83 / 100G,https://www.woolworths.com.au/shop/productdetails/660562/ritz-crackers-original,https://cdn0.woolworths.media/content/wowproductimages/medium/660562.jpg,2020-09-21 17:27:05,,0,,True
b04207df-acc2-476e-88a2-9d2bd5d73d5d,Woolworths Supermarket,Pantry,Vege Chips Chicken Style 100g,793382,$3.80,$3.80 / 100G,https://www.woolworths.com.au/shop/productdetails/793382/vege-chips-chicken-style,https://cdn0.woolworths.media/content/wowproductimages/medium/793382.jpg,2020-09-21 17:27:05,Average product rating out of 5: 4.7. Product score is based on 20 ratings,20,,True
adfda94f-bcfb-435a-bdc0-59e5a5e37318,Woolworths Supermarket,Pantry,Nescafe Blend 43 Soluble Instant Coffee 500g,035694,$20.00,$4.00 / 100G,https://www.woolworths.com.au/shop/productdetails/35694/nescafe-blend-43-soluble-instant-coffee,https://cdn0.woolworths.media/content/wowproductimages/medium/035694.jpg,2020-09-21 17:27:05,,0,,True
664a2650-5530-404f-b80c-b15893bec8f3,Woolworths Supermarket,Pantry,Mckenzie's Himalayan Salt Rock Pink 400g,749926,$5.95,$0.15 / 10G,https://www.woolworths.com.au/shop/productdetails/749926/mckenzie-s-himalayan-salt-rock-pink,https://cdn0.woolworths.media/content/wowproductimages/medium/749926.jpg,2020-09-21 17:27:05,,0,,True
4a801024-e183-4f09-9175-fc606dee3427,Woolworths Supermarket,Pantry,Bertolli Extra Virgin Olive Oil Originale 750ml,502951,$6.50,$0.87 / 100ML,https://www.woolworths.com.au/shop/productdetails/502951/bertolli-extra-virgin-olive-oil-originale,https://cdn0.woolworths.media/content/wowproductimages/medium/502951.jpg,2020-09-21 17:27:05,,0,,True
457de080-d1e0-41d1-8d1a-2bd535959999,Woolworths Supermarket,Pantry,Continental Cup A Soup Creamy Chicken With Lots Of Noodles 2 pack,026649,$2.00,$3.33 / 100G,https://www.woolworths.com.au/shop/productdetails/26649/continental-cup-a-soup-creamy-chicken-with-lots-of-noodles,https://cdn0.woolworths.media/content/wowproductimages/medium/026649.jpg,2020-09-21 17:27:05,,0,,True
06304d9d-9f60-49cb-b0d7-664dc81f26c5,Woolworths Supermarket,Pantry,Beechworth Pure Honey 1.5kg,250371,$22.00,$1.47 / 100G,https://www.woolworths.com.au/shop/productdetails/250371/beechworth-pure-honey,https://cdn0.woolworths.media/content/wowproductimages/medium/250371.jpg,2020-09-21 17:27:05,,0,,True
436ed55f-ac08-42a5-a0be-d71a9861eca1,Woolworths Supermarket,Pantry,Moccona Freeze Dried Instant Coffee Classic Medium Roast 400g,208575,$24.00,$6.00 / 100G,https://www.woolworths.com.au/shop/productdetails/208575/moccona-freeze-dried-instant-coffee-classic-medium-roast,https://cdn0.woolworths.media/content/wowproductimages/medium/208575.jpg,2020-09-21 17:27:05,,0,,True
717e3542-5e61-4158-8475-6f1e13c3734f,Woolworths Supermarket,Pantry,Woolworths Rolled Traditional Oats 750g,321220,$1.40,$0.19 / 100G,https://www.woolworths.com.au/shop/productdetails/321220/woolworths-rolled-traditional-oats,https://cdn0.woolworths.media/content/wowproductimages/medium/321220.jpg,2020-09-21 17:27:05,Average product rating out of 5: 4.6. Product score is based on 748 ratings,748,,True
670c112c-0a2b-483e-9341-330e64deced6,Woolworths Supermarket,Pantry,Woolworths Almond Meal 400g,610610,$7.50,$18.75 / 1KG,https://www.woolworths.com.au/shop/productdetails/610610/woolworths-almond-meal,https://cdn0.woolworths.media/content/wowproductimages/medium/610610.jpg,2020-09-21 17:27:05,Average product rating out of 5: 4.6. Product score is based on 326 ratings,326,Was $9.00 22/07/2020,True
ea103e37-fa84-436a-81fa-01dbac2babca,Woolworths Supermarket,Pantry,Queen Organic Vanilla Bean Paste 65g,225399,$11.80,$18.15 / 100G,https://www.woolworths.com.au/shop/productdetails/225399/queen-organic-vanilla-bean-paste,https://cdn0.woolworths.media/content/wowproductimages/medium/225399.jpg,2020-09-21 17:27:05,,0,,True
45a0bd22-c0a5-4a72-974d-a6323bb6af85,Woolworths Supermarket,Pantry,Arnott's Monte Carlo 250g,036031,$3.00,$1.20 / 100G,https://www.woolworths.com.au/shop/productdetails/36031/arnott-s-monte-carlo,https://cdn0.woolworths.media/content/wowproductimages/medium/036031.jpg,2020-09-21 17:27:05,,0,,True
2bfc7817-d2b0-4e6e-ae42-aaf0108cc88d,Woolworths Supermarket,Pantry,Woolworths Walnuts Kernel 500g,749540,$11.00,$22.00 / 1KG,https://www.woolworths.com.au/shop/productdetails/749540/woolworths-walnuts-kernel,https://cdn0.woolworths.media/content/wowproductimages/medium/749540.jpg,2020-09-21 17:27:05,Average product rating out of 5: 4.8. Product score is based on 360 ratings,360,,True
8cfd3a98-276c-490b-9a1c-0da01b760a66,Woolworths Supermarket,Pantry,Sanitarium Weet-bix Breakfast Cereal 1.2kg,200695,$5.00,$0.42 / 100G,https://www.woolworths.com.au/shop/productdetails/200695/sanitarium-weet-bix-breakfast-cereal,https://cdn0.woolworths.media/content/wowproductimages/medium/200695.jpg,2020-09-21 17:27:05,,0,,True
36d6257c-8f61-40e2-8c64-1e5dfa50ad60,Woolworths Supermarket,Pantry,Woolworths White Rice Long Grain 5kg,072779,$6.70,$0.13 / 100G,https://www.woolworths.com.au/shop/productdetails/72779/woolworths-white-rice-long-grain,https://cdn0.woolworths.media/content/wowproductimages/medium/072779.jpg,2020-09-21 17:27:05,Average product rating out of 5: 4.8. Product score is based on 14 ratings,14,,True
13658c52-0bd7-4c63-aeff-e26c8850c088,Woolworths Supermarket,Pantry,Cobram Estate Extra Virgin Light Olive Oil 750ml,345955,$15.00,$2.00 / 100ML,https://www.woolworths.com.au/shop/productdetails/345955/cobram-estate-extra-virgin-light-olive-oil,https://cdn0.woolworths.media/content/wowproductimages/medium/345955.jpg,2020-09-21 17:27:05,,0,,True
38fa7bb1-cee6-4e0f-bb08-783a0d767603,Woolworths Supermarket,Pantry,Masterfoods All Purpose Spicy Seasoning 190g,355475,$5.30,$0.28 / 10G,https://www.woolworths.com.au/shop/productdetails/355475/masterfoods-all-purpose-spicy-seasoning,https://cdn0.woolworths.media/content/wowproductimages/medium/355475.jpg,2020-09-21 17:27:05,,0,,True
bdaac0d0-dff6-453f-afe4-3de12b147656,Woolworths Supermarket,Pantry,Masterfoods All Purpose Pepper Seasoning 50g,355478,$3.00,$0.60 / 10G,https://www.woolworths.com.au/shop/productdetails/355478/masterfoods-all-purpose-pepper-seasoning,https://cdn0.woolworths.media/content/wowproductimages/medium/355478.jpg,2020-09-21 17:27:05,,0,,True
03181b9d-9dff-4a33-97cc-caa36abf9b3b,Woolworths Supermarket,Pantry,Masterfoods Lemon Herb & Garlic Seasoning 46g,355479,$3.20,$0.70 / 10G,https://www.woolworths.com.au/shop/productdetails/355479/masterfoods-lemon-herb-garlic-seasoning,https://cdn0.woolworths.media/content/wowproductimages/medium/355479.jpg,2020-09-21 17:27:05,,0,,True
9821f10c-64d0-4edb-a4b7-d5ec101a621a,Woolworths Supermarket,Pantry,Carman's Dark Choc Cranberry & Almond Muesli Bars 6 pack,356984,$6.00,$2.86 / 100G,https://www.woolworths.com.au/shop/productdetails/356984/carman-s-dark-choc-cranberry-almond-muesli-bars,https://cdn0.woolworths.media/content/wowproductimages/medium/356984.jpg,2020-09-21 17:27:05,,0,,True
7c3f1a86-b135-4e7a-8ec1-1fdfa65a6fcb,Woolworths Supermarket,Pantry,Macro Natural Cashew Spread 250g,357267,$8.00,$3.20 / 100G,https://www.woolworths.com.au/shop/productdetails/357267/macro-natural-cashew-spread,https://cdn0.woolworths.media/content/wowproductimages/medium/357267.jpg,2020-09-21 17:27:05,,0,,True
43e87ff5-b5ed-42b2-934f-e8b5a53801f9,Woolworths Supermarket,Pantry,"Macro Natural Brazil, Almond & Cashew Spread 250g",357269,$8.00,$3.20 / 100G,https://www.woolworths.com.au/shop/productdetails/357269/macro-natural-brazil-almond-cashew-spread,https://cdn0.woolworths.media/content/wowproductimages/medium/357269.jpg,2020-09-21 17:27:05,Average product rating out of 5: 4.0. Product score is based on 324 ratings,324,,True
03775f33-0cec-4bbb-963f-45cf1e2c1bec,Woolworths Supermarket,Pantry,Mentos Fruit Chews Rainbow 37.5g roll,358063,$1.40,$3.73 / 100G,https://www.woolworths.com.au/shop/productdetails/358063/mentos-fruit-chews-rainbow,https://cdn0.woolworths.media/content/wowproductimages/medium/358063.jpg,2020-09-21 17:27:05,,0,,True
a28bc420-fca1-412e-8707-a03016ec6ca3,Woolworths Supermarket,Pantry,Indomie Mi Goreng Noodle Cup 75g,358075,$1.40,$1.87 / 100G,https://www.woolworths.com.au/shop/productdetails/358075/indomie-mi-goreng-noodle-cup,https://cdn0.woolworths.media/content/wowproductimages/medium/358075.jpg,2020-09-21 17:27:05,,0,,True
b7067cc4-af5c-4db6-8d5b-ef3a9e6b3da1,Woolworths Supermarket,Pantry,Pic's Peanut Butter Crunchy 380g,360257,$7.50,$1.97 / 100G,https://www.woolworths.com.au/shop/productdetails/360257/pic-s-peanut-butter-crunchy,https://cdn0.woolworths.media/content/wowproductimages/medium/360257.jpg,2020-09-21 17:27:05,,0,,True
cca29c6e-e4db-421a-82bc-1127cf6b7aaa,Woolworths Supermarket,Pantry,Robert Timms Instant Coffee Premium Full-bodied 500g,360276,$15.00,$3.00 / 100G,https://www.woolworths.com.au/shop/productdetails/360276/robert-timms-instant-coffee-premium-full-bodied,https://cdn0.woolworths.media/content/wowproductimages/medium/360276.jpg,2020-09-21 17:27:05,,0,,True
d73168aa-8cb9-4b86-b0c5-2709c24e666e,Woolworths Supermarket,Pantry,Woolworths Microwave Jasmine Rice 250g,360346,$1.50,$0.60 / 100G,https://www.woolworths.com.au/shop/productdetails/360346/woolworths-microwave-jasmine-rice,https://cdn0.woolworths.media/content/wowproductimages/medium/360346.jpg,2020-09-21 17:27:05,Average product rating out of 5: 4.3. Product score is based on 190 ratings,190,,True
a22abfcb-d845-4c18-953f-a60b99017c20,Woolworths Supermarket,Pantry,Woolworths Microwave Basmati Rice Basmati Rice 250g,360348,$1.50,$0.60 / 100G,https://www.woolworths.com.au/shop/productdetails/360348/woolworths-microwave-basmati-rice-basmati-rice,https://cdn0.woolworths.media/content/wowproductimages/medium/360348.jpg,2020-09-21 17:27:05,Average product rating out of 5: 4.4. Product score is based on 1204 ratings,1204,,True
fcddc550-dbe8-4d90-a155-2f94886b1597,Woolworths Supermarket,Pantry,Woolworths Microwave Brown Rice 250g,360351,$1.50,$0.60 / 100G,https://www.woolworths.com.au/shop/productdetails/360351/woolworths-microwave-brown-rice,https://cdn0.woolworths.media/content/wowproductimages/medium/360351.jpg,2020-09-21 17:27:05,Average product rating out of 5: 4.3. Product score is based on 1335 ratings,1335,,True
3f388f84-836e-4b86-a605-7aba1103cdbb,Woolworths Supermarket,Pantry,Woolworths Microwave White Long Grain Rice Family 450g,360352,$2.50,$0.56 / 100G,https://www.woolworths.com.au/shop/productdetails/360352/woolworths-microwave-white-long-grain-rice-family,https://cdn0.woolworths.media/content/wowproductimages/medium/360352.jpg,2020-09-21 17:27:05,Average product rating out of 5: 3.8. Product score is based on 270 ratings,270,,True
e0eef2e1-9e64-43a8-ab25-7af4a550e9fb,Woolworths Supermarket,Pantry,Woolworths Microwave Brown Rice Family Size 450g,360354,$2.50,$0.56 / 100G,https://www.woolworths.com.au/shop/productdetails/360354/woolworths-microwave-brown-rice-family-size,https://cdn0.woolworths.media/content/wowproductimages/medium/360354.jpg,2020-09-21 17:27:05,Average product rating out of 5: 4.5. Product score is based on 210 ratings,210,,True
beaf9428-8d65-419e-a8b7-a11b359eb999,Woolworths Supermarket,Pantry,Woolworths Whole Egg Mayonnaise 440g,360680,$2.55,$0.58 / 100G,https://www.woolworths.com.au/shop/productdetails/360680/woolworths-whole-egg-mayonnaise,https://cdn0.woolworths.media/content/wowproductimages/medium/360680.jpg,2020-09-21 17:27:05,,0,,True
2b227eaf-c96b-409f-8f92-c15daaa3b885,Woolworths Supermarket,Pantry,Woolworths Vanilla Flavoured Waffle Cones 12 pack,361582,$3.50,$2.06 / 100G,https://www.woolworths.com.au/shop/productdetails/361582/woolworths-vanilla-flavoured-waffle-cones,https://cdn0.woolworths.media/content/wowproductimages/medium/361582.jpg,2020-09-21 17:27:05,,0,,True
bcc47bf4-b596-4380-ae34-4d7e8547d3bc,Woolworths Supermarket,Pantry,Allen's Freckles Family Bag Lollies 340g,362490,$5.00,$1.47 / 100G,https://www.woolworths.com.au/shop/productdetails/362490/allen-s-freckles-family-bag-lollies,https://cdn0.woolworths.media/content/wowproductimages/medium/362490.jpg,2020-09-21 17:27:05,,0,2 for $8.00,True
88ec35bf-2948-40c5-b9a0-f64af9454c78,Woolworths Supermarket,Pantry,Mission Tortilla Strips White Corn 230g,362693,$2.75,$1.20 / 100G,https://www.woolworths.com.au/shop/productdetails/362693/mission-tortilla-strips-white-corn,https://cdn0.woolworths.media/content/wowproductimages/medium/362693.jpg,2020-09-21 17:27:05,,0,,True
ee2ed2a0-800b-4139-a769-e3d1ba8a7cc8,Woolworths Supermarket,Pantry,Mission Corn Chips Extreme Cheese 230g,362694,$2.75,$1.20 / 100G,https://www.woolworths.com.au/shop/productdetails/362694/mission-corn-chips-extreme-cheese,https://cdn0.woolworths.media/content/wowproductimages/medium/362694.jpg,2020-09-21 17:27:05,,0,,True
0a37700c-5907-4dd4-bb3f-f7fdd710319f,Woolworths Supermarket,Pantry,Old El Paso Mexican Crispy Chicken Spice Mix 35g,362697,$2.00,$5.71 / 100G,https://www.woolworths.com.au/shop/productdetails/362697/old-el-paso-mexican-crispy-chicken-spice-mix,https://cdn0.woolworths.media/content/wowproductimages/medium/362697.jpg,2020-09-21 17:27:05,,0,,True
6dfb7c86-d103-4059-b0eb-e507601e75aa,Woolworths Supermarket,Pantry,Oxfam Fair Organic Fair Trade Ground Africa Blend Coffee 250g,363085,$7.50,$3.00 / 100G,https://www.woolworths.com.au/shop/productdetails/363085/oxfam-fair-organic-fair-trade-ground-africa-blend-coffee,https://cdn0.woolworths.media/content/wowproductimages/medium/363085.jpg,2020-09-21 17:27:05,,0,,True
46394dd5-fd1d-49c1-b8d1-cd1c072affb0,Woolworths Supermarket,Pantry,Ceres Organic Brown Rice Cakes 110g,363226,$3.10,$2.82 / 100G,https://www.woolworths.com.au/shop/productdetails/363226/ceres-organic-brown-rice-cakes,https://cdn0.woolworths.media/content/wowproductimages/medium/363226.jpg,2020-09-21 17:27:05,Average product rating out of 5: 4.4. Product score is based on 9 ratings,9,,True
6da5e24c-fc48-4e16-a7a2-619cc99e2d54,Woolworths Supermarket,Pantry,Ceres Brown Rice Cakes Original 110g,363227,$3.10,$2.82 / 100G,https://www.woolworths.com.au/shop/productdetails/363227/ceres-brown-rice-cakes-original,https://cdn0.woolworths.media/content/wowproductimages/medium/363227.jpg,2020-09-21 17:27:05,Average product rating out of 5: 4.5. Product score is based on 22 ratings,22,,True
59cc4064-6c60-46f1-95ed-2b81073187c9,Woolworths Supermarket,Pantry,Sunbites Grain Waves Sour Cream & Chives 5 pack,720220,$3.10,$2.82 / 100G,https://www.woolworths.com.au/shop/productdetails/720220/sunbites-grain-waves-sour-cream-chives,https://cdn0.woolworths.media/content/wowproductimages/medium/720220.jpg,2020-09-21 17:27:05,,0,2 for $5.00,True
a71787e9-c8a3-4ecd-8df9-47dff9c01b7e,Woolworths Supermarket,Pantry,Nescafe Blend 43 Soluble Instant Coffee 500g,035694,$20.00,$4.00 / 100G,https://www.woolworths.com.au/shop/productdetails/35694/nescafe-blend-43-soluble-instant-coffee,https://cdn0.woolworths.media/content/wowproductimages/medium/035694.jpg,2020-09-21 17:27:05,,0,,True
6553763c-00d9-4b33-ae59-c6afec6731be,Woolworths Supermarket,Pantry,Sanitarium Weet-bix Breakfast Cereal 1.2kg,200695,$5.00,$0.42 / 100G,https://www.woolworths.com.au/shop/productdetails/200695/sanitarium-weet-bix-breakfast-cereal,https://cdn0.woolworths.media/content/wowproductimages/medium/200695.jpg,2020-09-21 17:27:05,,0,,True
bda78b5d-6e1d-4cc0-9c97-b79ccc8d3f15,Woolworths Supermarket,Pantry,Bertolli Extra Virgin Olive Oil Originale 750ml,502951,$6.50,$0.87 / 100ML,https://www.woolworths.com.au/shop/productdetails/502951/bertolli-extra-virgin-olive-oil-originale,https://cdn0.woolworths.media/content/wowproductimages/medium/502951.jpg,2020-09-21 17:27:05,,0,,True
5aa9de72-d76b-4d70-834b-b81d79b23e37,Woolworths Supermarket,Pantry,Mckenzie's Himalayan Salt Rock Pink 400g,749926,$5.95,$0.15 / 10G,https://www.woolworths.com.au/shop/productdetails/749926/mckenzie-s-himalayan-salt-rock-pink,https://cdn0.woolworths.media/content/wowproductimages/medium/749926.jpg,2020-09-21 17:27:05,,0,,True
731377c5-4be9-44ce-b67c-bf07c162ecce,Woolworths Supermarket,Pantry,Beechworth Pure Honey 1.5kg,250371,$22.00,$1.47 / 100G,https://www.woolworths.com.au/shop/productdetails/250371/beechworth-pure-honey,https://cdn0.woolworths.media/content/wowproductimages/medium/250371.jpg,2020-09-21 17:27:05,,0,,True
161fc7fd-9508-4b09-bebc-be1d397a7f11,Woolworths Supermarket,Pantry,Woolworths Walnuts Kernel 500g,749540,$11.00,$22.00 / 1KG,https://www.woolworths.com.au/shop/productdetails/749540/woolworths-walnuts-kernel,https://cdn0.woolworths.media/content/wowproductimages/medium/749540.jpg,2020-09-21 17:27:05,Average product rating out of 5: 4.8. Product score is based on 360 ratings,360,,True
51947ca7-9963-4e35-9eb1-77b0efddae8a,Woolworths Supermarket,Pantry,Cadbury Dairy Milk Chocolate Fair Trade 350g,757883,$5.00,$1.43 / 100G,https://www.woolworths.com.au/shop/productdetails/757883/cadbury-dairy-milk-chocolate-fair-trade,https://cdn0.woolworths.media/content/wowproductimages/medium/757883.jpg,2020-09-21 17:27:05,,0,Was $6.30 16/01/2017,True
c4f1ed91-5831-4dbe-ba28-608c4457b2ed,Woolworths Supermarket,Pantry,Arnott's Monte Carlo 250g,036031,$3.00,$1.20 / 100G,https://www.woolworths.com.au/shop/productdetails/36031/arnott-s-monte-carlo,https://cdn0.woolworths.media/content/wowproductimages/medium/036031.jpg,2020-09-21 17:27:05,,0,,True
3997e622-068e-437d-aa82-8ba1da12fb2d,Woolworths Supermarket,Pantry,Woolworths White Rice Long Grain 5kg,072779,$6.70,$0.13 / 100G,https://www.woolworths.com.au/shop/productdetails/72779/woolworths-white-rice-long-grain,https://cdn0.woolworths.media/content/wowproductimages/medium/072779.jpg,2020-09-21 17:27:05,Average product rating out of 5: 4.8. Product score is based on 14 ratings,14,,True
9ebeb7de-b42f-4f96-bc29-0c31869a622e,Woolworths Supermarket,Pantry,Woolworths Rolled Traditional Oats 750g,321220,$1.40,$0.19 / 100G,https://www.woolworths.com.au/shop/productdetails/321220/woolworths-rolled-traditional-oats,https://cdn0.woolworths.media/content/wowproductimages/medium/321220.jpg,2020-09-21 17:27:05,Average product rating out of 5: 4.6. Product score is based on 748 ratings,748,,True
fe790750-7660-4f63-be62-b8d0d054a0e8,Woolworths Supermarket,Pantry,Queen Organic Vanilla Bean Paste 65g,225399,$11.80,$18.15 / 100G,https://www.woolworths.com.au/shop/productdetails/225399/queen-organic-vanilla-bean-paste,https://cdn0.woolworths.media/content/wowproductimages/medium/225399.jpg,2020-09-21 17:27:05,,0,,True
e5c236b8-b32b-49bd-bdb3-efa20e51430c,Woolworths Supermarket,Pantry,Moccona Freeze Dried Instant Coffee Classic Medium Roast 400g,208575,$24.00,$6.00 / 100G,https://www.woolworths.com.au/shop/productdetails/208575/moccona-freeze-dried-instant-coffee-classic-medium-roast,https://cdn0.woolworths.media/content/wowproductimages/medium/208575.jpg,2020-09-21 17:27:05,,0,,True
2b51e40f-2b9e-431a-9f13-31219a99d34a,Woolworths Supermarket,Pantry,Cobram Estate Extra Virgin Light Olive Oil 750ml,345955,$15.00,$2.00 / 100ML,https://www.woolworths.com.au/shop/productdetails/345955/cobram-estate-extra-virgin-light-olive-oil,https://cdn0.woolworths.media/content/wowproductimages/medium/345955.jpg,2020-09-21 17:27:05,,0,,True
0a8d4b72-deb2-48da-a5b6-eadf43d7235f,Woolworths Supermarket,Pantry,Woolworths Diced Italian Tomatoes No Added Salt 400g,770320,$0.80,$2.00 / 1KG,https://www.woolworths.com.au/shop/productdetails/770320/woolworths-diced-italian-tomatoes-no-added-salt,https://cdn0.woolworths.media/content/wowproductimages/medium/770320.jpg,2020-09-21 17:27:05,Average product rating out of 5: 4.7. Product score is based on 311 ratings,311,,True
50135182-5a32-4eb8-bba7-85bc2401995d,Woolworths Supermarket,Pantry,Ritz Crackers Original 300g,660562,$2.50,$0.83 / 100G,https://www.woolworths.com.au/shop/productdetails/660562/ritz-crackers-original,https://cdn0.woolworths.media/content/wowproductimages/medium/660562.jpg,2020-09-21 17:27:05,,0,,True
b215ead5-59f6-4751-9756-59f03dda88d3,Woolworths Supermarket,Pantry,Continental Cup A Soup Creamy Chicken With Lots Of Noodles 2 pack,026649,$2.00,$3.33 / 100G,https://www.woolworths.com.au/shop/productdetails/26649/continental-cup-a-soup-creamy-chicken-with-lots-of-noodles,https://cdn0.woolworths.media/content/wowproductimages/medium/026649.jpg,2020-09-21 17:27:05,,0,,True
ffa09f14-506f-4558-801c-daeca2ec4bd5,Woolworths Supermarket,Pantry,Woolworths Almond Meal 400g,610610,$7.50,$18.75 / 1KG,https://www.woolworths.com.au/shop/productdetails/610610/woolworths-almond-meal,https://cdn0.woolworths.media/content/wowproductimages/medium/610610.jpg,2020-09-21 17:27:05,Average product rating out of 5: 4.6. Product score is based on 326 ratings,326,Was $9.00 22/07/2020,True
cfdc4ef2-0179-451c-89e8-1382533f6289,Woolworths Supermarket,Pantry,Vege Chips Chicken Style 100g,793382,$3.80,$3.80 / 100G,https://www.woolworths.com.au/shop/productdetails/793382/vege-chips-chicken-style,https://cdn0.woolworths.media/content/wowproductimages/medium/793382.jpg,2020-09-21 17:27:05,Average product rating out of 5: 4.7. Product score is based on 20 ratings,20,,True
67c3b103-f088-43f2-848d-99e8b71c97db,Woolworths Supermarket,Pantry,Macro Organic Quinoa Tri Colour 500g,717631,$7.00,$1.40 / 100G,https://www.woolworths.com.au/shop/productdetails/717631/macro-organic-quinoa-tri-colour,https://cdn0.woolworths.media/content/wowproductimages/medium/717631.jpg,2020-09-21 17:27:05,Average product rating out of 5: 4.6. Product score is based on 274 ratings,274,Was $9.99 09/01/2017,True
11f318e8-be84-4ef7-b938-05d2b8e33554,Woolworths Supermarket,Pantry,Orgran Quinoa Crispibread 125g,363376,$2.90,$2.32 / 100G,https://www.woolworths.com.au/shop/productdetails/363376/orgran-quinoa-crispibread,https://cdn0.woolworths.media/content/wowproductimages/medium/363376.jpg,2020-09-21 17:27:05,Average product rating out of 5: 5.0. Product score is based on 6 ratings,6,,True
183edb65-8cb1-4c81-8e5c-5c74bcdbe64d,Woolworths Supermarket,Pantry,Csr Caster Sugar Raw 750g,364085,$3.30,$0.44 / 100G,https://www.woolworths.com.au/shop/productdetails/364085/csr-caster-sugar-raw,https://cdn0.woolworths.media/content/wowproductimages/medium/364085.jpg,2020-09-21 17:27:05,,0,,True
b6be0b7e-b2bf-4491-a400-94960a4268bc,Woolworths Supermarket,Pantry,Uncle Ben's Microwave Brown Rice 250g,364093,$2.00,$0.80 / 100G,https://www.woolworths.com.au/shop/productdetails/364093/uncle-ben-s-microwave-brown-rice,https://cdn0.woolworths.media/content/wowproductimages/medium/364093.jpg,2020-09-21 17:27:05,,0,,True
a5e88cc8-e160-4bac-b273-609a646e0746,Woolworths Supermarket,Pantry,Lifesavers Fruit Tingles 34g,364096,$0.90,$2.65 / 100G,https://www.woolworths.com.au/shop/productdetails/364096/lifesavers-fruit-tingles,https://cdn0.woolworths.media/content/wowproductimages/medium/364096.jpg,2020-09-21 17:27:05,,0,,True
055b9730-1c16-44b8-a501-3f62aaa7344d,Woolworths Supermarket,Pantry,White Wings Cake Mix Milk Chocolate 530g,364294,$4.00,$0.75 / 100G,https://www.woolworths.com.au/shop/productdetails/364294/white-wings-cake-mix-milk-chocolate,https://cdn0.woolworths.media/content/wowproductimages/medium/364294.jpg,2020-09-21 17:27:05,,0,Was $5.00 31/10/16,True
9aa4d89a-e3bc-46f7-bd12-f764398c66f6,Woolworths Supermarket,Pantry,Kewpie Japanese Mayonnaise 500g,364435,$7.00,$1.40 / 100G,https://www.woolworths.com.au/shop/productdetails/364435/kewpie-japanese-mayonnaise,https://cdn0.woolworths.media/content/wowproductimages/medium/364435.jpg,2020-09-21 17:27:05,,0,,True
0f4dc5e4-55f2-4a94-af0c-ebf5820ed86b,Woolworths Supermarket,Pantry,Avofresh Soft Avocado Hint Of Lemon 160g tube,364554,$5.50,$3.44 / 100G,https://www.woolworths.com.au/shop/productdetails/364554/avofresh-soft-avocado-hint-of-lemon,https://cdn0.woolworths.media/content/wowproductimages/medium/364554.jpg,2020-09-21 17:27:05,,0,,True
591501ae-da97-4206-97c8-d2fdd6a62d12,Woolworths Supermarket,Pantry,Avofresh Chunky Avocado Hint Of Lemon 160g tub,364558,$5.50,$3.44 / 100G,https://www.woolworths.com.au/shop/productdetails/364558/avofresh-chunky-avocado-hint-of-lemon,https://cdn0.woolworths.media/content/wowproductimages/medium/364558.jpg,2020-09-21 17:27:05,,0,,True
18e9884b-3271-4ecb-9556-1291d118c057,Woolworths Supermarket,Pantry,Avofresh Chunky Avocado Garlic & Coriander 160g tub,364561,$5.50,$3.44 / 100G,https://www.woolworths.com.au/shop/productdetails/364561/avofresh-chunky-avocado-garlic-coriander,https://cdn0.woolworths.media/content/wowproductimages/medium/364561.jpg,2020-09-21 17:27:05,,0,,True
5c8067af-ade0-44eb-b52a-df3f3e1c96e4,Woolworths Supermarket,Pantry,Lifesavers Fruit Pastilles 34g,364924,$0.90,$2.65 / 100G,https://www.woolworths.com.au/shop/productdetails/364924/lifesavers-fruit-pastilles,https://cdn0.woolworths.media/content/wowproductimages/medium/364924.jpg,2020-09-21 17:27:05,,0,,True
9e5dcfb1-d3b9-4c30-b782-b75dcd801c8a,Woolworths Supermarket,Pantry,Woolworths Sweetener Tablets 300 pack,365936,$3.00,$1.00 / 100EA,https://www.woolworths.com.au/shop/productdetails/365936/woolworths-sweetener-tablets,https://cdn0.woolworths.media/content/wowproductimages/medium/365936.jpg,2020-09-21 17:27:05,,0,,True
2f2862db-44c7-45bd-b902-fb81590ad150,Woolworths Supermarket,Pantry,Woolworths Creams Assorted 500g,367144,$4.00,$0.80 / 100G,https://www.woolworths.com.au/shop/productdetails/367144/woolworths-creams-assorted,https://cdn0.woolworths.media/content/wowproductimages/medium/367144.jpg,2020-09-21 17:27:05,Average product rating out of 5: 3.6. Product score is based on 45 ratings,45,,True
c5cd4165-d5ec-41ee-9d0c-17a66b6a9eab,Woolworths Supermarket,Pantry,Uncle Tobys Oats Quick Sachets Classics Variety Porridge 420g,368716,$4.50,$1.07 / 100G,https://www.woolworths.com.au/shop/productdetails/368716/uncle-tobys-oats-quick-sachets-classics-variety-porridge,https://cdn0.woolworths.media/content/wowproductimages/medium/368716.jpg,2020-09-21 17:27:05,,0,,True
ca25684d-4dae-4d73-9616-4c085e2ab57b,Woolworths Supermarket,Pantry,Woolworths Mixed Nuts Oven Roasted 200g,368718,$6.00,$30.00 / 1KG,https://www.woolworths.com.au/shop/productdetails/368718/woolworths-mixed-nuts-oven-roasted,https://cdn0.woolworths.media/content/wowproductimages/medium/368718.jpg,2020-09-21 17:27:05,Average product rating out of 5: 4.1. Product score is based on 645 ratings,645,2 for $10.00,True
acecdb62-92a5-4887-b875-425cfe8cf0e8,Woolworths Supermarket,Pantry,Woolworths Almonds Oven Roasted 225g,368719,$6.00,$26.67 / 1KG,https://www.woolworths.com.au/shop/productdetails/368719/woolworths-almonds-oven-roasted,https://cdn0.woolworths.media/content/wowproductimages/medium/368719.jpg,2020-09-21 17:27:05,Average product rating out of 5: 4.4. Product score is based on 216 ratings,216,2 for $10.00,True
76944a94-66c0-4929-8520-2bfeb7626d81,Woolworths Supermarket,Pantry,Woolworths Almonds Natural 225g,368724,$6.00,$26.67 / 1KG,https://www.woolworths.com.au/shop/productdetails/368724/woolworths-almonds-natural,https://cdn0.woolworths.media/content/wowproductimages/medium/368724.jpg,2020-09-21 17:27:05,Average product rating out of 5: 4.6. Product score is based on 842 ratings,842,2 for $10.00,True
10c8a762-ecb2-40dd-9d2f-1aefee386781,Woolworths Supermarket,Pantry,Uncle Tobys Cereal Plus Fibre 430g,368725,$4.75,$1.10 / 100G,https://www.woolworths.com.au/shop/productdetails/368725/uncle-tobys-cereal-plus-fibre,https://cdn0.woolworths.media/content/wowproductimages/medium/368725.jpg,2020-09-21 17:27:05,,0,,True
d699bd42-fa31-4f9c-b06c-045d55f86ea2,Woolworths Supermarket,Pantry,Woolworths Walnuts 150g 150g,368726,$6.00,$40.00 / 1KG,https://www.woolworths.com.au/shop/productdetails/368726/woolworths-walnuts-150g,https://cdn0.woolworths.media/content/wowproductimages/medium/368726.jpg,2020-09-21 17:27:05,Average product rating out of 5: 4.4. Product score is based on 611 ratings,611,2 for $10.00,True
3f5e38d0-7bd7-433a-8c6d-0687fe800fc8,Woolworths Supermarket,Pantry,Woolworths Authentic French Dijon Mustard 200g,368776,$2.00,$1.00 / 100G,https://www.woolworths.com.au/shop/productdetails/368776/woolworths-authentic-french-dijon-mustard,https://cdn0.woolworths.media/content/wowproductimages/medium/368776.jpg,2020-09-21 17:27:05,Average product rating out of 5: 4.4. Product score is based on 286 ratings,286,,True
1e9a833c-4ce2-49b9-8432-f0176b2d318a,Woolworths Supermarket,Pantry,Woolworths Wholegrain Mustard 200g,368778,$2.00,$1.00 / 100G,https://www.woolworths.com.au/shop/productdetails/368778/woolworths-wholegrain-mustard,https://cdn0.woolworths.media/content/wowproductimages/medium/368778.jpg,2020-09-21 17:27:05,Average product rating out of 5: 4.5. Product score is based on 372 ratings,372,,True
86d2fb03-44f7-4f10-a858-4ca841c03f8b,Woolworths Supermarket,Pantry,Woolworths Apricot Delight 250g,369465,$6.00,$24.00 / 1KG,https://www.woolworths.com.au/shop/productdetails/369465/woolworths-apricot-delight,https://cdn0.woolworths.media/content/wowproductimages/medium/369465.jpg,2020-09-21 17:27:05,Average product rating out of 5: 3.9. Product score is based on 229 ratings,229,2 for $10.00,True
683b41a3-895a-4e5f-bd58-17b4d9de15a6,Woolworths Supermarket,Pantry,Woolworths Dried Apricot Fruit Pots 250g,369554,$6.00,$24.00 / 1KG,https://www.woolworths.com.au/shop/productdetails/369554/woolworths-dried-apricot-fruit-pots,https://cdn0.woolworths.media/content/wowproductimages/medium/369554.jpg,2020-09-21 17:27:05,Average product rating out of 5: 4.1. Product score is based on 423 ratings,423,2 for $10.00,True
a028ce2e-8e38-467b-9824-1b9cf25a01d8,Woolworths Supermarket,Pantry,Angas Park Prunes Pitted 1kg,369717,$12.50,$12.50 / 1KG,https://www.woolworths.com.au/shop/productdetails/369717/angas-park-prunes-pitted,https://cdn0.woolworths.media/content/wowproductimages/medium/369717.jpg,2020-09-21 17:27:05,,0,,True
3a7380c8-e8da-4c3e-ab58-b38dfac27235,Woolworths Supermarket,Pantry,Lucky Natural Sliced Almonds 110g,369808,$5.00,$45.45 / 1KG,https://www.woolworths.com.au/shop/productdetails/369808/lucky-natural-sliced-almonds,https://cdn0.woolworths.media/content/wowproductimages/medium/369808.jpg,2020-09-21 17:27:05,,0,,True
0cc105af-a1b4-4e29-8cf0-322d55e1475c,Woolworths Supermarket,Pantry,Masterfoods Barbecue Sauce 500ml,099696,$2.50,$0.50 / 100ML,https://www.woolworths.com.au/shop/productdetails/99696/masterfoods-barbecue-sauce,https://cdn0.woolworths.media/content/wowproductimages/medium/099696.jpg,2020-09-21 17:27:05,,0,,True
f6464ed8-8718-4146-8d42-aa897130992f,Woolworths Supermarket,Pantry,Doritos Share Pack Cheese Supreme 170g,826731,$2.75,$1.62 / 100G,https://www.woolworths.com.au/shop/productdetails/826731/doritos-share-pack-cheese-supreme,https://cdn0.woolworths.media/content/wowproductimages/medium/826731.jpg,2020-09-21 17:27:05,,0,,True
32f75701-99b7-4a8c-8904-21bc9ddc4188,Woolworths Supermarket,Pantry,Arnott's Shortbread 250g,008838,$2.50,$1.00 / 100G,https://www.woolworths.com.au/shop/productdetails/8838/arnott-s-shortbread,https://cdn0.woolworths.media/content/wowproductimages/medium/008838.jpg,2020-09-21 17:27:05,,0,,True
6abcafd7-54f4-42f1-b396-e119894d544f,Woolworths Supermarket,Pantry,Twisties Cheese Chips 90g,081659,$2.00,$2.22 / 100G,https://www.woolworths.com.au/shop/productdetails/81659/twisties-cheese-chips,https://cdn0.woolworths.media/content/wowproductimages/medium/081659.jpg,2020-09-21 17:27:05,,0,,True
ced2674f-1ebb-4012-ac70-9ac8e493fc57,Woolworths Supermarket,Pantry,Bertolli Extra Virgin Olive Oil Originale 750ml,502951,$6.50,$0.87 / 100ML,https://www.woolworths.com.au/shop/productdetails/502951/bertolli-extra-virgin-olive-oil-originale,https://cdn0.woolworths.media/content/wowproductimages/medium/502951.jpg,2020-09-21 17:27:05,,0,,True
e4ad3e59-23ec-4cf5-9fcf-ed976cfa87e8,Woolworths Supermarket,Pantry,Valcom Canned Bamboo Shoots Sliced 225g,097730,$1.10,$4.89 / 1KG,https://www.woolworths.com.au/shop/productdetails/97730/valcom-canned-bamboo-shoots-sliced,https://cdn0.woolworths.media/content/wowproductimages/medium/097730.jpg,2020-09-21 17:27:05,,0,,True
63f3505f-07e4-4615-b1f3-54c0d7cde561,Woolworths Supermarket,Pantry,Kellogg's Nutri-grain Protein Breakfast Cereal 290g,701706,$4.95,$1.71 / 100G,https://www.woolworths.com.au/shop/productdetails/701706/kellogg-s-nutri-grain-protein-breakfast-cereal,https://cdn0.woolworths.media/content/wowproductimages/medium/701706.jpg,2020-09-21 17:27:05,,0,,True
c65239ed-46de-499c-8854-034ef82547cb,Woolworths Supermarket,Pantry,Arnott's Malt O' Milk 250g,036036,$2.50,$1.00 / 100G,https://www.woolworths.com.au/shop/productdetails/36036/arnott-s-malt-o-milk,https://cdn0.woolworths.media/content/wowproductimages/medium/036036.jpg,2020-09-21 17:27:05,,0,,True
7485911a-e8c9-4f05-bab3-6ad6443decc3,Woolworths Supermarket,Pantry,Smith's Share Pack Crinkle Cut Salt & Vinegar 170g,826738,$2.75,$1.62 / 100G,https://www.woolworths.com.au/shop/productdetails/826738/smith-s-share-pack-crinkle-cut-salt-vinegar,https://cdn0.woolworths.media/content/wowproductimages/medium/826738.jpg,2020-09-21 17:27:05,,0,,True
245c6e21-c5d7-4ed0-b2ef-3b664a9cea1e,Woolworths Supermarket,Pantry,Arnott's Snack Right Sultana 250g,182697,$3.00,$1.20 / 100G,https://www.woolworths.com.au/shop/productdetails/182697/arnott-s-snack-right-sultana,https://cdn0.woolworths.media/content/wowproductimages/medium/182697.jpg,2020-09-21 17:27:05,,0,Was $4.20 11/02/2019,True
3866f689-64c1-4479-80a5-4ed0417b145a,Woolworths Supermarket,Pantry,Toblerone Milk Chocolate Bar 50g,047011,$1.00,$2.00 / 100G,https://www.woolworths.com.au/shop/productdetails/47011/toblerone-milk-chocolate-bar,https://cdn0.woolworths.media/content/wowproductimages/medium/047011.jpg,2020-09-21 17:27:05,,0,,True
d07f5707-2343-4778-8462-0a96ce3bd9f9,Woolworths Supermarket,Pantry,Kooka's Country Cookies Lemon 200g,347837,$2.00,$1.00 / 100G,https://www.woolworths.com.au/shop/productdetails/347837/kooka-s-country-cookies-lemon,https://cdn0.woolworths.media/content/wowproductimages/medium/347837.jpg,2020-09-21 17:27:05,,0,,True
8658ef9e-c89f-4c58-a761-71408ee8a4a7,Woolworths Supermarket,Pantry,Uncle Tobys Roll-ups Strawberry Fun Prints 6 pack,324231,$4.00,$4.26 / 100G,https://www.woolworths.com.au/shop/productdetails/324231/uncle-tobys-roll-ups-strawberry-fun-prints,https://cdn0.woolworths.media/content/wowproductimages/medium/324231.jpg,2020-09-21 17:27:05,,0,,True
f3c6fd5b-f6e6-46c9-918e-3591800e56f5,Woolworths Supermarket,Pantry,Woolworths Corn Sweet Kernels 420g,218926,$1.00,$2.38 / 1KG,https://www.woolworths.com.au/shop/productdetails/218926/woolworths-corn-sweet-kernels,https://cdn0.woolworths.media/content/wowproductimages/medium/218926.jpg,2020-09-21 17:27:05,Average product rating out of 5: 4.1. Product score is based on 215 ratings,215,,True
41359aa5-b6b3-43d4-81d8-010628e81b5f,Woolworths Supermarket,Pantry,Moccona Freeze Dried Instant Coffee Classic Medium Roast 400g,208575,$24.00,$6.00 / 100G,https://www.woolworths.com.au/shop/productdetails/208575/moccona-freeze-dried-instant-coffee-classic-medium-roast,https://cdn0.woolworths.media/content/wowproductimages/medium/208575.jpg,2020-09-21 17:27:05,,0,,True
d1082d0c-f8b5-4648-b42a-d49cef68e4bc,Woolworths Supermarket,Pantry,Macro Organic Quinoa Tri Colour 500g,717631,$7.00,$1.40 / 100G,https://www.woolworths.com.au/shop/productdetails/717631/macro-organic-quinoa-tri-colour,https://cdn0.woolworths.media/content/wowproductimages/medium/717631.jpg,2020-09-21 17:27:05,Average product rating out of 5: 4.6. Product score is based on 274 ratings,274,Was $9.99 09/01/2017,True
bd87e8b6-35d7-45a8-9734-ae725bfa598d,Woolworths Supermarket,Pantry,Arnott's Shapes Cheddar 175g,384244,$2.50,$1.43 / 100G,https://www.woolworths.com.au/shop/productdetails/384244/arnott-s-shapes-cheddar,https://cdn0.woolworths.media/content/wowproductimages/medium/384244.jpg,2020-09-21 17:27:05,,0,,True
1d146558-9dcb-464f-9976-b3860e86c6e6,Woolworths Supermarket,Pantry,Uncle Ben's Microwave Mexican Style Brown Rice 250g,727257,$3.00,$1.20 / 100G,https://www.woolworths.com.au/shop/productdetails/727257/uncle-ben-s-microwave-mexican-style-brown-rice,https://cdn0.woolworths.media/content/wowproductimages/medium/727257.jpg,2020-09-21 17:27:05,,0,,True
34a865e1-5d90-4195-ba67-123928783218,Woolworths Supermarket,Pantry,Pringles Sour Cream And Onion Chips 134g,479502,$2.50,$1.87 / 100G,https://www.woolworths.com.au/shop/productdetails/479502/pringles-sour-cream-and-onion-chips,https://cdn0.woolworths.media/content/wowproductimages/medium/479502.jpg,2020-09-21 17:27:05,,0,,True
b4706984-bab6-4c89-a8c6-6a8f20f77360,Woolworths Supermarket,Pantry,Sanitarium Up&go Liquid Breakfast Banana 6 pack,369908,$9.00,$6.00 / 1L,https://www.woolworths.com.au/shop/productdetails/369908/sanitarium-up-go-liquid-breakfast-banana,https://cdn0.woolworths.media/content/wowproductimages/medium/369908.jpg,2020-09-21 17:27:05,,0,,True
fe8388b8-e08b-4cdc-9afd-98bd03256b83,Woolworths Supermarket,Pantry,Snickers Chocolate Large Party Share Bag 20 Piece 360g,370079,$5.00,$1.39 / 100G,https://www.woolworths.com.au/shop/productdetails/370079/snickers-chocolate-large-party-share-bag-20-piece,https://cdn0.woolworths.media/content/wowproductimages/medium/370079.jpg,2020-09-21 17:27:05,,0,Was $6.00 14/11/16,True
cf7a57a6-b7cf-496d-95e4-07fd09a63985,Woolworths Supermarket,Pantry,La Zuppa Microwave Soup Chicken Veg & Wholegrain Rice 420g,370227,$3.50,$0.83 / 100G,https://www.woolworths.com.au/shop/productdetails/370227/la-zuppa-microwave-soup-chicken-veg-wholegrain-rice,https://cdn0.woolworths.media/content/wowproductimages/medium/370227.jpg,2020-09-21 17:27:05,,0,Was $4.00 09/04/2018,True
e39225a7-99d7-4902-942c-fe125905e076,Woolworths Supermarket,Pantry,Mckenzie's French Style Lentils 375g,370240,$3.35,$8.93 / 1KG,https://www.woolworths.com.au/shop/productdetails/370240/mckenzie-s-french-style-lentils,https://cdn0.woolworths.media/content/wowproductimages/medium/370240.jpg,2020-09-21 17:27:05,,0,,True
6e264a1e-a04b-4853-bbac-60be834ae8b1,Woolworths Supermarket,Pantry,Campbell's Country Ladle Canned Soup Chicken Noodle 500g,370259,$3.50,$0.70 / 100G,https://www.woolworths.com.au/shop/productdetails/370259/campbell-s-country-ladle-canned-soup-chicken-noodle,https://cdn0.woolworths.media/content/wowproductimages/medium/370259.jpg,2020-09-21 17:27:05,,0,,True
999fb716-b9d0-486d-88d9-db96aa27f106,Woolworths Supermarket,Pantry,Campbell's Country Ladle Creamy Pumpkin Creamy Pumpkin 500g,370260,$3.50,$0.70 / 100G,https://www.woolworths.com.au/shop/productdetails/370260/campbell-s-country-ladle-creamy-pumpkin-creamy-pumpkin,https://cdn0.woolworths.media/content/wowproductimages/medium/370260.jpg,2020-09-21 17:27:05,,0,,True
1a81cbac-461e-4081-8c4f-7e80b948a62c,Woolworths Supermarket,Pantry,Moro Light Taste Olive Oil 1l,370440,$12.00,$1.20 / 100ML,https://www.woolworths.com.au/shop/productdetails/370440/moro-light-taste-olive-oil,https://cdn0.woolworths.media/content/wowproductimages/medium/370440.jpg,2020-09-21 17:27:05,,0,Was $15.99 16/08/2016,True
924c56be-b3c6-4e4c-8176-592262634eff,Woolworths Supermarket,Pantry,Ayam Honey & Soy Marinade Sauce 210ml,370454,$3.50,$1.67 / 100ML,https://www.woolworths.com.au/shop/productdetails/370454/ayam-honey-soy-marinade-sauce,https://cdn0.woolworths.media/content/wowproductimages/medium/370454.jpg,2020-09-21 17:27:05,,0,,True
4273c2f9-9855-4553-90ef-ef2fe9e6c619,Woolworths Supermarket,Pantry,Kikkoman Soy Sauce Gluten Free Soy 250ml,370455,$5.00,$2.00 / 100ML,https://www.woolworths.com.au/shop/productdetails/370455/kikkoman-soy-sauce-gluten-free-soy,https://cdn0.woolworths.media/content/wowproductimages/medium/370455.jpg,2020-09-21 17:27:05,,0,,True
541b5425-094a-4f4d-b9ba-8dc3c0c2c345,Woolworths Supermarket,Pantry,Kikkoman Soy Sauce Soy Reduced Salt 600ml,370456,$8.40,$1.40 / 100ML,https://www.woolworths.com.au/shop/productdetails/370456/kikkoman-soy-sauce-soy-reduced-salt,https://cdn0.woolworths.media/content/wowproductimages/medium/370456.jpg,2020-09-21 17:27:05,,0,,True
3106bfe7-6479-4703-ac68-3e2c1a638b01,Woolworths Supermarket,Pantry,Nestle Aero Peppermint 118g block,370559,$4.50,$3.81 / 100G,https://www.woolworths.com.au/shop/productdetails/370559/nestle-aero-peppermint,https://cdn0.woolworths.media/content/wowproductimages/medium/370559.jpg,2020-09-21 17:27:05,,0,,True
a2dcb5ad-45a7-4812-b108-7abf36b60739,Woolworths Supermarket,Pantry,Nestle Milkybar Milk & Cookies 180g block,370563,$4.50,$2.50 / 100G,https://www.woolworths.com.au/shop/productdetails/370563/nestle-milkybar-milk-cookies,https://cdn0.woolworths.media/content/wowproductimages/medium/370563.jpg,2020-09-21 17:27:05,,0,,True
23a10fe7-1253-4977-a0d7-0385fa077991,Woolworths Supermarket,Pantry,Passage To India Simmer Sauce Mango Chicken 375g,370576,$4.70,$1.25 / 100G,https://www.woolworths.com.au/shop/productdetails/370576/passage-to-india-simmer-sauce-mango-chicken,https://cdn0.woolworths.media/content/wowproductimages/medium/370576.jpg,2020-09-21 17:27:05,,0,,True
87086441-88ee-4078-b080-9a59c733d2f9,Woolworths Supermarket,Pantry,Byron Bay Chilli Co. Chilli Sauce Green Jalapeno 250ml,370947,$4.29,$1.72 / 100ML,https://www.woolworths.com.au/shop/productdetails/370947/byron-bay-chilli-co-chilli-sauce-green-jalapeno,https://cdn0.woolworths.media/content/wowproductimages/medium/370947.jpg,2020-09-21 17:27:05,,0,,True
41b09aec-825c-4d36-819a-68a1fb1eca53,Woolworths Supermarket,Pantry,Moccona Freeze Dried Instant Coffee Rich 200g,371037,$13.00,$6.50 / 100G,https://www.woolworths.com.au/shop/productdetails/371037/moccona-freeze-dried-instant-coffee-rich,https://cdn0.woolworths.media/content/wowproductimages/medium/371037.jpg,2020-09-21 17:27:05,,0,,True
082921e0-b538-4f93-9e3d-29cdec3c53b5,Woolworths Supermarket,Pantry,Sunrice Steamed Rice Basmati 2 Quick Cups 240g,371049,$2.50,$1.04 / 100G,https://www.woolworths.com.au/shop/productdetails/371049/sunrice-steamed-rice-basmati-2-quick-cups,https://cdn0.woolworths.media/content/wowproductimages/medium/371049.jpg,2020-09-21 17:27:05,,0,Was $2.99 08/03/2016,True
ae6793db-8adf-4238-9336-bbe7682d459d,Woolworths Supermarket,Pantry,Sunrice Quick Cups Microwave Fragrant Jasmine Rice 250g,371052,$2.50,$1.00 / 100G,https://www.woolworths.com.au/shop/productdetails/371052/sunrice-quick-cups-microwave-fragrant-jasmine-rice,https://cdn0.woolworths.media/content/wowproductimages/medium/371052.jpg,2020-09-21 17:27:05,,0,Was $2.99 08/03/2016,True
7372884f-c151-4afb-b479-166defea45f3,Woolworths Supermarket,Pantry,Cobram Estate Extra Virgin Rich & Robust Olive Oil 750ml,371061,$15.00,$2.00 / 100ML,https://www.woolworths.com.au/shop/productdetails/371061/cobram-estate-extra-virgin-rich-robust-olive-oil,https://cdn0.woolworths.media/content/wowproductimages/medium/371061.jpg,2020-09-21 17:27:05,,0,,True
80255031-29a7-42a4-8085-9b2b9b74a298,Woolworths Supermarket,Pantry,Masterfoods Harissa Middle Eastern Spice Blend 37g,371816,$3.40,$0.92 / 10G,https://www.woolworths.com.au/shop/productdetails/371816/masterfoods-harissa-middle-eastern-spice-blend,https://cdn0.woolworths.media/content/wowproductimages/medium/371816.jpg,2020-09-21 17:27:05,,0,,True
3077ee6b-992a-415b-8640-47a6d4427fab,Woolworths Supermarket,Pantry,Capilano Manuka Honey 340g,373041,$8.50,$2.50 / 100G,https://www.woolworths.com.au/shop/productdetails/373041/capilano-manuka-honey,https://cdn0.woolworths.media/content/wowproductimages/medium/373041.jpg,2020-09-21 17:27:05,,0,,True
4b6d07f0-543b-43b9-a170-75aecbc2989a,Woolworths Supermarket,Pantry,Continental Stock Pot Beef 28g,373172,$3.50,$0.31 / 10G,https://www.woolworths.com.au/shop/productdetails/373172/continental-stock-pot-beef,https://cdn0.woolworths.media/content/wowproductimages/medium/373172.jpg,2020-09-21 17:27:05,,0,,True
96a1def6-c4e1-46b7-a947-01038b70bbd9,Woolworths Supermarket,Pantry,Continental Stock Pot Chicken 4pk 28g,373176,$3.50,$0.31 / 10G,https://www.woolworths.com.au/shop/productdetails/373176/continental-stock-pot-chicken,https://cdn0.woolworths.media/content/wowproductimages/medium/373176.jpg,2020-09-21 17:27:05,,0,,True
c8cf6ea4-4ee4-4f60-af22-60e7faa8b8dd,Woolworths Supermarket,Pantry,Woolworths Potato Whole 410g,373818,$1.60,$3.90 / 1KG,https://www.woolworths.com.au/shop/productdetails/373818/woolworths-potato-whole,https://cdn0.woolworths.media/content/wowproductimages/medium/373818.jpg,2020-09-21 17:27:05,Average product rating out of 5: 3.6. Product score is based on 286 ratings,286,,True
9c5857a5-ae01-4e34-9b93-45f69c4d6eed,Woolworths Supermarket,Pantry,Lee Kum Kee Ready Sauce Stir Fry Cantonese Beef 100g,373984,$1.70,$1.70 / 100G,https://www.woolworths.com.au/shop/productdetails/373984/lee-kum-kee-ready-sauce-stir-fry-cantonese-beef,https://cdn0.woolworths.media/content/wowproductimages/medium/373984.jpg,2020-09-21 17:27:05,,0,,True
63fdb2cd-8e85-4d0a-9060-d53a6421d81a,Woolworths Supermarket,Pantry,Masterfoods Barbecue Sauce 500ml,099696,$2.50,$0.50 / 100ML,https://www.woolworths.com.au/shop/productdetails/99696/masterfoods-barbecue-sauce,https://cdn0.woolworths.media/content/wowproductimages/medium/099696.jpg,2020-09-21 17:27:05,,0,,True
80692b70-b75d-4cb1-9288-848520df7c64,Woolworths Supermarket,Pantry,Doritos Share Pack Cheese Supreme 170g,826731,$2.75,$1.62 / 100G,https://www.woolworths.com.au/shop/productdetails/826731/doritos-share-pack-cheese-supreme,https://cdn0.woolworths.media/content/wowproductimages/medium/826731.jpg,2020-09-21 17:27:05,,0,,True
8424e7e7-3f26-44fc-b5d7-d3549a7c80f9,Woolworths Supermarket,Pantry,Arnott's Shortbread 250g,008838,$2.50,$1.00 / 100G,https://www.woolworths.com.au/shop/productdetails/8838/arnott-s-shortbread,https://cdn0.woolworths.media/content/wowproductimages/medium/008838.jpg,2020-09-21 17:27:05,,0,,True
c4909b4b-42b1-4c81-9b94-9dc66b375da6,Woolworths Supermarket,Pantry,Twisties Cheese Chips 90g,081659,$2.00,$2.22 / 100G,https://www.woolworths.com.au/shop/productdetails/81659/twisties-cheese-chips,https://cdn0.woolworths.media/content/wowproductimages/medium/081659.jpg,2020-09-21 17:27:05,,0,,True
0a78bf37-391f-4ac8-a3d8-d51de2c7e194,Woolworths Supermarket,Pantry,Bertolli Extra Virgin Olive Oil Originale 750ml,502951,$6.50,$0.87 / 100ML,https://www.woolworths.com.au/shop/productdetails/502951/bertolli-extra-virgin-olive-oil-originale,https://cdn0.woolworths.media/content/wowproductimages/medium/502951.jpg,2020-09-21 17:27:05,,0,,True
5330664a-722f-467f-9f26-4a8cea26d841,Woolworths Supermarket,Pantry,Valcom Canned Bamboo Shoots Sliced 225g,097730,$1.10,$4.89 / 1KG,https://www.woolworths.com.au/shop/productdetails/97730/valcom-canned-bamboo-shoots-sliced,https://cdn0.woolworths.media/content/wowproductimages/medium/097730.jpg,2020-09-21 17:27:05,,0,,True
d1009a26-a4bd-4f90-8876-359bc5e2cd40,Woolworths Supermarket,Pantry,Kellogg's Nutri-grain Protein Breakfast Cereal 290g,701706,$4.95,$1.71 / 100G,https://www.woolworths.com.au/shop/productdetails/701706/kellogg-s-nutri-grain-protein-breakfast-cereal,https://cdn0.woolworths.media/content/wowproductimages/medium/701706.jpg,2020-09-21 17:27:05,,0,,True
2d95fe07-db53-422f-86bb-3a66bf7ed712,Woolworths Supermarket,Pantry,Arnott's Malt O' Milk 250g,036036,$2.50,$1.00 / 100G,https://www.woolworths.com.au/shop/productdetails/36036/arnott-s-malt-o-milk,https://cdn0.woolworths.media/content/wowproductimages/medium/036036.jpg,2020-09-21 17:27:05,,0,,True
8b20e600-d83e-4fe9-93d8-550dd8f32167,Woolworths Supermarket,Pantry,Smith's Share Pack Crinkle Cut Salt & Vinegar 170g,826738,$2.75,$1.62 / 100G,https://www.woolworths.com.au/shop/productdetails/826738/smith-s-share-pack-crinkle-cut-salt-vinegar,https://cdn0.woolworths.media/content/wowproductimages/medium/826738.jpg,2020-09-21 17:27:05,,0,,True
b54ee794-f86f-4026-8d21-42194bb60809,Woolworths Supermarket,Pantry,Arnott's Snack Right Sultana 250g,182697,$3.00,$1.20 / 100G,https://www.woolworths.com.au/shop/productdetails/182697/arnott-s-snack-right-sultana,https://cdn0.woolworths.media/content/wowproductimages/medium/182697.jpg,2020-09-21 17:27:05,,0,Was $4.20 11/02/2019,True
78ceeb82-3b4f-404f-a83b-12371e96bebf,Woolworths Supermarket,Pantry,Toblerone Milk Chocolate Bar 50g,047011,$1.00,$2.00 / 100G,https://www.woolworths.com.au/shop/productdetails/47011/toblerone-milk-chocolate-bar,https://cdn0.woolworths.media/content/wowproductimages/medium/047011.jpg,2020-09-21 17:27:05,,0,,True
a67cd251-ca6f-412c-8e0b-ba4a061b95f9,Woolworths Supermarket,Pantry,Kooka's Country Cookies Lemon 200g,347837,$2.00,$1.00 / 100G,https://www.woolworths.com.au/shop/productdetails/347837/kooka-s-country-cookies-lemon,https://cdn0.woolworths.media/content/wowproductimages/medium/347837.jpg,2020-09-21 17:27:05,,0,,True
6721cd6c-69cd-46ca-a8e2-7fe63c622293,Woolworths Supermarket,Pantry,Uncle Tobys Roll-ups Strawberry Fun Prints 6 pack,324231,$4.00,$4.26 / 100G,https://www.woolworths.com.au/shop/productdetails/324231/uncle-tobys-roll-ups-strawberry-fun-prints,https://cdn0.woolworths.media/content/wowproductimages/medium/324231.jpg,2020-09-21 17:27:05,,0,,True
0b4147de-8992-4a4a-87cb-dbb77ff7b1db,Woolworths Supermarket,Pantry,Woolworths Corn Sweet Kernels 420g,218926,$1.00,$2.38 / 1KG,https://www.woolworths.com.au/shop/productdetails/218926/woolworths-corn-sweet-kernels,https://cdn0.woolworths.media/content/wowproductimages/medium/218926.jpg,2020-09-21 17:27:05,Average product rating out of 5: 4.1. Product score is based on 215 ratings,215,,True
64a7b541-c1e7-473f-8f6e-3a7d91558b7c,Woolworths Supermarket,Pantry,Moccona Freeze Dried Instant Coffee Classic Medium Roast 400g,208575,$24.00,$6.00 / 100G,https://www.woolworths.com.au/shop/productdetails/208575/moccona-freeze-dried-instant-coffee-classic-medium-roast,https://cdn0.woolworths.media/content/wowproductimages/medium/208575.jpg,2020-09-21 17:27:05,,0,,True
fd0df2b4-5e99-4ade-8b7a-e1197a0f511d,Woolworths Supermarket,Pantry,Macro Organic Quinoa Tri Colour 500g,717631,$7.00,$1.40 / 100G,https://www.woolworths.com.au/shop/productdetails/717631/macro-organic-quinoa-tri-colour,https://cdn0.woolworths.media/content/wowproductimages/medium/717631.jpg,2020-09-21 17:27:05,Average product rating out of 5: 4.6. Product score is based on 274 ratings,274,Was $9.99 09/01/2017,True
9b6b9a61-a99d-422c-90a5-cd5f6f93947f,Woolworths Supermarket,Pantry,Arnott's Shapes Cheddar 175g,384244,$2.50,$1.43 / 100G,https://www.woolworths.com.au/shop/productdetails/384244/arnott-s-shapes-cheddar,https://cdn0.woolworths.media/content/wowproductimages/medium/384244.jpg,2020-09-21 17:27:05,,0,,True
62255763-5542-4064-92ab-b50c32621d20,Woolworths Supermarket,Pantry,Uncle Ben's Microwave Mexican Style Brown Rice 250g,727257,$3.00,$1.20 / 100G,https://www.woolworths.com.au/shop/productdetails/727257/uncle-ben-s-microwave-mexican-style-brown-rice,https://cdn0.woolworths.media/content/wowproductimages/medium/727257.jpg,2020-09-21 17:27:05,,0,,True
ea40c2b4-2fd4-4574-9ff3-38c7e67e48da,Woolworths Supermarket,Pantry,Pringles Sour Cream And Onion Chips 134g,479502,$2.50,$1.87 / 100G,https://www.woolworths.com.au/shop/productdetails/479502/pringles-sour-cream-and-onion-chips,https://cdn0.woolworths.media/content/wowproductimages/medium/479502.jpg,2020-09-21 17:27:05,,0,,True
6a2f2d0a-6e6a-44f4-b31e-ee81e7d1a18c,Woolworths Supermarket,Pantry,Lee Kum Kee Ready Sauce Kung Pao Chicken 145g,373985,$1.70,$1.17 / 100G,https://www.woolworths.com.au/shop/productdetails/373985/lee-kum-kee-ready-sauce-kung-pao-chicken,https://cdn0.woolworths.media/content/wowproductimages/medium/373985.jpg,2020-09-21 17:27:05,,0,,True
ac3fde3d-6bed-4d00-902e-f9dbd69c3d53,Woolworths Supermarket,Pantry,Gravox Gravy Mix Supreme Chicken 200g,375110,$3.40,$0.17 / 10G,https://www.woolworths.com.au/shop/productdetails/375110/gravox-gravy-mix-supreme-chicken,https://cdn0.woolworths.media/content/wowproductimages/medium/375110.jpg,2020-09-21 17:27:05,,0,,True
a2de3a49-bf39-4bd4-9b81-473a780e64b0,Woolworths Supermarket,Pantry,"Masterfoods Stir Fry Sauce Honey, Garlic & Soy 175g",375114,$2.20,$1.26 / 100G,https://www.woolworths.com.au/shop/productdetails/375114/masterfoods-stir-fry-sauce-honey-garlic-soy,https://cdn0.woolworths.media/content/wowproductimages/medium/375114.jpg,2020-09-21 17:27:05,,0,3 for $6.00,True
38a7038b-25cd-4224-98ee-bd5a31ca5413,Woolworths Supermarket,Pantry,Masterfoods Mild Chicken Curry Slow Cook Recipe Base 175g,375118,$2.20,$1.26 / 100G,https://www.woolworths.com.au/shop/productdetails/375118/masterfoods-mild-chicken-curry-slow-cook-recipe-base,https://cdn0.woolworths.media/content/wowproductimages/medium/375118.jpg,2020-09-21 17:27:05,,0,3 for $6.00,True
86809d95-8c9d-4d37-b38e-2d703b2147ee,Woolworths Supermarket,Pantry,Sweet Baby Ray's Bbq Sauce 425ml,377119,$5.35,$1.26 / 100ML,https://www.woolworths.com.au/shop/productdetails/377119/sweet-baby-ray-s-bbq-sauce,https://cdn0.woolworths.media/content/wowproductimages/medium/377119.jpg,2020-09-21 17:27:05,,0,,True
b7d9398e-0c4f-47f5-ab18-08076a9c1f82,Woolworths Supermarket,Pantry,Cobs Popcorn Sea Salt Gluten Free 80g,377589,$1.42,$1.78 / 100G,https://www.woolworths.com.au/shop/productdetails/377589/cobs-popcorn-sea-salt-gluten-free,https://cdn0.woolworths.media/content/wowproductimages/medium/377589.jpg,2020-09-21 17:27:05,,0,,True
e3b6ad62-a60a-4635-b02c-4f427d44fa07,Woolworths Supermarket,Pantry,Cobs Popcorn Lightly Salted Slightly Sweet Gluten Free 120g,377593,$1.42,$1.18 / 100G,https://www.woolworths.com.au/shop/productdetails/377593/cobs-popcorn-lightly-salted-slightly-sweet-gluten-free,https://cdn0.woolworths.media/content/wowproductimages/medium/377593.jpg,2020-09-21 17:27:05,,0,,True
43e87fbd-2932-4fa6-81ea-b0931f223029,Woolworths Supermarket,Pantry,Parker's Multi Pack Pretzels Lightly Salted 6 pack,378031,$3.10,$2.07 / 100G,https://www.woolworths.com.au/shop/productdetails/378031/parker-s-multi-pack-pretzels-lightly-salted,https://cdn0.woolworths.media/content/wowproductimages/medium/378031.jpg,2020-09-21 17:27:05,,0,2 for $5.00,True
726d42f2-82f9-4603-a333-df8198e7605e,Woolworths Supermarket,Pantry,Cheezels Multipack 6pk 114g,378034,$3.35,$2.94 / 100G,https://www.woolworths.com.au/shop/productdetails/378034/cheezels-multipack-6pk,https://cdn0.woolworths.media/content/wowproductimages/medium/378034.jpg,2020-09-21 17:27:05,,0,2 for $5.00,True
1446e31e-aa8b-4990-b990-0e741e260d85,Woolworths Supermarket,Pantry,Woolworths Sea Salt Brown Rice Crackers 100g,378068,$1.35,$1.35 / 100G,https://www.woolworths.com.au/shop/productdetails/378068/woolworths-sea-salt-brown-rice-crackers,https://cdn0.woolworths.media/content/wowproductimages/medium/378068.jpg,2020-09-21 17:27:05,Average product rating out of 5: 4.2. Product score is based on 524 ratings,524,,True
59bc1c73-b460-478f-96df-7de196858321,Woolworths Supermarket,Pantry,Woolworths Multigrain Brown Rice Crackers 100g,378069,$1.35,$1.35 / 100G,https://www.woolworths.com.au/shop/productdetails/378069/woolworths-multigrain-brown-rice-crackers,https://cdn0.woolworths.media/content/wowproductimages/medium/378069.jpg,2020-09-21 17:27:05,Average product rating out of 5: 4.3. Product score is based on 649 ratings,649,,True
8b95859b-cf49-4aa6-ae93-b36f022fc1d4,Woolworths Supermarket,Pantry,Kez's Kitchen Gluten & Dairy Free Melting Moment Biscuits 190g,378654,$7.00,$3.68 / 100G,https://www.woolworths.com.au/shop/productdetails/378654/kez-s-kitchen-gluten-dairy-free-melting-moment-biscuits,https://cdn0.woolworths.media/content/wowproductimages/medium/378654.jpg,2020-09-21 17:27:05,Average product rating out of 5: 4.5. Product score is based on 19 ratings,19,,True
5f793fe9-2285-4ade-a38a-cca202a8a343,Woolworths Supermarket,Pantry,Queen Frosting Royal Icing 330g,378733,$3.50,$1.06 / 100G,https://www.woolworths.com.au/shop/productdetails/378733/queen-frosting-royal-icing,https://cdn0.woolworths.media/content/wowproductimages/medium/378733.jpg,2020-09-21 17:27:05,,0,,True
4a77d2d5-6b4f-4517-84b3-cd7f22118e4d,Woolworths Supermarket,Pantry,Woolworths Roasted & Salted Pistachios 170g,378821,$6.00,$35.29 / 1KG,https://www.woolworths.com.au/shop/productdetails/378821/woolworths-roasted-salted-pistachios,https://cdn0.woolworths.media/content/wowproductimages/medium/378821.jpg,2020-09-21 17:27:05,Average product rating out of 5: 4.5. Product score is based on 328 ratings,328,2 for $10.00,True
ee2b2120-d6df-4d1e-9efb-b2905eb9329d,Woolworths Supermarket,Pantry,Buontempo Gluten & Wheat Free Pasta Penne Pasta 500g,378932,$3.40,$0.68 / 100G,https://www.woolworths.com.au/shop/productdetails/378932/buontempo-gluten-wheat-free-pasta-penne-pasta,https://cdn0.woolworths.media/content/wowproductimages/medium/378932.jpg,2020-09-21 17:27:05,Average product rating out of 5: 4.8. Product score is based on 41 ratings,41,,True
cdaf7306-3476-4f52-8466-74d29fb41278,Woolworths Supermarket,Pantry,Buontempo Gluten & Wheat Free Pasta Spirals Pasta 500g,378934,$3.40,$0.68 / 100G,https://www.woolworths.com.au/shop/productdetails/378934/buontempo-gluten-wheat-free-pasta-spirals-pasta,https://cdn0.woolworths.media/content/wowproductimages/medium/378934.jpg,2020-09-21 17:27:05,Average product rating out of 5: 4.6. Product score is based on 69 ratings,69,,True
ca5b970d-0114-4909-abde-fff186f5da50,Woolworths Supermarket,Pantry,Well Naturally Bars Mint Chocolate Sugar Free 90g,379293,$3.50,$3.89 / 100G,https://www.woolworths.com.au/shop/productdetails/379293/well-naturally-bars-mint-chocolate-sugar-free,https://cdn0.woolworths.media/content/wowproductimages/medium/379293.jpg,2020-09-21 17:27:05,Average product rating out of 5: 4.8. Product score is based on 14 ratings,14,,True
66c35eec-42e9-4e0f-b4ad-8240ba66687e,Woolworths Supermarket,Pantry,Old El Paso Mexican Guacamole Spice Mix 30g,379648,$2.00,$6.67 / 100G,https://www.woolworths.com.au/shop/productdetails/379648/old-el-paso-mexican-guacamole-spice-mix,https://cdn0.woolworths.media/content/wowproductimages/medium/379648.jpg,2020-09-21 17:27:05,,0,,True
4e7e66f9-e2c6-454a-8387-4ca1a31a08c5,Woolworths Supermarket,Pantry,Mission White Corn Tortillas 12 pack,379736,$1.90,$0.61 / 100G,https://www.woolworths.com.au/shop/productdetails/379736/mission-white-corn-tortillas,https://cdn0.woolworths.media/content/wowproductimages/medium/379736.jpg,2020-09-21 17:27:05,,0,,True
ea13b834-5122-4143-b03a-a327175d47ee,Woolworths Supermarket,Pantry,Mission Corn Chips Chilli & Lime 230g,379739,$2.75,$1.20 / 100G,https://www.woolworths.com.au/shop/productdetails/379739/mission-corn-chips-chilli-lime,https://cdn0.woolworths.media/content/wowproductimages/medium/379739.jpg,2020-09-21 17:27:05,,0,,True
a4846c89-446b-48e4-8327-afd8e514e8a3,Woolworths Supermarket,Pantry,Chupa Chups Lollipops Best Of 25 pack,379909,$5.60,$1.87 / 100G,https://www.woolworths.com.au/shop/productdetails/379909/chupa-chups-lollipops-best-of,https://cdn0.woolworths.media/content/wowproductimages/medium/379909.jpg,2020-09-21 17:27:05,,0,,True
1438df94-c02c-4508-8c9e-cf5ab10b7883,Woolworths Supermarket,Pantry,All Natural Bakery Bars Oat Slice Yog Almond & Apricot 100g,380715,$2.70,$2.70 / 100G,https://www.woolworths.com.au/shop/productdetails/380715/all-natural-bakery-bars-oat-slice-yog-almond-apricot,https://cdn0.woolworths.media/content/wowproductimages/medium/380715.jpg,2020-09-21 17:27:05,Average product rating out of 5: 4.6. Product score is based on 10 ratings,10,,True
bfcc225a-8612-4e08-bc30-8ad9f0063d85,Woolworths Supermarket,Pantry,Woolworths Macadamias Kernels Raw 400g pack,380789,$17.00,$42.50 / 1KG,https://www.woolworths.com.au/shop/productdetails/380789/woolworths-macadamias-kernels-raw,https://cdn0.woolworths.media/content/wowproductimages/medium/380789.jpg,2020-09-21 17:27:05,,0,,True
581fd0be-6ea9-4c69-a47c-668995410850,Woolworths Supermarket,Pantry,Woolworths Macadamias Roasted & Salted 400g pack,380791,$18.00,$45.00 / 1KG,https://www.woolworths.com.au/shop/productdetails/380791/woolworths-macadamias-roasted-salted,https://cdn0.woolworths.media/content/wowproductimages/medium/380791.jpg,2020-09-21 17:27:05,,0,,True
84e68b79-4b3d-4952-a076-f5c1ce725058,Woolworths Supermarket,Pantry,Sunbites Grain Waves Sour Cream & Chives 5 pack,720220,$3.10,$2.82 / 100G,https://www.woolworths.com.au/shop/productdetails/720220/sunbites-grain-waves-sour-cream-chives,https://cdn0.woolworths.media/content/wowproductimages/medium/720220.jpg,2020-09-21 17:27:05,,0,2 for $5.00,True
71e46a25-9a70-4cc5-885a-bae1808bbda5,Woolworths Supermarket,Pantry,Nescafe Blend 43 Soluble Instant Coffee 500g,035694,$20.00,$4.00 / 100G,https://www.woolworths.com.au/shop/productdetails/35694/nescafe-blend-43-soluble-instant-coffee,https://cdn0.woolworths.media/content/wowproductimages/medium/035694.jpg,2020-09-21 17:27:05,,0,,True
8df07715-1e21-4993-b6c1-5e247496266a,Woolworths Supermarket,Pantry,Beechworth Pure Honey 1.5kg,250371,$22.00,$1.47 / 100G,https://www.woolworths.com.au/shop/productdetails/250371/beechworth-pure-honey,https://cdn0.woolworths.media/content/wowproductimages/medium/250371.jpg,2020-09-21 17:27:05,,0,,True
f5f74756-856d-4abb-9cf6-f82fd9a69795,Woolworths Supermarket,Pantry,Woolworths Walnuts Kernel 500g,749540,$11.00,$22.00 / 1KG,https://www.woolworths.com.au/shop/productdetails/749540/woolworths-walnuts-kernel,https://cdn0.woolworths.media/content/wowproductimages/medium/749540.jpg,2020-09-21 17:27:05,Average product rating out of 5: 4.8. Product score is based on 360 ratings,360,,True
eb80bff9-bee0-4833-a5b3-5d164d8338e5,Woolworths Supermarket,Pantry,Ritz Crackers Original 300g,660562,$2.50,$0.83 / 100G,https://www.woolworths.com.au/shop/productdetails/660562/ritz-crackers-original,https://cdn0.woolworths.media/content/wowproductimages/medium/660562.jpg,2020-09-21 17:27:05,,0,,True
488a6f3e-1def-4290-bca5-8942d77f4e89,Woolworths Supermarket,Pantry,Woolworths White Rice Long Grain 5kg,072779,$6.70,$0.13 / 100G,https://www.woolworths.com.au/shop/productdetails/72779/woolworths-white-rice-long-grain,https://cdn0.woolworths.media/content/wowproductimages/medium/072779.jpg,2020-09-21 17:27:05,Average product rating out of 5: 4.8. Product score is based on 14 ratings,14,,True
927017fa-4bb9-42e8-a518-7572952ee89e,Woolworths Supermarket,Pantry,Bertolli Extra Virgin Olive Oil Originale 750ml,502951,$6.50,$0.87 / 100ML,https://www.woolworths.com.au/shop/productdetails/502951/bertolli-extra-virgin-olive-oil-originale,https://cdn0.woolworths.media/content/wowproductimages/medium/502951.jpg,2020-09-21 17:27:05,,0,,True
2c0d9293-0072-4778-b46c-f779accb79bb,Woolworths Supermarket,Pantry,Woolworths Diced Italian Tomatoes No Added Salt 400g,770320,$0.80,$2.00 / 1KG,https://www.woolworths.com.au/shop/productdetails/770320/woolworths-diced-italian-tomatoes-no-added-salt,https://cdn0.woolworths.media/content/wowproductimages/medium/770320.jpg,2020-09-21 17:27:05,Average product rating out of 5: 4.7. Product score is based on 311 ratings,311,,True
38923b75-b562-40ee-a9a2-e4b3eff9527b,Woolworths Supermarket,Pantry,Moccona Freeze Dried Instant Coffee Classic Medium Roast 400g,208575,$24.00,$6.00 / 100G,https://www.woolworths.com.au/shop/productdetails/208575/moccona-freeze-dried-instant-coffee-classic-medium-roast,https://cdn0.woolworths.media/content/wowproductimages/medium/208575.jpg,2020-09-21 17:27:05,,0,,True
99d57791-89f6-4a60-b36c-b0122445ec2f,Woolworths Supermarket,Pantry,Vege Chips Chicken Style 100g,793382,$3.80,$3.80 / 100G,https://www.woolworths.com.au/shop/productdetails/793382/vege-chips-chicken-style,https://cdn0.woolworths.media/content/wowproductimages/medium/793382.jpg,2020-09-21 17:27:05,Average product rating out of 5: 4.7. Product score is based on 20 ratings,20,,True
f247485e-336f-4135-943a-440f70f416e9,Woolworths Supermarket,Pantry,Woolworths Rolled Traditional Oats 750g,321220,$1.40,$0.19 / 100G,https://www.woolworths.com.au/shop/productdetails/321220/woolworths-rolled-traditional-oats,https://cdn0.woolworths.media/content/wowproductimages/medium/321220.jpg,2020-09-21 17:27:05,Average product rating out of 5: 4.6. Product score is based on 748 ratings,748,,True
46b432b2-0487-4fb7-adc3-dcc7aaefebd5,Woolworths Supermarket,Pantry,Macro Organic Quinoa Tri Colour 500g,717631,$7.00,$1.40 / 100G,https://www.woolworths.com.au/shop/productdetails/717631/macro-organic-quinoa-tri-colour,https://cdn0.woolworths.media/content/wowproductimages/medium/717631.jpg,2020-09-21 17:27:05,Average product rating out of 5: 4.6. Product score is based on 274 ratings,274,Was $9.99 09/01/2017,True
0c986a3b-41af-497d-9d1c-5f10d1546332,Woolworths Supermarket,Pantry,Arnott's Monte Carlo 250g,036031,$3.00,$1.20 / 100G,https://www.woolworths.com.au/shop/productdetails/36031/arnott-s-monte-carlo,https://cdn0.woolworths.media/content/wowproductimages/medium/036031.jpg,2020-09-21 17:27:05,,0,,True
95740e6a-dae5-4399-920a-22795f4b9681,Woolworths Supermarket,Pantry,Cadbury Dairy Milk Chocolate Fair Trade 350g,757883,$5.00,$1.43 / 100G,https://www.woolworths.com.au/shop/productdetails/757883/cadbury-dairy-milk-chocolate-fair-trade,https://cdn0.woolworths.media/content/wowproductimages/medium/757883.jpg,2020-09-21 17:27:05,,0,Was $6.30 16/01/2017,True
7bfdcf38-30cb-4156-8379-0b49e1b5e913,Woolworths Supermarket,Pantry,Woolworths Almond Meal 400g,610610,$7.50,$18.75 / 1KG,https://www.woolworths.com.au/shop/productdetails/610610/woolworths-almond-meal,https://cdn0.woolworths.media/content/wowproductimages/medium/610610.jpg,2020-09-21 17:27:05,Average product rating out of 5: 4.6. Product score is based on 326 ratings,326,Was $9.00 22/07/2020,True
2b242271-8d2a-4b1d-a97a-78c5bed8d1e0,Woolworths Supermarket,Pantry,Continental Cup A Soup Creamy Chicken With Lots Of Noodles 2 pack,026649,$2.00,$3.33 / 100G,https://www.woolworths.com.au/shop/productdetails/26649/continental-cup-a-soup-creamy-chicken-with-lots-of-noodles,https://cdn0.woolworths.media/content/wowproductimages/medium/026649.jpg,2020-09-21 17:27:05,,0,,True
369eab02-c93c-4113-b900-add860340c69,Woolworths Supermarket,Pantry,Mckenzie's Himalayan Salt Rock Pink 400g,749926,$5.95,$0.15 / 10G,https://www.woolworths.com.au/shop/productdetails/749926/mckenzie-s-himalayan-salt-rock-pink,https://cdn0.woolworths.media/content/wowproductimages/medium/749926.jpg,2020-09-21 17:27:05,,0,,True
19a313cd-5c14-4746-bcc6-e4c9bd21ab94,Woolworths Supermarket,Pantry,Queen Organic Vanilla Bean Paste 65g,225399,$11.80,$18.15 / 100G,https://www.woolworths.com.au/shop/productdetails/225399/queen-organic-vanilla-bean-paste,https://cdn0.woolworths.media/content/wowproductimages/medium/225399.jpg,2020-09-21 17:27:05,,0,,True
ad6f6af5-cb6d-4420-a84f-555eeac24019,Woolworths Supermarket,Pantry,Cobram Estate Extra Virgin Light Olive Oil 750ml,345955,$15.00,$2.00 / 100ML,https://www.woolworths.com.au/shop/productdetails/345955/cobram-estate-extra-virgin-light-olive-oil,https://cdn0.woolworths.media/content/wowproductimages/medium/345955.jpg,2020-09-21 17:27:05,,0,,True
64fcbcd4-d709-428b-94c7-aabe58402246,Woolworths Supermarket,Pantry,Sanitarium Weet-bix Breakfast Cereal 1.2kg,200695,$5.00,$0.42 / 100G,https://www.woolworths.com.au/shop/productdetails/200695/sanitarium-weet-bix-breakfast-cereal,https://cdn0.woolworths.media/content/wowproductimages/medium/200695.jpg,2020-09-21 17:27:05,,0,,True
9f13ed70-52fe-4183-a593-caea11d74b3d,Woolworths Supermarket,Pantry,Woolworths Cashew & Macadamia Roasted & Salted 400g pack,380794,$16.00,$40.00 / 1KG,https://www.woolworths.com.au/shop/productdetails/380794/woolworths-cashew-macadamia-roasted-salted,https://cdn0.woolworths.media/content/wowproductimages/medium/380794.jpg,2020-09-21 17:27:05,Average product rating out of 5: 4.3. Product score is based on 461 ratings,461,,True
863b496d-2044-4971-9a22-548abae515ea,Woolworths Supermarket,Pantry,Aeroplane Jelly Lite Vanilla Berry 2x9g,380903,$1.90,$10.56 / 100G,https://www.woolworths.com.au/shop/productdetails/380903/aeroplane-jelly-lite-vanilla-berry,https://cdn0.woolworths.media/content/wowproductimages/medium/380903.jpg,2020-09-21 17:27:05,,0,,True
c9c434a1-d06b-4e61-8990-05782dfe97f1,Woolworths Supermarket,Pantry,Laucke Pizza & Focaccia Dough Mix 1kg,381343,$6.40,$6.40 / 1KG,https://www.woolworths.com.au/shop/productdetails/381343/laucke-pizza-focaccia-dough-mix,https://cdn0.woolworths.media/content/wowproductimages/medium/381343.jpg,2020-09-21 17:27:05,,0,,True
fb8d9ae5-ee03-43d6-802a-1da53f4fc903,Woolworths Supermarket,Pantry,Lion Classic Scone Mix 535g,381389,$3.80,$7.10 / 1KG,https://www.woolworths.com.au/shop/productdetails/381389/lion-classic-scone-mix,https://cdn0.woolworths.media/content/wowproductimages/medium/381389.jpg,2020-09-21 17:27:05,,0,,True
b80e1c9c-bef2-49d6-9f74-88f948c1425a,Woolworths Supermarket,Pantry,Winn Cherries Red Glace 200g,383039,$4.50,$22.50 / 1KG,https://www.woolworths.com.au/shop/productdetails/383039/winn-cherries-red-glace,https://cdn0.woolworths.media/content/wowproductimages/medium/383039.jpg,2020-09-21 17:27:05,,0,,True
42aec105-7a81-466a-9f17-1894a42800e5,Woolworths Supermarket,Pantry,Arnott's Shapes Cheddar 175g,384244,$2.50,$1.43 / 100G,https://www.woolworths.com.au/shop/productdetails/384244/arnott-s-shapes-cheddar,https://cdn0.woolworths.media/content/wowproductimages/medium/384244.jpg,2020-09-21 17:27:05,,0,,True
64fd1f6c-80e2-475a-a580-a173553748c6,Woolworths Supermarket,Pantry,Arnott's Shapes Chicken Crimpy 175g,384245,$2.50,$1.43 / 100G,https://www.woolworths.com.au/shop/productdetails/384245/arnott-s-shapes-chicken-crimpy,https://cdn0.woolworths.media/content/wowproductimages/medium/384245.jpg,2020-09-21 17:27:05,,0,,True
374f80ad-b3d9-47e3-bb28-31943587de7c,Woolworths Supermarket,Pantry,Arnott's Shapes Savoury 185g,384246,$2.50,$1.35 / 100G,https://www.woolworths.com.au/shop/productdetails/384246/arnott-s-shapes-savoury,https://cdn0.woolworths.media/content/wowproductimages/medium/384246.jpg,2020-09-21 17:27:05,,0,,True
852c9503-bca8-4b6e-a0a0-e3d0f37df335,Woolworths Supermarket,Pantry,Arnott's Shapes Cheese & Bacon 180g,384247,$2.50,$1.39 / 100G,https://www.woolworths.com.au/shop/productdetails/384247/arnott-s-shapes-cheese-bacon,https://cdn0.woolworths.media/content/wowproductimages/medium/384247.jpg,2020-09-21 17:27:05,,0,,True
d3ff13fa-0047-458c-b9c6-03a461c28f4f,Woolworths Supermarket,Pantry,Cobs Popcorn Cheddar Cheese Gluten Free 100g,384755,$1.42,$1.42 / 100G,https://www.woolworths.com.au/shop/productdetails/384755/cobs-popcorn-cheddar-cheese-gluten-free,https://cdn0.woolworths.media/content/wowproductimages/medium/384755.jpg,2020-09-21 17:27:05,,0,,True
c9168a09-2e07-4a5a-bf50-9b27eeb4f3fc,Woolworths Supermarket,Pantry,Avofresh Soft Avocado Lime & Black Pepper 160g tube,405658,$5.50,$3.44 / 100G,https://www.woolworths.com.au/shop/productdetails/405658/avofresh-soft-avocado-lime-black-pepper,https://cdn0.woolworths.media/content/wowproductimages/medium/405658.jpg,2020-09-21 17:27:05,,0,,True
6968f219-1276-4178-b57e-0c5f18a2a088,Woolworths Supermarket,Pantry,Red Seal Lemon & Lime Hot Or Cold Brew Tea 20 pack,413169,,,https://www.woolworths.com.au/shop/productdetails/413169/red-seal-lemon-lime-hot-or-cold-brew-tea,https://cdn0.woolworths.media/content/wowproductimages/medium/413169.jpg,2020-09-21 17:27:05,,0,,False
e0230cd3-f55f-438a-86ed-216d26863591,Woolworths Supermarket,Pantry,Red Seal Raspberry & Strawberry Hot Or Cold Brew Tea 20 pack,413302,$3.00,$0.15 / 1EA,https://www.woolworths.com.au/shop/productdetails/413302/red-seal-raspberry-strawberry-hot-or-cold-brew-tea,https://cdn0.woolworths.media/content/wowproductimages/medium/413302.jpg,2020-09-21 17:27:05,,0,,True
3812c29e-6c33-465c-80c8-77f59c93d1cd,Woolworths Supermarket,Pantry,Ceres Roasted Seaweed Nori Snack 11.3g,419941,$4.00,$35.40 / 100G,https://www.woolworths.com.au/shop/productdetails/419941/ceres-roasted-seaweed-nori-snack,https://cdn0.woolworths.media/content/wowproductimages/medium/419941.jpg,2020-09-21 17:27:05,Average product rating out of 5: 4.6. Product score is based on 9 ratings,9,,True
f5149e12-4d54-4d9b-bc9d-deeb4e8e83ef,Woolworths Supermarket,Pantry,Sanitarium Up&go Liquid Breakfast Honeycomb 3 pack,420010,$4.80,$6.40 / 1L,https://www.woolworths.com.au/shop/productdetails/420010/sanitarium-up-go-liquid-breakfast-honeycomb,https://cdn0.woolworths.media/content/wowproductimages/medium/420010.jpg,2020-09-21 17:27:05,,0,,True
fb40743f-777f-4fab-b7bf-b1dd5a711295,Woolworths Supermarket,Pantry,Lindt Excellence Dark Chocolate Roasted Hazelnut 100g block,421304,$3.00,$3.00 / 100G,https://www.woolworths.com.au/shop/productdetails/421304/lindt-excellence-dark-chocolate-roasted-hazelnut,https://cdn0.woolworths.media/content/wowproductimages/medium/421304.jpg,2020-09-21 17:27:05,,0,,True
d68f17e9-212e-44e7-b865-830dc3cc3822,Woolworths Supermarket,Pantry,Kan Tong Honey Soy Garlic Stir Fry Sauce 500g,421920,$2.80,$0.56 / 100G,https://www.woolworths.com.au/shop/productdetails/421920/kan-tong-honey-soy-garlic-stir-fry-sauce,https://cdn0.woolworths.media/content/wowproductimages/medium/421920.jpg,2020-09-21 17:27:05,,0,,True
d54ca40b-6922-46a3-b7a9-f18945c108b4,Woolworths Supermarket,Pantry,Kintra Foods Dandy Chai Blend 90g,425685,$6.90,$7.67 / 100G,https://www.woolworths.com.au/shop/productdetails/425685/kintra-foods-dandy-chai-blend,https://cdn0.woolworths.media/content/wowproductimages/medium/425685.jpg,2020-09-21 17:27:05,,0,,True
b00956fd-f6b3-4198-b2c2-bd99d0c9034d,Woolworths Supermarket,Pantry,Ito En Matcha Green Tea Traditional 20 pack,426222,$6.00,$0.30 / 1EA,https://www.woolworths.com.au/shop/productdetails/426222/ito-en-matcha-green-tea-traditional,https://cdn0.woolworths.media/content/wowproductimages/medium/426222.jpg,2020-09-21 17:27:05,,0,,True
9828f906-3ee9-41cb-bcd3-d424f1cef04f,Woolworths Supermarket,Pantry,Madura Organic English Breakfast Tea Bags 100ea,427868,$9.90,$0.10 / 1EA,https://www.woolworths.com.au/shop/productdetails/427868/madura-organic-english-breakfast-tea-bags,https://cdn0.woolworths.media/content/wowproductimages/medium/427868.jpg,2020-09-21 17:27:05,,0,,True
9bb671fe-3a51-44cd-871b-4d62430a2aae,Woolworths Supermarket,Pantry,Madura Black Leaf Tea Organic 150g,427884,$5.95,$3.97 / 100G,https://www.woolworths.com.au/shop/productdetails/427884/madura-black-leaf-tea-organic,https://cdn0.woolworths.media/content/wowproductimages/medium/427884.jpg,2020-09-21 17:27:05,,0,,True
eda1963d-a535-45ca-970f-bb3c3f106c87,Woolworths Supermarket,Pantry,Madura Green Leaf Tea Organic 150g,427885,$5.95,$3.97 / 100G,https://www.woolworths.com.au/shop/productdetails/427885/madura-green-leaf-tea-organic,https://cdn0.woolworths.media/content/wowproductimages/medium/427885.jpg,2020-09-21 17:27:05,,0,,True
ce7c8665-4782-4bd8-be5c-e37e37cd89bd,Woolworths Supermarket,Pantry,Kellogg's Corn Flakes Gluten Free Breakfast Cereal 270g,428308,$3.50,$1.30 / 100G,https://www.woolworths.com.au/shop/productdetails/428308/kellogg-s-corn-flakes-gluten-free-breakfast-cereal,https://cdn0.woolworths.media/content/wowproductimages/medium/428308.jpg,2020-09-21 17:27:05,Average product rating out of 5: 4.8. Product score is based on 29 ratings,29,Was $3.99 07/06/2018,True
67f6ec53-c0bb-43b1-9975-2e1ed8a97a57,Woolworths Supermarket,Pantry,Kellogg's Special K Gluten Free Breakfast Cereal 330g,428309,$5.50,$1.67 / 100G,https://www.woolworths.com.au/shop/productdetails/428309/kellogg-s-special-k-gluten-free-breakfast-cereal,https://cdn0.woolworths.media/content/wowproductimages/medium/428309.jpg,2020-09-21 17:27:05,Average product rating out of 5: 4.6. Product score is based on 25 ratings,25,Was $5.99 02/07/2018,True
282ee8c7-9352-4241-83c8-715e9140a7ed,Woolworths Supermarket,Pantry,Sunbites Grain Waves Sour Cream & Chives 5 pack,720220,$3.10,$2.82 / 100G,https://www.woolworths.com.au/shop/productdetails/720220/sunbites-grain-waves-sour-cream-chives,https://cdn0.woolworths.media/content/wowproductimages/medium/720220.jpg,2020-09-21 17:27:05,,0,2 for $5.00,True
1d5cda21-afa0-40c1-838f-9b406250af05,Woolworths Supermarket,Pantry,Cobram Estate Extra Virgin Light Olive Oil 750ml,345955,$15.00,$2.00 / 100ML,https://www.woolworths.com.au/shop/productdetails/345955/cobram-estate-extra-virgin-light-olive-oil,https://cdn0.woolworths.media/content/wowproductimages/medium/345955.jpg,2020-09-21 17:27:05,,0,,True
af27e2c1-6cd0-4b98-8775-61ef5c40f445,Woolworths Supermarket,Pantry,Beechworth Pure Honey 1.5kg,250371,$22.00,$1.47 / 100G,https://www.woolworths.com.au/shop/productdetails/250371/beechworth-pure-honey,https://cdn0.woolworths.media/content/wowproductimages/medium/250371.jpg,2020-09-21 17:27:05,,0,,True
724605a5-dc57-4abb-af93-865c7f7a68cc,Woolworths Supermarket,Pantry,Bertolli Extra Virgin Olive Oil Originale 750ml,502951,$6.50,$0.87 / 100ML,https://www.woolworths.com.au/shop/productdetails/502951/bertolli-extra-virgin-olive-oil-originale,https://cdn0.woolworths.media/content/wowproductimages/medium/502951.jpg,2020-09-21 17:27:05,,0,,True
91caf17f-d00b-4e3e-8416-eb35626b9658,Woolworths Supermarket,Pantry,Woolworths Walnuts Kernel 500g,749540,$11.00,$22.00 / 1KG,https://www.woolworths.com.au/shop/productdetails/749540/woolworths-walnuts-kernel,https://cdn0.woolworths.media/content/wowproductimages/medium/749540.jpg,2020-09-21 17:27:05,Average product rating out of 5: 4.8. Product score is based on 360 ratings,360,,True
2a51b8fb-b336-4d5b-8f99-8a00856ddf9b,Woolworths Supermarket,Pantry,Queen Organic Vanilla Bean Paste 65g,225399,$11.80,$18.15 / 100G,https://www.woolworths.com.au/shop/productdetails/225399/queen-organic-vanilla-bean-paste,https://cdn0.woolworths.media/content/wowproductimages/medium/225399.jpg,2020-09-21 17:27:05,,0,,True
470e43b4-6b73-4f99-b781-076a4b883e3c,Woolworths Supermarket,Pantry,Cadbury Dairy Milk Chocolate Fair Trade 350g,757883,$5.00,$1.43 / 100G,https://www.woolworths.com.au/shop/productdetails/757883/cadbury-dairy-milk-chocolate-fair-trade,https://cdn0.woolworths.media/content/wowproductimages/medium/757883.jpg,2020-09-21 17:27:05,,0,Was $6.30 16/01/2017,True
7ee4c3e6-4407-4f00-9db6-99557f888da8,Woolworths Supermarket,Pantry,Woolworths White Rice Long Grain 5kg,072779,$6.70,$0.13 / 100G,https://www.woolworths.com.au/shop/productdetails/72779/woolworths-white-rice-long-grain,https://cdn0.woolworths.media/content/wowproductimages/medium/072779.jpg,2020-09-21 17:27:05,Average product rating out of 5: 4.8. Product score is based on 14 ratings,14,,True
91640adb-9ef9-4195-906b-fb80328621be,Woolworths Supermarket,Pantry,Moccona Freeze Dried Instant Coffee Classic Medium Roast 400g,208575,$24.00,$6.00 / 100G,https://www.woolworths.com.au/shop/productdetails/208575/moccona-freeze-dried-instant-coffee-classic-medium-roast,https://cdn0.woolworths.media/content/wowproductimages/medium/208575.jpg,2020-09-21 17:27:05,,0,,True
d1cabac7-71f4-4471-a9da-854ba0875318,Woolworths Supermarket,Pantry,Arnott's Monte Carlo 250g,036031,$3.00,$1.20 / 100G,https://www.woolworths.com.au/shop/productdetails/36031/arnott-s-monte-carlo,https://cdn0.woolworths.media/content/wowproductimages/medium/036031.jpg,2020-09-21 17:27:05,,0,,True
ff45cc32-2ea7-46fb-b09b-5682c5d670be,Woolworths Supermarket,Pantry,Continental Cup A Soup Creamy Chicken With Lots Of Noodles 2 pack,026649,$2.00,$3.33 / 100G,https://www.woolworths.com.au/shop/productdetails/26649/continental-cup-a-soup-creamy-chicken-with-lots-of-noodles,https://cdn0.woolworths.media/content/wowproductimages/medium/026649.jpg,2020-09-21 17:27:05,,0,,True
30f0b0cc-9de6-471e-a25f-4132c852a755,Woolworths Supermarket,Pantry,Ritz Crackers Original 300g,660562,$2.50,$0.83 / 100G,https://www.woolworths.com.au/shop/productdetails/660562/ritz-crackers-original,https://cdn0.woolworths.media/content/wowproductimages/medium/660562.jpg,2020-09-21 17:27:05,,0,,True
73fae5ad-c4b8-473e-8f3e-b29dc5fa1782,Woolworths Supermarket,Pantry,Woolworths Diced Italian Tomatoes No Added Salt 400g,770320,$0.80,$2.00 / 1KG,https://www.woolworths.com.au/shop/productdetails/770320/woolworths-diced-italian-tomatoes-no-added-salt,https://cdn0.woolworths.media/content/wowproductimages/medium/770320.jpg,2020-09-21 17:27:05,Average product rating out of 5: 4.7. Product score is based on 311 ratings,311,,True
d4dade22-3ef7-457a-acfb-083b1c492030,Woolworths Supermarket,Pantry,Vege Chips Chicken Style 100g,793382,$3.80,$3.80 / 100G,https://www.woolworths.com.au/shop/productdetails/793382/vege-chips-chicken-style,https://cdn0.woolworths.media/content/wowproductimages/medium/793382.jpg,2020-09-21 17:27:05,Average product rating out of 5: 4.7. Product score is based on 20 ratings,20,,True
0bec6b15-1495-419f-a647-95d660d0b84c,Woolworths Supermarket,Pantry,Macro Organic Quinoa Tri Colour 500g,717631,$7.00,$1.40 / 100G,https://www.woolworths.com.au/shop/productdetails/717631/macro-organic-quinoa-tri-colour,https://cdn0.woolworths.media/content/wowproductimages/medium/717631.jpg,2020-09-21 17:27:05,Average product rating out of 5: 4.6. Product score is based on 274 ratings,274,Was $9.99 09/01/2017,True
1770675b-f7d4-433f-a83d-5ae6b63f1fee,Woolworths Supermarket,Pantry,Woolworths Almond Meal 400g,610610,$7.50,$18.75 / 1KG,https://www.woolworths.com.au/shop/productdetails/610610/woolworths-almond-meal,https://cdn0.woolworths.media/content/wowproductimages/medium/610610.jpg,2020-09-21 17:27:05,Average product rating out of 5: 4.6. Product score is based on 326 ratings,326,Was $9.00 22/07/2020,True
e92c8532-d7af-4a0e-9fb0-21d2acbc80f3,Woolworths Supermarket,Pantry,Nescafe Blend 43 Soluble Instant Coffee 500g,035694,$20.00,$4.00 / 100G,https://www.woolworths.com.au/shop/productdetails/35694/nescafe-blend-43-soluble-instant-coffee,https://cdn0.woolworths.media/content/wowproductimages/medium/035694.jpg,2020-09-21 17:27:05,,0,,True
67a3dda9-dbc0-43dd-bd3b-00b1576f1535,Woolworths Supermarket,Pantry,Sanitarium Weet-bix Breakfast Cereal 1.2kg,200695,$5.00,$0.42 / 100G,https://www.woolworths.com.au/shop/productdetails/200695/sanitarium-weet-bix-breakfast-cereal,https://cdn0.woolworths.media/content/wowproductimages/medium/200695.jpg,2020-09-21 17:27:05,,0,,True
91dc9051-fff2-40e7-b503-4260cc2bf049,Woolworths Supermarket,Pantry,Mckenzie's Himalayan Salt Rock Pink 400g,749926,$5.95,$0.15 / 10G,https://www.woolworths.com.au/shop/productdetails/749926/mckenzie-s-himalayan-salt-rock-pink,https://cdn0.woolworths.media/content/wowproductimages/medium/749926.jpg,2020-09-21 17:27:05,,0,,True
c44fef00-b42f-4196-92f3-0eec2b9bfd37,Woolworths Supermarket,Pantry,Woolworths Rolled Traditional Oats 750g,321220,$1.40,$0.19 / 100G,https://www.woolworths.com.au/shop/productdetails/321220/woolworths-rolled-traditional-oats,https://cdn0.woolworths.media/content/wowproductimages/medium/321220.jpg,2020-09-21 17:27:05,Average product rating out of 5: 4.6. Product score is based on 748 ratings,748,,True
ddf23ba9-0504-43a8-9406-01756bb16730,Woolworths Supermarket,Pantry,John West Fiery Jalapeno Tuna 95g,429224,$1.15,$12.11 / 1KG,https://www.woolworths.com.au/shop/productdetails/429224/john-west-fiery-jalapeno-tuna,https://cdn0.woolworths.media/content/wowproductimages/medium/429224.jpg,2020-09-21 17:27:05,,0,,True
48387c44-8604-4d67-9cd0-4703c069f88c,Woolworths Supermarket,Pantry,Lindt Excellence Dark Chocolate 70% Smooth Blend Cocoa Block 100g,429457,$2.70,$2.70 / 100G,https://www.woolworths.com.au/shop/productdetails/429457/lindt-excellence-dark-chocolate-70-smooth-blend-cocoa-block,https://cdn0.woolworths.media/content/wowproductimages/medium/429457.jpg,2020-09-21 17:27:05,,0,,True
a3fd46c5-d3cd-4c4e-90cd-1354dd004121,Woolworths Supermarket,Pantry,Uncle Tobys O&g Granola Cashew Almond & Quinoa 450g,429976,$6.50,$1.44 / 100G,https://www.woolworths.com.au/shop/productdetails/429976/uncle-tobys-o-g-granola-cashew-almond-quinoa,https://cdn0.woolworths.media/content/wowproductimages/medium/429976.jpg,2020-09-21 17:27:05,,0,,True
3c518518-ad50-47a8-ba77-e2ae9db2d546,Woolworths Supermarket,Pantry,Uncle Tobys Oats Ancient Grains Porridge 700g,430061,$4.00,$0.57 / 100G,https://www.woolworths.com.au/shop/productdetails/430061/uncle-tobys-oats-ancient-grains-porridge,https://cdn0.woolworths.media/content/wowproductimages/medium/430061.jpg,2020-09-21 17:27:05,,0,,True
6460693d-0e9c-4fb9-b51f-25816f9cdab8,Woolworths Supermarket,Pantry,Uncle Tobys Oats Quick Sachets Apple & Cinnamon Porridge 420g,430155,$4.50,$1.07 / 100G,https://www.woolworths.com.au/shop/productdetails/430155/uncle-tobys-oats-quick-sachets-apple-cinnamon-porridge,https://cdn0.woolworths.media/content/wowproductimages/medium/430155.jpg,2020-09-21 17:27:05,,0,,True
eb95accc-ea16-4ee7-8266-36ccdc638a0e,Woolworths Supermarket,Pantry,Uncle Tobys Oats Quick Sachets Big Bowl Original Porridge 460g,430172,$6.30,$1.37 / 100G,https://www.woolworths.com.au/shop/productdetails/430172/uncle-tobys-oats-quick-sachets-big-bowl-original-porridge,https://cdn0.woolworths.media/content/wowproductimages/medium/430172.jpg,2020-09-21 17:27:05,,0,,True
efe0ad45-85f1-4d4a-9821-bd9ca73bba57,Woolworths Supermarket,Pantry,Sanitarium Weet-bix Blends Cranberry & Coconut Breakfast Cereal 450g,430466,$5.30,$1.18 / 100G,https://www.woolworths.com.au/shop/productdetails/430466/sanitarium-weet-bix-blends-cranberry-coconut-breakfast-cereal,https://cdn0.woolworths.media/content/wowproductimages/medium/430466.jpg,2020-09-21 17:27:05,,0,,True
7707755e-ebe7-4db7-9de6-c802871994c6,Woolworths Supermarket,Pantry,Sanitarium Weet-bix Blends Multi-grain+ Breakfast Cereal 860g,431062,$7.40,$0.86 / 100G,https://www.woolworths.com.au/shop/productdetails/431062/sanitarium-weet-bix-blends-multi-grain-breakfast-cereal,https://cdn0.woolworths.media/content/wowproductimages/medium/431062.jpg,2020-09-21 17:27:05,,0,,True
956253d6-0544-432c-9581-b1aafd386877,Woolworths Supermarket,Pantry,Continental Homestyle Chicken Noodle 2 pack,433427,$2.00,$5.00 / 100G,https://www.woolworths.com.au/shop/productdetails/433427/continental-homestyle-chicken-noodle,https://cdn0.woolworths.media/content/wowproductimages/medium/433427.jpg,2020-09-21 17:27:05,,0,,True
1e902977-41f4-4df5-a16a-10813bf36f21,Woolworths Supermarket,Pantry,Continental Cup A Soup Homestyle Pumpkin 61g,433428,$2.00,$3.28 / 100G,https://www.woolworths.com.au/shop/productdetails/433428/continental-cup-a-soup-homestyle-pumpkin,https://cdn0.woolworths.media/content/wowproductimages/medium/433428.jpg,2020-09-21 17:27:05,,0,,True
c9c3d6ce-6b07-438a-9787-d4637a238767,Woolworths Supermarket,Pantry,Woolworths Corn Chips Supreme 200g,434041,$1.90,$0.95 / 100G,https://www.woolworths.com.au/shop/productdetails/434041/woolworths-corn-chips-supreme,https://cdn0.woolworths.media/content/wowproductimages/medium/434041.jpg,2020-09-21 17:27:05,Average product rating out of 5: 4.4. Product score is based on 280 ratings,280,,True
17fb9c25-2b41-43b9-8847-cc13652d14df,Woolworths Supermarket,Pantry,Woolworths Corn Chips Original 200g,434087,$1.90,$0.95 / 100G,https://www.woolworths.com.au/shop/productdetails/434087/woolworths-corn-chips-original,https://cdn0.woolworths.media/content/wowproductimages/medium/434087.jpg,2020-09-21 17:27:05,Average product rating out of 5: 4.3. Product score is based on 779 ratings,779,,True
ad79c9de-f5e0-4cbf-8224-947fad732685,Woolworths Supermarket,Pantry,Woolworths Cheese Rings 190g,434121,$1.85,$0.97 / 100G,https://www.woolworths.com.au/shop/productdetails/434121/woolworths-cheese-rings,https://cdn0.woolworths.media/content/wowproductimages/medium/434121.jpg,2020-09-21 17:27:05,Average product rating out of 5: 4.4. Product score is based on 442 ratings,442,,True
7b7fc9b8-ad46-4863-9282-ad979438fd0e,Woolworths Supermarket,Pantry,Woolworths Chips Variety Pack 20pk 380g,434124,$4.00,$1.05 / 100G,https://www.woolworths.com.au/shop/productdetails/434124/woolworths-chips-variety-pack,https://cdn0.woolworths.media/content/wowproductimages/medium/434124.jpg,2020-09-21 17:27:05,Average product rating out of 5: 4.3. Product score is based on 434 ratings,434,,True
8561228e-3100-4c4b-8d91-84712d70b591,Woolworths Supermarket,Pantry,Beechworth Bee Cause Mountain Honey 400g,434626,$8.50,$2.13 / 100G,https://www.woolworths.com.au/shop/productdetails/434626/beechworth-bee-cause-mountain-honey,https://cdn0.woolworths.media/content/wowproductimages/medium/434626.jpg,2020-09-21 17:27:05,,0,,True
1e41b266-80e1-482c-856e-6041ed85a775,Woolworths Supermarket,Pantry,Woolworths Fairtrade Nespresso Compatible Coffee Capsules Medium 10 pack,434917,$3.70,$0.37 / 1EA,https://www.woolworths.com.au/shop/productdetails/434917/woolworths-fairtrade-nespresso-compatible-coffee-capsules-medium,https://cdn0.woolworths.media/content/wowproductimages/medium/434917.jpg,2020-09-21 17:27:05,Average product rating out of 5: 3.8. Product score is based on 513 ratings,513,,True
3f332122-5ece-4a6e-bf46-8de16577c9b6,Woolworths Supermarket,Pantry,Woolworths Fairtrade Nespresso Compatible Coffee Capsules Strong 10 pack,434918,$3.70,$0.37 / 1EA,https://www.woolworths.com.au/shop/productdetails/434918/woolworths-fairtrade-nespresso-compatible-coffee-capsules-strong,https://cdn0.woolworths.media/content/wowproductimages/medium/434918.jpg,2020-09-21 17:27:05,Average product rating out of 5: 3.9. Product score is based on 446 ratings,446,,True
1000802c-28a1-4dc6-affa-e03367c9943b,Woolworths Supermarket,Pantry,Woolworths Fairtrade Nespresso Compatible Coffee Capsules Intense 10 pack,434919,$3.70,$0.37 / 1EA,https://www.woolworths.com.au/shop/productdetails/434919/woolworths-fairtrade-nespresso-compatible-coffee-capsules-intense,https://cdn0.woolworths.media/content/wowproductimages/medium/434919.jpg,2020-09-21 17:27:05,Average product rating out of 5: 3.8. Product score is based on 431 ratings,431,,True
9801dbaf-bc2f-484c-9e09-40c7795520e8,Woolworths Supermarket,Pantry,Podravka Sandwich Spread Chicken 100g,435056,$2.50,$2.50 / 100G,https://www.woolworths.com.au/shop/productdetails/435056/podravka-sandwich-spread-chicken,https://cdn0.woolworths.media/content/wowproductimages/medium/435056.jpg,2020-09-21 17:27:05,,0,,True
75ea82a6-8854-4b98-bfa6-6aa9c346b086,Woolworths Supermarket,Pantry,Woolworths Fairtrade Nespresso Compatible Coffee Capsules Decaffeinated 10 pack,435090,$3.70,$0.37 / 1EA,https://www.woolworths.com.au/shop/productdetails/435090/woolworths-fairtrade-nespresso-compatible-coffee-capsules-decaffeinated,https://cdn0.woolworths.media/content/wowproductimages/medium/435090.jpg,2020-09-21 17:27:05,Average product rating out of 5: 3.7. Product score is based on 449 ratings,449,,True
14bbabe4-43e9-4e6a-91ed-0246f9239933,Woolworths Supermarket,Pantry,"Carman's Blueberry, Coconut & Almond Crunchy Clusters 500g",435277,$5.00,$1.00 / 100G,https://www.woolworths.com.au/shop/productdetails/435277/carman-s-blueberry-coconut-almond-crunchy-clusters,https://cdn0.woolworths.media/content/wowproductimages/medium/435277.jpg,2020-09-21 17:27:05,,0,,True
7ebaf74c-c8ec-4197-b006-efa05e473d68,Woolworths Supermarket,Pantry,"Carman's Almond, Coconut & Chia Gourmet Porridge Sachets 320g",435286,$6.00,$1.88 / 100G,https://www.woolworths.com.au/shop/productdetails/435286/carman-s-almond-coconut-chia-gourmet-porridge-sachets,https://cdn0.woolworths.media/content/wowproductimages/medium/435286.jpg,2020-09-21 17:27:05,,0,,True
ba5b0a0b-b53b-4698-ad93-a7b0de3cb9b4,Woolworths Supermarket,Pantry,"Carman's Honey, Vanilla & Cinnamon Gourmet Porridge Sachets 320g",435300,$6.00,$1.88 / 100G,https://www.woolworths.com.au/shop/productdetails/435300/carman-s-honey-vanilla-cinnamon-gourmet-porridge-sachets,https://cdn0.woolworths.media/content/wowproductimages/medium/435300.jpg,2020-09-21 17:27:05,,0,,True
5821262d-ac8d-416c-8966-cd21c6974e12,Woolworths Supermarket,Pantry,Carman's Super Berry & Coconut Gourmet Porridge Sachets 320g,435310,$6.00,$1.88 / 100G,https://www.woolworths.com.au/shop/productdetails/435310/carman-s-super-berry-coconut-gourmet-porridge-sachets,https://cdn0.woolworths.media/content/wowproductimages/medium/435310.jpg,2020-09-21 17:27:05,,0,,True
b40ed5e2-788f-4675-b9d4-c30e8829bdef,Woolworths Supermarket,Pantry,Arnott's Shapes Chicken Crimpy 175g,384245,$2.50,$1.43 / 100G,https://www.woolworths.com.au/shop/productdetails/384245/arnott-s-shapes-chicken-crimpy,https://cdn0.woolworths.media/content/wowproductimages/medium/384245.jpg,2020-09-21 17:27:05,,0,,True
f8428ab7-3b5f-4053-bc00-9055893aa28a,Woolworths Supermarket,Pantry,Essentials Pasta Penne 500g,188800,$0.80,$0.16 / 100G,https://www.woolworths.com.au/shop/productdetails/188800/essentials-pasta-penne,https://cdn0.woolworths.media/content/wowproductimages/medium/188800.jpg,2020-09-21 17:27:05,,0,,True
66062300-d658-4b5e-8f9c-4825aa18f71c,Woolworths Supermarket,Pantry,Sunbites Grain Waves Sour Cream & Chives 170g,082361,$3.50,$2.06 / 100G,https://www.woolworths.com.au/shop/productdetails/82361/sunbites-grain-waves-sour-cream-chives,https://cdn0.woolworths.media/content/wowproductimages/medium/082361.jpg,2020-09-21 17:27:05,,0,,True
0b054e50-a479-4ec9-8f3f-eba4cc2d3161,Woolworths Supermarket,Pantry,Mckenzie's Rice Flour 375g,094275,$1.50,$4.00 / 1KG,https://www.woolworths.com.au/shop/productdetails/94275/mckenzie-s-rice-flour,https://cdn0.woolworths.media/content/wowproductimages/medium/094275.jpg,2020-09-21 17:27:05,,0,,True
e987f6fa-44db-4d1f-97b3-258d6bf3a662,Woolworths Supermarket,Pantry,Woolworths Diced Italian Tomatoes No Added Salt 400g,770320,$0.80,$2.00 / 1KG,https://www.woolworths.com.au/shop/productdetails/770320/woolworths-diced-italian-tomatoes-no-added-salt,https://cdn0.woolworths.media/content/wowproductimages/medium/770320.jpg,2020-09-21 17:27:05,Average product rating out of 5: 4.7. Product score is based on 311 ratings,311,,True
a3b0ef77-0c6f-4947-beb2-b86dc9fe3355,Woolworths Supermarket,Pantry,Arnott's Monte Carlo 250g,036031,$3.00,$1.20 / 100G,https://www.woolworths.com.au/shop/productdetails/36031/arnott-s-monte-carlo,https://cdn0.woolworths.media/content/wowproductimages/medium/036031.jpg,2020-09-21 17:27:05,,0,,True
4ce58cd8-7008-4726-add5-608a7ba372f0,Woolworths Supermarket,Pantry,Masterfoods Barbecue Sauce 500ml,099696,$2.50,$0.50 / 100ML,https://www.woolworths.com.au/shop/productdetails/99696/masterfoods-barbecue-sauce,https://cdn0.woolworths.media/content/wowproductimages/medium/099696.jpg,2020-09-21 17:27:05,,0,,True
6817e14f-5f8b-468c-a488-7799a68bed14,Woolworths Supermarket,Pantry,Mckenzie's Himalayan Salt Rock Pink 400g,749926,$5.95,$0.15 / 10G,https://www.woolworths.com.au/shop/productdetails/749926/mckenzie-s-himalayan-salt-rock-pink,https://cdn0.woolworths.media/content/wowproductimages/medium/749926.jpg,2020-09-21 17:27:05,,0,,True
f0991d3d-b362-45f0-9c6e-83ab0a9abdc1,Woolworths Supermarket,Pantry,Macro Organic Quinoa Tri Colour 500g,717631,$7.00,$1.40 / 100G,https://www.woolworths.com.au/shop/productdetails/717631/macro-organic-quinoa-tri-colour,https://cdn0.woolworths.media/content/wowproductimages/medium/717631.jpg,2020-09-21 17:27:05,Average product rating out of 5: 4.6. Product score is based on 274 ratings,274,Was $9.99 09/01/2017,True
cbd3c085-e93f-4e42-b075-cd28856329f9,Woolworths Supermarket,Pantry,Cadbury Dairy Milk Chocolate Fair Trade 350g,757883,$5.00,$1.43 / 100G,https://www.woolworths.com.au/shop/productdetails/757883/cadbury-dairy-milk-chocolate-fair-trade,https://cdn0.woolworths.media/content/wowproductimages/medium/757883.jpg,2020-09-21 17:27:05,,0,Was $6.30 16/01/2017,True
60481a88-aae9-4434-817a-18c1e7034c86,Woolworths Supermarket,Pantry,Ardmona Tomatoes Diced No Added Salt 400g,226849,$1.40,$3.50 / 1KG,https://www.woolworths.com.au/shop/productdetails/226849/ardmona-tomatoes-diced-no-added-salt,https://cdn0.woolworths.media/content/wowproductimages/medium/226849.jpg,2020-09-21 17:27:05,,0,,True
5b012dbe-8f39-40f5-9302-c2e16f64e4d3,Woolworths Supermarket,Pantry,Ritz Crackers Original 300g,660562,$2.50,$0.83 / 100G,https://www.woolworths.com.au/shop/productdetails/660562/ritz-crackers-original,https://cdn0.woolworths.media/content/wowproductimages/medium/660562.jpg,2020-09-21 17:27:05,,0,,True
8950c6a0-de81-4e59-b4aa-fb795656a811,Woolworths Supermarket,Pantry,Cadbury Fry's Turkish Delight 55g bar,098390,$1.00,$1.82 / 100G,https://www.woolworths.com.au/shop/productdetails/98390/cadbury-fry-s-turkish-delight,https://cdn0.woolworths.media/content/wowproductimages/medium/098390.jpg,2020-09-21 17:27:05,,0,,True
f2a8f210-d205-487a-a14e-7ae89e11be8e,Woolworths Supermarket,Pantry,Essentials Raw Sugar 2kg,018174,$2.10,$0.11 / 100G,https://www.woolworths.com.au/shop/productdetails/18174/essentials-raw-sugar,https://cdn0.woolworths.media/content/wowproductimages/medium/018174.jpg,2020-09-21 17:27:05,,0,,True
137f418c-68f9-4a92-b79f-200d4015d3f4,Woolworths Supermarket,Pantry,Continental Cup A Soup Creamy Chicken With Lots Of Noodles 2 pack,026649,$2.00,$3.33 / 100G,https://www.woolworths.com.au/shop/productdetails/26649/continental-cup-a-soup-creamy-chicken-with-lots-of-noodles,https://cdn0.woolworths.media/content/wowproductimages/medium/026649.jpg,2020-09-21 17:27:05,,0,,True
28a5bd86-83d8-43fb-9c00-c77a05900979,Woolworths Supermarket,Pantry,Woolworths Rolled Traditional Oats 750g,321220,$1.40,$0.19 / 100G,https://www.woolworths.com.au/shop/productdetails/321220/woolworths-rolled-traditional-oats,https://cdn0.woolworths.media/content/wowproductimages/medium/321220.jpg,2020-09-21 17:27:05,Average product rating out of 5: 4.6. Product score is based on 748 ratings,748,,True
78fdae0c-cddc-4a11-aff8-c4725c6750c4,Woolworths Supermarket,Pantry,Fantastic Rice Crackers Original 100g,035231,$1.50,$1.50 / 100G,https://www.woolworths.com.au/shop/productdetails/35231/fantastic-rice-crackers-original,https://cdn0.woolworths.media/content/wowproductimages/medium/035231.jpg,2020-09-21 17:27:05,,0,,True
1ae9b976-c2bd-408d-b808-1b8d5788f1d6,Woolworths Supermarket,Pantry,Heinz Canned Soup Big Red Tomato 420g,034331,$2.20,$0.52 / 100G,https://www.woolworths.com.au/shop/productdetails/34331/heinz-canned-soup-big-red-tomato,https://cdn0.woolworths.media/content/wowproductimages/medium/034331.jpg,2020-09-21 17:27:05,,0,,True
b4c98a17-f843-46a7-becd-4ffd44113dd2,Woolworths Supermarket,Pantry,Indomie Mi Goreng Instant Noodles 5pk 425g,177972,$2.75,$0.65 / 100G,https://www.woolworths.com.au/shop/productdetails/177972/indomie-mi-goreng-instant-noodles,https://cdn0.woolworths.media/content/wowproductimages/medium/177972.jpg,2020-09-21 17:27:05,,0,,True
9ff82d14-8edf-4331-b7d7-a0f4d828adda,Woolworths Supermarket,Pantry,Sunbites Grain Waves Sour Cream & Chives 5 pack,720220,$3.10,$2.82 / 100G,https://www.woolworths.com.au/shop/productdetails/720220/sunbites-grain-waves-sour-cream-chives,https://cdn0.woolworths.media/content/wowproductimages/medium/720220.jpg,2020-09-21 17:27:05,,0,2 for $5.00,True
2ebc8879-83a8-4474-b6c1-4b58f652a0e5,Woolworths Supermarket,Pantry,Mayver's Super Spread Original 280g,435603,$6.50,$2.32 / 100G,https://www.woolworths.com.au/shop/productdetails/435603/mayver-s-super-spread-original,https://cdn0.woolworths.media/content/wowproductimages/medium/435603.jpg,2020-09-21 17:27:05,,0,,True
1073856b-744a-4656-ade2-2d3253cfb352,Woolworths Supermarket,Pantry,Mayver's Super Spread Cacao 280g,435770,$6.50,$2.32 / 100G,https://www.woolworths.com.au/shop/productdetails/435770/mayver-s-super-spread-cacao,https://cdn0.woolworths.media/content/wowproductimages/medium/435770.jpg,2020-09-21 17:27:05,,0,,True
d04812ba-4205-4c32-93ca-18980ad7b41e,Woolworths Supermarket,Pantry,Hart & Soul Pho Konjac Soup Pouch 400g,438459,$4.00,$1.00 / 100G,https://www.woolworths.com.au/shop/productdetails/438459/hart-soul-pho-konjac-soup-pouch,https://cdn0.woolworths.media/content/wowproductimages/medium/438459.jpg,2020-09-21 17:27:05,,0,,True
5edb4812-2ff6-46fe-9874-417e2d72294a,Woolworths Supermarket,Pantry,Hart & Soul Laksa Soup Pouch 400g,438465,$4.00,$1.00 / 100G,https://www.woolworths.com.au/shop/productdetails/438465/hart-soul-laksa-soup-pouch,https://cdn0.woolworths.media/content/wowproductimages/medium/438465.jpg,2020-09-21 17:27:05,,0,,True
4e344cd8-1211-454f-aa90-e80d514d7af8,Woolworths Supermarket,Pantry,Hart & Soul Chicken & Corn Soup Pouch 400g,438469,$4.00,$1.00 / 100G,https://www.woolworths.com.au/shop/productdetails/438469/hart-soul-chicken-corn-soup-pouch,https://cdn0.woolworths.media/content/wowproductimages/medium/438469.jpg,2020-09-21 17:27:05,,0,,True
e69af340-9714-4914-aa8e-03bf1e7badf3,Woolworths Supermarket,Pantry,Hart & Soul Coconut & Lentil Soup 400g,438564,$4.00,$1.00 / 100G,https://www.woolworths.com.au/shop/productdetails/438564/hart-soul-coconut-lentil-soup,https://cdn0.woolworths.media/content/wowproductimages/medium/438564.jpg,2020-09-21 17:27:05,,0,,True
cdb1fc03-1dee-497a-a298-55ad67af596a,Woolworths Supermarket,Pantry,Beechworth Bee Cause Bush Honey 400g,438612,$8.50,$2.13 / 100G,https://www.woolworths.com.au/shop/productdetails/438612/beechworth-bee-cause-bush-honey,https://cdn0.woolworths.media/content/wowproductimages/medium/438612.jpg,2020-09-21 17:27:05,,0,,True
93cf892c-4746-40ab-b9bc-6c536784a0f1,Woolworths Supermarket,Pantry,Mckenzie's Green Lentil Whole 1kg,439264,$4.60,$0.46 / 100G,https://www.woolworths.com.au/shop/productdetails/439264/mckenzie-s-green-lentil-whole,https://cdn0.woolworths.media/content/wowproductimages/medium/439264.jpg,2020-09-21 17:27:05,,0,,True
9eff5e49-0e33-4599-9e98-7ec7f9ff13d6,Woolworths Supermarket,Pantry,Extra Strawberry Chewing Gum Sugar Free Multipack 3x14 Piece 81g,439979,$4.00,$4.94 / 100G,https://www.woolworths.com.au/shop/productdetails/439979/extra-strawberry-chewing-gum-sugar-free-multipack-3x14-piece,https://cdn0.woolworths.media/content/wowproductimages/medium/439979.jpg,2020-09-21 17:27:05,,0,Was $4.30 24/04/2017,True
e82237b4-2ac1-4dbd-8723-6fc564087656,Woolworths Supermarket,Pantry,Extra White Lemon Lime Chewing Gum Sugar Free Bottle 64g,440026,$3.50,$5.47 / 100G,https://www.woolworths.com.au/shop/productdetails/440026/extra-white-lemon-lime-chewing-gum-sugar-free-bottle,https://cdn0.woolworths.media/content/wowproductimages/medium/440026.jpg,2020-09-21 17:27:05,,0,,True
7c19e365-bf45-4bc8-b8ff-c17b6b989d0c,Woolworths Supermarket,Pantry,Extra White Spearmint Chewing Gum Sugar Free 4x10 Piece 56g,440153,$3.50,$6.25 / 100G,https://www.woolworths.com.au/shop/productdetails/440153/extra-white-spearmint-chewing-gum-sugar-free-4x10-piece,https://cdn0.woolworths.media/content/wowproductimages/medium/440153.jpg,2020-09-21 17:27:05,,0,,True
6b6b3be6-0037-47f1-b79f-c70b29b9dc3b,Woolworths Supermarket,Pantry,Extra Peppermint Chewing Gum Sugar Free Multipack 4x10 Piece 56g,442694,$3.50,$6.25 / 100G,https://www.woolworths.com.au/shop/productdetails/442694/extra-peppermint-chewing-gum-sugar-free-multipack-4x10-piece,https://cdn0.woolworths.media/content/wowproductimages/medium/442694.jpg,2020-09-21 17:27:05,,0,,True
e54d83c2-3730-4609-8f0a-bcac17455490,Woolworths Supermarket,Pantry,White Wings Cake In A Cup Double Chocolate 220g,443382,$5.00,$2.27 / 100G,https://www.woolworths.com.au/shop/productdetails/443382/white-wings-cake-in-a-cup-double-chocolate,https://cdn0.woolworths.media/content/wowproductimages/medium/443382.jpg,2020-09-21 17:27:05,,0,,True
cb2f2899-8057-469a-85bd-503aaa9fdbc7,Woolworths Supermarket,Pantry,Gravox Gravy Cracked Pepper & Shiraz 160g,445119,$3.00,$0.19 / 10G,https://www.woolworths.com.au/shop/productdetails/445119/gravox-gravy-cracked-pepper-shiraz,https://cdn0.woolworths.media/content/wowproductimages/medium/445119.jpg,2020-09-21 17:27:05,,0,,True
2180d02f-7286-4c6d-8e2b-c714f6eb6eec,Woolworths Supermarket,Pantry,Gravox Finishing Sauce Steakhouse 160g,445213,$3.00,$0.19 / 10G,https://www.woolworths.com.au/shop/productdetails/445213/gravox-finishing-sauce-steakhouse,https://cdn0.woolworths.media/content/wowproductimages/medium/445213.jpg,2020-09-21 17:27:05,,0,,True
189e3b27-47a4-46b4-a4c9-132b099ce13b,Woolworths Supermarket,Pantry,Gravox Gravy Chargrilled Beef & Merlot 160g,445265,$3.00,$0.19 / 10G,https://www.woolworths.com.au/shop/productdetails/445265/gravox-gravy-chargrilled-beef-merlot,https://cdn0.woolworths.media/content/wowproductimages/medium/445265.jpg,2020-09-21 17:27:05,,0,,True
aac54406-7f94-4d33-909b-c60d24cd1338,Woolworths Supermarket,Pantry,Masterfoods Savoury Mince Recipe Base 175g,445340,$2.20,$1.26 / 100G,https://www.woolworths.com.au/shop/productdetails/445340/masterfoods-savoury-mince-recipe-base,https://cdn0.woolworths.media/content/wowproductimages/medium/445340.jpg,2020-09-21 17:27:05,,0,3 for $6.00,True
cfd4768c-fac0-4810-80dc-3078e57d0a87,Woolworths Supermarket,Pantry,Natural Ceramic Grinder Himalayan Rock Salt 100g,445342,$4.50,$0.45 / 10G,https://www.woolworths.com.au/shop/productdetails/445342/natural-ceramic-grinder-himalayan-rock-salt,https://cdn0.woolworths.media/content/wowproductimages/medium/445342.jpg,2020-09-21 17:27:05,,0,Was $5.50 06/08/2018,True
e7ebf8c6-ba05-4b2b-a83c-4f3ab02fa61b,Woolworths Supermarket,Pantry,Saxa Natural Pink Himalayan Rock Salt 500g,445775,$4.00,$0.08 / 10G,https://www.woolworths.com.au/shop/productdetails/445775/saxa-natural-pink-himalayan-rock-salt,https://cdn0.woolworths.media/content/wowproductimages/medium/445775.jpg,2020-09-21 17:27:05,,0,,True
ad11026d-6956-4bb7-869d-6ab0e25ed571,Woolworths Supermarket,Pantry,Just Foods Crushed Garlic Organic 185g,445813,$2.99,$0.16 / 10G,https://www.woolworths.com.au/shop/productdetails/445813/just-foods-crushed-garlic-organic,https://cdn0.woolworths.media/content/wowproductimages/medium/445813.jpg,2020-09-21 17:27:05,,0,,True
f193a478-4df7-4372-9c4e-9d0bb9ab653e,Woolworths Supermarket,Pantry,Just Foods Crushed Ginger Organic 185g,445815,$2.99,$0.16 / 10G,https://www.woolworths.com.au/shop/productdetails/445815/just-foods-crushed-ginger-organic,https://cdn0.woolworths.media/content/wowproductimages/medium/445815.jpg,2020-09-21 17:27:05,,0,,True
177058b6-e8cd-4355-ae12-39e94e5a8ae6,Woolworths Supermarket,Pantry,Mccormicks Grill Mates Tennessee Smokehouse Bbq Rub 40g,445854,$1.99,$0.50 / 10G,https://www.woolworths.com.au/shop/productdetails/445854/mccormicks-grill-mates-tennessee-smokehouse-bbq-rub,https://cdn0.woolworths.media/content/wowproductimages/medium/445854.jpg,2020-09-21 17:27:05,,0,,True
2c5abee7-9717-4762-bc60-794c711afd80,Woolworths Supermarket,Pantry,Mccormicks Grill Mates Smokin Texas Bbq Rub 40g,445863,$1.99,$0.50 / 10G,https://www.woolworths.com.au/shop/productdetails/445863/mccormicks-grill-mates-smokin-texas-bbq-rub,https://cdn0.woolworths.media/content/wowproductimages/medium/445863.jpg,2020-09-21 17:27:05,,0,,True
04096eec-6877-431d-9079-eb51a1e98696,Woolworths Supermarket,Pantry,Peppa Pig Sultanas Yoghurt Coated 6x30g,446239,$3.60,$20.00 / 1KG,https://www.woolworths.com.au/shop/productdetails/446239/peppa-pig-sultanas-yoghurt-coated,https://cdn0.woolworths.media/content/wowproductimages/medium/446239.jpg,2020-09-21 17:27:05,,0,,True
49a767d0-f87c-46e1-9a07-ce5ce2cbf345,Woolworths Supermarket,Pantry,Arnott's Shapes Chicken Crimpy 175g,384245,$2.50,$1.43 / 100G,https://www.woolworths.com.au/shop/productdetails/384245/arnott-s-shapes-chicken-crimpy,https://cdn0.woolworths.media/content/wowproductimages/medium/384245.jpg,2020-09-21 17:27:05,,0,,True
aac007e9-fca2-459e-9eb4-4135c45c3031,Woolworths Supermarket,Pantry,Ardmona Tomatoes Diced No Added Salt 400g,226849,$1.40,$3.50 / 1KG,https://www.woolworths.com.au/shop/productdetails/226849/ardmona-tomatoes-diced-no-added-salt,https://cdn0.woolworths.media/content/wowproductimages/medium/226849.jpg,2020-09-21 17:27:05,,0,,True
a11ba24a-cb89-486f-8565-25daac9d8177,Woolworths Supermarket,Pantry,Woolworths Diced Italian Tomatoes No Added Salt 400g,770320,$0.80,$2.00 / 1KG,https://www.woolworths.com.au/shop/productdetails/770320/woolworths-diced-italian-tomatoes-no-added-salt,https://cdn0.woolworths.media/content/wowproductimages/medium/770320.jpg,2020-09-21 17:27:05,Average product rating out of 5: 4.7. Product score is based on 311 ratings,311,,True
c79dd0fa-ca5a-4188-a2cc-d974f9c1a54c,Woolworths Supermarket,Pantry,Indomie Mi Goreng Instant Noodles 5pk 425g,177972,$2.75,$0.65 / 100G,https://www.woolworths.com.au/shop/productdetails/177972/indomie-mi-goreng-instant-noodles,https://cdn0.woolworths.media/content/wowproductimages/medium/177972.jpg,2020-09-21 17:27:05,,0,,True
ee3ae9db-e4c7-46c5-b0e8-93ec6dbbe239,Woolworths Supermarket,Pantry,Fantastic Rice Crackers Original 100g,035231,$1.50,$1.50 / 100G,https://www.woolworths.com.au/shop/productdetails/35231/fantastic-rice-crackers-original,https://cdn0.woolworths.media/content/wowproductimages/medium/035231.jpg,2020-09-21 17:27:05,,0,,True
9b88dd58-f2c3-4467-beac-fdcb04261c93,Woolworths Supermarket,Pantry,Cadbury Dairy Milk Chocolate Fair Trade 350g,757883,$5.00,$1.43 / 100G,https://www.woolworths.com.au/shop/productdetails/757883/cadbury-dairy-milk-chocolate-fair-trade,https://cdn0.woolworths.media/content/wowproductimages/medium/757883.jpg,2020-09-21 17:27:05,,0,Was $6.30 16/01/2017,True
febe12d5-44ed-4cf1-b9e7-a2ac8fc5515b,Woolworths Supermarket,Pantry,Mckenzie's Himalayan Salt Rock Pink 400g,749926,$5.95,$0.15 / 10G,https://www.woolworths.com.au/shop/productdetails/749926/mckenzie-s-himalayan-salt-rock-pink,https://cdn0.woolworths.media/content/wowproductimages/medium/749926.jpg,2020-09-21 17:27:05,,0,,True
0cc686a7-e7df-4258-806d-5e013058beef,Woolworths Supermarket,Pantry,Essentials Pasta Penne 500g,188800,$0.80,$0.16 / 100G,https://www.woolworths.com.au/shop/productdetails/188800/essentials-pasta-penne,https://cdn0.woolworths.media/content/wowproductimages/medium/188800.jpg,2020-09-21 17:27:05,,0,,True
e1988800-59e7-4ef9-80e8-0442109436ed,Woolworths Supermarket,Pantry,Masterfoods Barbecue Sauce 500ml,099696,$2.50,$0.50 / 100ML,https://www.woolworths.com.au/shop/productdetails/99696/masterfoods-barbecue-sauce,https://cdn0.woolworths.media/content/wowproductimages/medium/099696.jpg,2020-09-21 17:27:05,,0,,True
4795dc70-fc28-4fc4-98c7-a213df2b61f5,Woolworths Supermarket,Pantry,Mckenzie's Rice Flour 375g,094275,$1.50,$4.00 / 1KG,https://www.woolworths.com.au/shop/productdetails/94275/mckenzie-s-rice-flour,https://cdn0.woolworths.media/content/wowproductimages/medium/094275.jpg,2020-09-21 17:27:05,,0,,True
f34029f3-e2d5-4ce8-840f-351c7234c76f,Woolworths Supermarket,Pantry,Woolworths Rolled Traditional Oats 750g,321220,$1.40,$0.19 / 100G,https://www.woolworths.com.au/shop/productdetails/321220/woolworths-rolled-traditional-oats,https://cdn0.woolworths.media/content/wowproductimages/medium/321220.jpg,2020-09-21 17:27:05,Average product rating out of 5: 4.6. Product score is based on 748 ratings,748,,True
9843b426-d087-4e25-8384-3b95e5c0aee5,Woolworths Supermarket,Pantry,Cadbury Fry's Turkish Delight 55g bar,098390,$1.00,$1.82 / 100G,https://www.woolworths.com.au/shop/productdetails/98390/cadbury-fry-s-turkish-delight,https://cdn0.woolworths.media/content/wowproductimages/medium/098390.jpg,2020-09-21 17:27:05,,0,,True
a7e2ea46-b31f-487f-b2ce-56475d2ce328,Woolworths Supermarket,Pantry,Ritz Crackers Original 300g,660562,$2.50,$0.83 / 100G,https://www.woolworths.com.au/shop/productdetails/660562/ritz-crackers-original,https://cdn0.woolworths.media/content/wowproductimages/medium/660562.jpg,2020-09-21 17:27:05,,0,,True
0d025f9f-e8a2-416e-9cbd-2c85733d2eaf,Woolworths Supermarket,Pantry,Essentials Raw Sugar 2kg,018174,$2.10,$0.11 / 100G,https://www.woolworths.com.au/shop/productdetails/18174/essentials-raw-sugar,https://cdn0.woolworths.media/content/wowproductimages/medium/018174.jpg,2020-09-21 17:27:05,,0,,True
518d2862-2646-4579-bd97-56aadde90b37,Woolworths Supermarket,Pantry,Arnott's Monte Carlo 250g,036031,$3.00,$1.20 / 100G,https://www.woolworths.com.au/shop/productdetails/36031/arnott-s-monte-carlo,https://cdn0.woolworths.media/content/wowproductimages/medium/036031.jpg,2020-09-21 17:27:05,,0,,True
9a02d728-f54f-4efb-b679-ea3d97e4aca5,Woolworths Supermarket,Pantry,Continental Cup A Soup Creamy Chicken With Lots Of Noodles 2 pack,026649,$2.00,$3.33 / 100G,https://www.woolworths.com.au/shop/productdetails/26649/continental-cup-a-soup-creamy-chicken-with-lots-of-noodles,https://cdn0.woolworths.media/content/wowproductimages/medium/026649.jpg,2020-09-21 17:27:05,,0,,True
bbb5a0f1-1c6b-4838-8ed3-de1a263e1e31,Woolworths Supermarket,Pantry,Heinz Canned Soup Big Red Tomato 420g,034331,$2.20,$0.52 / 100G,https://www.woolworths.com.au/shop/productdetails/34331/heinz-canned-soup-big-red-tomato,https://cdn0.woolworths.media/content/wowproductimages/medium/034331.jpg,2020-09-21 17:27:05,,0,,True
670f5bb7-a6a7-4a5c-8bb1-330c8206947f,Woolworths Supermarket,Pantry,Sunbites Grain Waves Sour Cream & Chives 170g,082361,$3.50,$2.06 / 100G,https://www.woolworths.com.au/shop/productdetails/82361/sunbites-grain-waves-sour-cream-chives,https://cdn0.woolworths.media/content/wowproductimages/medium/082361.jpg,2020-09-21 17:27:05,,0,,True
6ce63e7d-068d-4983-8682-951f68cac73a,Woolworths Supermarket,Pantry,Macro Organic Quinoa Tri Colour 500g,717631,$7.00,$1.40 / 100G,https://www.woolworths.com.au/shop/productdetails/717631/macro-organic-quinoa-tri-colour,https://cdn0.woolworths.media/content/wowproductimages/medium/717631.jpg,2020-09-21 17:27:05,Average product rating out of 5: 4.6. Product score is based on 274 ratings,274,Was $9.99 09/01/2017,True
de049ff5-0e47-49f7-95b7-da8dca95de51,Woolworths Supermarket,Pantry,Sunbites Grain Waves Sour Cream & Chives 5 pack,720220,$3.10,$2.82 / 100G,https://www.woolworths.com.au/shop/productdetails/720220/sunbites-grain-waves-sour-cream-chives,https://cdn0.woolworths.media/content/wowproductimages/medium/720220.jpg,2020-09-21 17:27:05,,0,2 for $5.00,True
001883ee-a793-4292-9e69-0d7716a2e47b,Woolworths Supermarket,Pantry,Continental Chicken Stock Powder Salt Reduced 120g,446298,$2.50,$0.21 / 10G,https://www.woolworths.com.au/shop/productdetails/446298/continental-chicken-stock-powder-salt-reduced,https://cdn0.woolworths.media/content/wowproductimages/medium/446298.jpg,2020-09-21 17:27:05,,0,,True
7b7e9fe3-16ef-423f-adb1-8633cf803a6b,Woolworths Supermarket,Pantry,Continental Chicken Stock Powder 130g,446301,$2.50,$0.19 / 10G,https://www.woolworths.com.au/shop/productdetails/446301/continental-chicken-stock-powder,https://cdn0.woolworths.media/content/wowproductimages/medium/446301.jpg,2020-09-21 17:27:05,,0,,True
aebb877c-f551-4a34-87d1-ee314590f339,Woolworths Supermarket,Pantry,Continental Beef Stock Powder 125g,446313,$2.50,$0.20 / 10G,https://www.woolworths.com.au/shop/productdetails/446313/continental-beef-stock-powder,https://cdn0.woolworths.media/content/wowproductimages/medium/446313.jpg,2020-09-21 17:27:05,,0,,True
ce500708-8012-4e13-b33c-93f0a246513a,Woolworths Supermarket,Pantry,Maggi Beef Stroganoff Recipe Base 47g,446453,$1.75,$4.27 / 100G,https://www.woolworths.com.au/shop/productdetails/446453/maggi-beef-stroganoff-recipe-base,https://cdn0.woolworths.media/content/wowproductimages/medium/446453.jpg,2020-09-21 17:27:05,,0,3 for $3.99,True
56759494-5f8f-452c-985b-36710c3efbdc,Woolworths Supermarket,Pantry,Maggi Satay Chicken Recipe Base 43g,446455,$1.75,$4.07 / 100G,https://www.woolworths.com.au/shop/productdetails/446455/maggi-satay-chicken-recipe-base,https://cdn0.woolworths.media/content/wowproductimages/medium/446455.jpg,2020-09-21 17:27:05,,0,3 for $3.99,True
52a0f9cd-9dc1-4da9-b111-c7d406876614,Woolworths Supermarket,Pantry,Maggi Apricot Chicken Recipe Base 35g,446456,$1.75,$5.00 / 100G,https://www.woolworths.com.au/shop/productdetails/446456/maggi-apricot-chicken-recipe-base,https://cdn0.woolworths.media/content/wowproductimages/medium/446456.jpg,2020-09-21 17:27:05,,0,3 for $3.99,True
ba6ff0a6-a8e3-4b06-b0d0-d27cf9551632,Woolworths Supermarket,Pantry,Maggi Chilli Con Carne Recipe Base 41g,446459,$1.75,$4.27 / 100G,https://www.woolworths.com.au/shop/productdetails/446459/maggi-chilli-con-carne-recipe-base,https://cdn0.woolworths.media/content/wowproductimages/medium/446459.jpg,2020-09-21 17:27:05,,0,3 for $3.99,True
199d74ed-4fa4-4e22-82b8-81f3f8dda041,Woolworths Supermarket,Pantry,Maggi Devilled Sausages Recipe Base 37g,446476,$1.75,$4.73 / 100G,https://www.woolworths.com.au/shop/productdetails/446476/maggi-devilled-sausages-recipe-base,https://cdn0.woolworths.media/content/wowproductimages/medium/446476.jpg,2020-09-21 17:27:05,,0,3 for $3.99,True
927b5727-dee8-488d-a6b5-d1d6c68016be,Woolworths Supermarket,Pantry,Maggi Chicken Chasseur Recipe Base 35g,446477,$1.75,$5.00 / 100G,https://www.woolworths.com.au/shop/productdetails/446477/maggi-chicken-chasseur-recipe-base,https://cdn0.woolworths.media/content/wowproductimages/medium/446477.jpg,2020-09-21 17:27:05,,0,3 for $3.99,True
a664374c-d216-49e9-bd43-073275b1f824,Woolworths Supermarket,Pantry,Maggi Mince Cottage Pie Recipe Base 37g,446479,$1.75,$4.73 / 100G,https://www.woolworths.com.au/shop/productdetails/446479/maggi-mince-cottage-pie-recipe-base,https://cdn0.woolworths.media/content/wowproductimages/medium/446479.jpg,2020-09-21 17:27:05,,0,3 for $3.99,True
0500a509-e96c-42b4-af10-f171f4bd747f,Woolworths Supermarket,Pantry,Maggi Beef Goulash Recipe Base 33g,446483,$1.75,$5.30 / 100G,https://www.woolworths.com.au/shop/productdetails/446483/maggi-beef-goulash-recipe-base,https://cdn0.woolworths.media/content/wowproductimages/medium/446483.jpg,2020-09-21 17:27:05,,0,3 for $3.99,True
76e48b9d-804f-421d-810d-0f93dcd0c7a3,Woolworths Supermarket,Pantry,Maggi Butter Chicken Recipe Base 27g,446485,$1.75,$6.48 / 100G,https://www.woolworths.com.au/shop/productdetails/446485/maggi-butter-chicken-recipe-base,https://cdn0.woolworths.media/content/wowproductimages/medium/446485.jpg,2020-09-21 17:27:05,,0,3 for $3.99,True
06a52c73-951c-4f38-91cc-fa814f004c10,Woolworths Supermarket,Pantry,Maggi Mince Chow Mein Recipe Base 32g,446487,$1.75,$5.47 / 100G,https://www.woolworths.com.au/shop/productdetails/446487/maggi-mince-chow-mein-recipe-base,https://cdn0.woolworths.media/content/wowproductimages/medium/446487.jpg,2020-09-21 17:27:05,,0,3 for $3.99,True
34ef73f9-c71c-408d-a10c-e92a23aaf7fe,Woolworths Supermarket,Pantry,Ceres Brown Rice Crackers With Chia 115g,446583,$3.10,$2.70 / 100G,https://www.woolworths.com.au/shop/productdetails/446583/ceres-brown-rice-crackers-with-chia,https://cdn0.woolworths.media/content/wowproductimages/medium/446583.jpg,2020-09-21 17:27:05,Average product rating out of 5: 4.8. Product score is based on 14 ratings,14,,True
fa6814d1-1700-47be-8a1f-0e0885bf0f03,Woolworths Supermarket,Pantry,Ceres Black Rice Crackers Original 115g,446591,$3.10,$2.70 / 100G,https://www.woolworths.com.au/shop/productdetails/446591/ceres-black-rice-crackers-original,https://cdn0.woolworths.media/content/wowproductimages/medium/446591.jpg,2020-09-21 17:27:05,Average product rating out of 5: 4.3. Product score is based on 9 ratings,9,,True
fe58105c-e21b-4b60-8eff-b907eac09492,Woolworths Supermarket,Pantry,Ceres Organic Sea Salt Rice Bite 100g,446601,$3.10,$3.10 / 100G,https://www.woolworths.com.au/shop/productdetails/446601/ceres-organic-sea-salt-rice-bite,https://cdn0.woolworths.media/content/wowproductimages/medium/446601.jpg,2020-09-21 17:27:05,Average product rating out of 5: 4.0. Product score is based on 9 ratings,9,,True
75c5e92b-f330-49f6-bfbe-fb3900940814,Woolworths Supermarket,Pantry,Maggi Lamb Ragout Recipe Base 37g,448580,$1.75,$4.73 / 100G,https://www.woolworths.com.au/shop/productdetails/448580/maggi-lamb-ragout-recipe-base,https://cdn0.woolworths.media/content/wowproductimages/medium/448580.jpg,2020-09-21 17:27:05,,0,3 for $3.99,True
710f8ade-19b6-45fb-82eb-6f30b5922d6a,Woolworths Supermarket,Pantry,Dr. Oetker Ready To Roll Icing White 600g,448647,$5.30,$0.88 / 100G,https://www.woolworths.com.au/shop/productdetails/448647/dr-oetker-ready-to-roll-icing-white,https://cdn0.woolworths.media/content/wowproductimages/medium/448647.jpg,2020-09-21 17:27:05,,0,,True
61d4beab-0d3c-4cef-aefb-04c953017bf7,Woolworths Supermarket,Pantry,Dr. Oetker Gelatine Powder 36g,449918,$2.30,$6.39 / 100G,https://www.woolworths.com.au/shop/productdetails/449918/dr-oetker-gelatine-powder,https://cdn0.woolworths.media/content/wowproductimages/medium/449918.jpg,2020-09-21 17:27:05,,0,,True
92f2202d-3b27-47b2-bd91-c4ee591b6429,Woolworths Supermarket,Pantry,Dr. Oetker Ready To Roll Icing White 1kg,450136,$7.20,$0.72 / 100G,https://www.woolworths.com.au/shop/productdetails/450136/dr-oetker-ready-to-roll-icing-white,https://cdn0.woolworths.media/content/wowproductimages/medium/450136.jpg,2020-09-21 17:27:05,,0,,True
882b2308-a650-49ce-b3f7-4ab77f1c16fa,Woolworths Supermarket,Pantry,Ainsley Harriot Cous Cous Tomato & Garlic 100g,450544,$1.90,$1.90 / 100G,https://www.woolworths.com.au/shop/productdetails/450544/ainsley-harriot-cous-cous-tomato-garlic,https://cdn0.woolworths.media/content/wowproductimages/medium/450544.jpg,2020-09-21 17:27:05,,0,,True
283860d5-4c93-4ede-bc19-6924e290d551,Woolworths Supermarket,Pantry,Leggos Pasta Sauce Bolognese With Chunky Tomato Garlic & Herbs 500g,450687,$3.30,$0.66 / 100G,https://www.woolworths.com.au/shop/productdetails/450687/leggos-pasta-sauce-bolognese-with-chunky-tomato-garlic-herbs,https://cdn0.woolworths.media/content/wowproductimages/medium/450687.jpg,2020-09-21 17:27:05,,0,,True
5af1da75-d344-4c0f-81d6-f82fbb43325b,Woolworths Supermarket,Pantry,Leggos Pasta Sauce Napoletana 500g,450822,$3.30,$0.66 / 100G,https://www.woolworths.com.au/shop/productdetails/450822/leggos-pasta-sauce-napoletana,https://cdn0.woolworths.media/content/wowproductimages/medium/450822.jpg,2020-09-21 17:27:05,,0,,True
442e51cb-670a-41b4-98cd-10c98c204fa2,Woolworths Supermarket,Pantry,Leggos Pasta Sauce Carbonara 490g,450832,$3.30,$0.67 / 100G,https://www.woolworths.com.au/shop/productdetails/450832/leggos-pasta-sauce-carbonara,https://cdn0.woolworths.media/content/wowproductimages/medium/450832.jpg,2020-09-21 17:27:05,,0,,True
0a0a3cad-40de-4fca-942d-9515983a953f,Woolworths Supermarket,Pantry,Masterfoods Barbecue Sauce 500ml,099696,$2.50,$0.50 / 100ML,https://www.woolworths.com.au/shop/productdetails/99696/masterfoods-barbecue-sauce,https://cdn0.woolworths.media/content/wowproductimages/medium/099696.jpg,2020-09-21 17:27:05,,0,,True
8682b9d7-e21f-4c08-9ce8-b597263aca31,Woolworths Supermarket,Pantry,Doritos Share Pack Cheese Supreme 170g,826731,$2.75,$1.62 / 100G,https://www.woolworths.com.au/shop/productdetails/826731/doritos-share-pack-cheese-supreme,https://cdn0.woolworths.media/content/wowproductimages/medium/826731.jpg,2020-09-21 17:27:05,,0,,True
32d4b25e-e4cc-408a-a059-a918ac3f9bed,Woolworths Supermarket,Pantry,Arnott's Shortbread 250g,008838,$2.50,$1.00 / 100G,https://www.woolworths.com.au/shop/productdetails/8838/arnott-s-shortbread,https://cdn0.woolworths.media/content/wowproductimages/medium/008838.jpg,2020-09-21 17:27:05,,0,,True
7f7cd132-2cd0-451b-9de9-2a942d47d52a,Woolworths Supermarket,Pantry,Twisties Cheese Chips 90g,081659,$2.00,$2.22 / 100G,https://www.woolworths.com.au/shop/productdetails/81659/twisties-cheese-chips,https://cdn0.woolworths.media/content/wowproductimages/medium/081659.jpg,2020-09-21 17:27:05,,0,,True
4ac98050-021e-4f4d-bcf9-0eeb3fc5af75,Woolworths Supermarket,Pantry,Bertolli Extra Virgin Olive Oil Originale 750ml,502951,$6.50,$0.87 / 100ML,https://www.woolworths.com.au/shop/productdetails/502951/bertolli-extra-virgin-olive-oil-originale,https://cdn0.woolworths.media/content/wowproductimages/medium/502951.jpg,2020-09-21 17:27:05,,0,,True
0adb9d3f-f81b-4366-80b6-67bb90913093,Woolworths Supermarket,Pantry,Valcom Canned Bamboo Shoots Sliced 225g,097730,$1.10,$4.89 / 1KG,https://www.woolworths.com.au/shop/productdetails/97730/valcom-canned-bamboo-shoots-sliced,https://cdn0.woolworths.media/content/wowproductimages/medium/097730.jpg,2020-09-21 17:27:05,,0,,True
10d43d4a-7ab9-4d9d-938c-0e0c23847993,Woolworths Supermarket,Pantry,Kellogg's Nutri-grain Protein Breakfast Cereal 290g,701706,$4.95,$1.71 / 100G,https://www.woolworths.com.au/shop/productdetails/701706/kellogg-s-nutri-grain-protein-breakfast-cereal,https://cdn0.woolworths.media/content/wowproductimages/medium/701706.jpg,2020-09-21 17:27:05,,0,,True
26d697a9-3a3f-4f2c-a2c2-c85c4af5134a,Woolworths Supermarket,Pantry,Arnott's Malt O' Milk 250g,036036,$2.50,$1.00 / 100G,https://www.woolworths.com.au/shop/productdetails/36036/arnott-s-malt-o-milk,https://cdn0.woolworths.media/content/wowproductimages/medium/036036.jpg,2020-09-21 17:27:05,,0,,True
2a86b07e-89dc-4f44-93fe-2daa7f093577,Woolworths Supermarket,Pantry,Smith's Share Pack Crinkle Cut Salt & Vinegar 170g,826738,$2.75,$1.62 / 100G,https://www.woolworths.com.au/shop/productdetails/826738/smith-s-share-pack-crinkle-cut-salt-vinegar,https://cdn0.woolworths.media/content/wowproductimages/medium/826738.jpg,2020-09-21 17:27:05,,0,,True
7099aeac-ea9c-4013-b5dc-34ba1b8691e3,Woolworths Supermarket,Pantry,Arnott's Snack Right Sultana 250g,182697,$3.00,$1.20 / 100G,https://www.woolworths.com.au/shop/productdetails/182697/arnott-s-snack-right-sultana,https://cdn0.woolworths.media/content/wowproductimages/medium/182697.jpg,2020-09-21 17:27:05,,0,Was $4.20 11/02/2019,True
52cd3852-06de-49b5-b707-e5f294924dd9,Woolworths Supermarket,Pantry,Toblerone Milk Chocolate Bar 50g,047011,$1.00,$2.00 / 100G,https://www.woolworths.com.au/shop/productdetails/47011/toblerone-milk-chocolate-bar,https://cdn0.woolworths.media/content/wowproductimages/medium/047011.jpg,2020-09-21 17:27:05,,0,,True
5c79de5f-55c0-4690-b206-aff5fa29abd2,Woolworths Supermarket,Pantry,Kooka's Country Cookies Lemon 200g,347837,$2.00,$1.00 / 100G,https://www.woolworths.com.au/shop/productdetails/347837/kooka-s-country-cookies-lemon,https://cdn0.woolworths.media/content/wowproductimages/medium/347837.jpg,2020-09-21 17:27:05,,0,,True
309ed87f-fd70-465a-949e-143ac1bd5acd,Woolworths Supermarket,Pantry,Uncle Tobys Roll-ups Strawberry Fun Prints 6 pack,324231,$4.00,$4.26 / 100G,https://www.woolworths.com.au/shop/productdetails/324231/uncle-tobys-roll-ups-strawberry-fun-prints,https://cdn0.woolworths.media/content/wowproductimages/medium/324231.jpg,2020-09-21 17:27:05,,0,,True
ad2aa130-86eb-4f6d-9309-750dda09de00,Woolworths Supermarket,Pantry,Woolworths Corn Sweet Kernels 420g,218926,$1.00,$2.38 / 1KG,https://www.woolworths.com.au/shop/productdetails/218926/woolworths-corn-sweet-kernels,https://cdn0.woolworths.media/content/wowproductimages/medium/218926.jpg,2020-09-21 17:27:05,Average product rating out of 5: 4.1. Product score is based on 215 ratings,215,,True
9307752c-df98-40f1-b4f4-36777ca072bd,Woolworths Supermarket,Pantry,Moccona Freeze Dried Instant Coffee Classic Medium Roast 400g,208575,$24.00,$6.00 / 100G,https://www.woolworths.com.au/shop/productdetails/208575/moccona-freeze-dried-instant-coffee-classic-medium-roast,https://cdn0.woolworths.media/content/wowproductimages/medium/208575.jpg,2020-09-21 17:27:05,,0,,True
13900a55-e496-43cc-8c7a-eba64b76254c,Woolworths Supermarket,Pantry,Macro Organic Quinoa Tri Colour 500g,717631,$7.00,$1.40 / 100G,https://www.woolworths.com.au/shop/productdetails/717631/macro-organic-quinoa-tri-colour,https://cdn0.woolworths.media/content/wowproductimages/medium/717631.jpg,2020-09-21 17:27:05,Average product rating out of 5: 4.6. Product score is based on 274 ratings,274,Was $9.99 09/01/2017,True
a16f0b71-7039-4b72-a7bf-039bdaa2cd4d,Woolworths Supermarket,Pantry,Arnott's Shapes Cheddar 175g,384244,$2.50,$1.43 / 100G,https://www.woolworths.com.au/shop/productdetails/384244/arnott-s-shapes-cheddar,https://cdn0.woolworths.media/content/wowproductimages/medium/384244.jpg,2020-09-21 17:27:05,,0,,True
86ad1525-5ae0-4be4-92a2-a5f0d200b535,Woolworths Supermarket,Pantry,Uncle Ben's Microwave Mexican Style Brown Rice 250g,727257,$3.00,$1.20 / 100G,https://www.woolworths.com.au/shop/productdetails/727257/uncle-ben-s-microwave-mexican-style-brown-rice,https://cdn0.woolworths.media/content/wowproductimages/medium/727257.jpg,2020-09-21 17:27:05,,0,,True
9440bd4c-03e2-460c-8da7-67bab4c6660d,Woolworths Supermarket,Pantry,Pringles Sour Cream And Onion Chips 134g,479502,$2.50,$1.87 / 100G,https://www.woolworths.com.au/shop/productdetails/479502/pringles-sour-cream-and-onion-chips,https://cdn0.woolworths.media/content/wowproductimages/medium/479502.jpg,2020-09-21 17:27:05,,0,,True
2c16d634-543a-4c65-8761-c3bc65c292ee,Woolworths Supermarket,Pantry,Leggos Pasta Sauce Garden Vegetable 500g,451245,$3.30,$0.66 / 100G,https://www.woolworths.com.au/shop/productdetails/451245/leggos-pasta-sauce-garden-vegetable,https://cdn0.woolworths.media/content/wowproductimages/medium/451245.jpg,2020-09-21 17:27:05,,0,,True
a886b5a4-5d03-4d46-a802-97f14a3fdbe8,Woolworths Supermarket,Pantry,Continental Pasta Bacon & Parmesan Boscaiola 96g,451725,$2.75,$2.86 / 100G,https://www.woolworths.com.au/shop/productdetails/451725/continental-pasta-bacon-parmesan-boscaiola,https://cdn0.woolworths.media/content/wowproductimages/medium/451725.jpg,2020-09-21 17:27:05,,0,2 for $4.50,True
3ac08ada-6bbc-48ea-a2fd-73ce85e58519,Woolworths Supermarket,Pantry,Leggos Pasta Sauce Bolognese Bacon 500g,451726,$3.30,$0.66 / 100G,https://www.woolworths.com.au/shop/productdetails/451726/leggos-pasta-sauce-bolognese-bacon,https://cdn0.woolworths.media/content/wowproductimages/medium/451726.jpg,2020-09-21 17:27:05,,0,,True
3e5cdbfc-6e6f-41df-9c5c-d417f595587a,Woolworths Supermarket,Pantry,Leggos Pasta Bake Tomato Ricotta & Spinach 500g,451728,$3.00,$0.60 / 100G,https://www.woolworths.com.au/shop/productdetails/451728/leggos-pasta-bake-tomato-ricotta-spinach,https://cdn0.woolworths.media/content/wowproductimages/medium/451728.jpg,2020-09-21 17:27:05,,0,Was $3.79 10/10/16,True
f9606ff5-28a6-49c2-a1f1-c09e0f6f0c4e,Woolworths Supermarket,Pantry,Leggos Pasta Sauce Bolognese Red Wine 500g,451922,$3.30,$0.66 / 100G,https://www.woolworths.com.au/shop/productdetails/451922/leggos-pasta-sauce-bolognese-red-wine,https://cdn0.woolworths.media/content/wowproductimages/medium/451922.jpg,2020-09-21 17:27:05,,0,,True
1ab7721b-87b0-4c98-99b0-5a2fda890c84,Woolworths Supermarket,Pantry,Leggos Pasta Sauce Roasted Garlic 500g,451923,$3.30,$0.66 / 100G,https://www.woolworths.com.au/shop/productdetails/451923/leggos-pasta-sauce-roasted-garlic,https://cdn0.woolworths.media/content/wowproductimages/medium/451923.jpg,2020-09-21 17:27:05,,0,,True
7bf4e128-d0b4-4686-8672-b8a5238d5455,Woolworths Supermarket,Pantry,Leggos Pasta Sauce Bolognese Mushroom 500g,451926,$3.30,$0.66 / 100G,https://www.woolworths.com.au/shop/productdetails/451926/leggos-pasta-sauce-bolognese-mushroom,https://cdn0.woolworths.media/content/wowproductimages/medium/451926.jpg,2020-09-21 17:27:05,,0,,True
ae9e51ff-b9ac-4238-8095-8c8036e65c68,Woolworths Supermarket,Pantry,Leggos Tuna Bake 500g,452031,$3.00,$0.60 / 100G,https://www.woolworths.com.au/shop/productdetails/452031/leggos-tuna-bake,https://cdn0.woolworths.media/content/wowproductimages/medium/452031.jpg,2020-09-21 17:27:05,,0,Was $3.79 10/10/16,True
ecdd7c03-3bbd-4480-b358-b4491cfeec27,Woolworths Supermarket,Pantry,Leggos Pasta Bake Creamy Tomato & Mozzarella 500g,452050,$3.00,$0.60 / 100G,https://www.woolworths.com.au/shop/productdetails/452050/leggos-pasta-bake-creamy-tomato-mozzarella,https://cdn0.woolworths.media/content/wowproductimages/medium/452050.jpg,2020-09-21 17:27:05,,0,Was $3.79 10/10/16,True
d4aaf8cb-1741-4d76-9ab8-a4b0a7455af0,Woolworths Supermarket,Pantry,Leggos Pasta Bake Sundried Tomato Garlic 500g,452061,$3.00,$0.60 / 100G,https://www.woolworths.com.au/shop/productdetails/452061/leggos-pasta-bake-sundried-tomato-garlic,https://cdn0.woolworths.media/content/wowproductimages/medium/452061.jpg,2020-09-21 17:27:05,,0,Was $3.79 10/10/16,True
6c24100f-5f2b-4551-bd74-7a62008aed8f,Woolworths Supermarket,Pantry,The Spice Tailor Classic Butter Chicken 300g,452266,$5.50,$1.83 / 100G,https://www.woolworths.com.au/shop/productdetails/452266/the-spice-tailor-classic-butter-chicken,https://cdn0.woolworths.media/content/wowproductimages/medium/452266.jpg,2020-09-21 17:27:05,,0,,True
56d1cfeb-b6f7-4b09-ad5e-2151a81a5e2b,Woolworths Supermarket,Pantry,The Spice Tailor Original Tikka Masala 300g,452267,$5.50,$1.83 / 100G,https://www.woolworths.com.au/shop/productdetails/452267/the-spice-tailor-original-tikka-masala,https://cdn0.woolworths.media/content/wowproductimages/medium/452267.jpg,2020-09-21 17:27:05,,0,,True
9ff86cdb-40e6-4ddb-9bd5-a60e0e2d36d6,Woolworths Supermarket,Pantry,The Spice Tailor Keralan Coconut Curry 225g,452268,$5.50,$2.44 / 100G,https://www.woolworths.com.au/shop/productdetails/452268/the-spice-tailor-keralan-coconut-curry,https://cdn0.woolworths.media/content/wowproductimages/medium/452268.jpg,2020-09-21 17:27:05,,0,,True
8c803f17-8f96-4be8-bf5f-23d0cd6e1a27,Woolworths Supermarket,Pantry,The Spice Tailor Rustic Rogan Josh 300g,452464,$5.50,$1.83 / 100G,https://www.woolworths.com.au/shop/productdetails/452464/the-spice-tailor-rustic-rogan-josh,https://cdn0.woolworths.media/content/wowproductimages/medium/452464.jpg,2020-09-21 17:27:05,,0,,True
9cdeb583-188b-4d7e-a3a6-569441244098,Woolworths Supermarket,Pantry,The Spice Tailor Delicate Korma Curry 300g,452500,$5.50,$1.83 / 100G,https://www.woolworths.com.au/shop/productdetails/452500/the-spice-tailor-delicate-korma-curry,https://cdn0.woolworths.media/content/wowproductimages/medium/452500.jpg,2020-09-21 17:27:05,,0,,True
88328e21-3617-47e0-bc67-42b5020919bd,Woolworths Supermarket,Pantry,Infuzions Veggie Straws 5 pack,453873,$3.20,$4.27 / 100G,https://www.woolworths.com.au/shop/productdetails/453873/infuzions-veggie-straws,https://cdn0.woolworths.media/content/wowproductimages/medium/453873.jpg,2020-09-21 17:27:05,,0,2 for $5.00,True
f481d254-9c8e-41f5-a29c-fa1fb7e25f93,Woolworths Supermarket,Pantry,White Wings Vanilla Cake Mix 510g,454608,$4.00,$0.78 / 100G,https://www.woolworths.com.au/shop/productdetails/454608/white-wings-vanilla-cake-mix,https://cdn0.woolworths.media/content/wowproductimages/medium/454608.jpg,2020-09-21 17:27:05,,0,Was $5.00 31/10/16,True
89ea68df-2665-449a-83ea-1cad5ca7ff4a,Woolworths Supermarket,Pantry,Continental Pumpkin Risotto Bacon & Sour Cream 115g,456372,$2.75,$2.39 / 100G,https://www.woolworths.com.au/shop/productdetails/456372/continental-pumpkin-risotto-bacon-sour-cream,https://cdn0.woolworths.media/content/wowproductimages/medium/456372.jpg,2020-09-21 17:27:05,,0,2 for $4.50,True
34f9c0d4-670b-4fe6-bf8c-ac544611eaf5,Woolworths Supermarket,Pantry,Ocean Spray Craisins Reduced Sugar 150g,456578,$3.00,$20.00 / 1KG,https://www.woolworths.com.au/shop/productdetails/456578/ocean-spray-craisins-reduced-sugar,https://cdn0.woolworths.media/content/wowproductimages/medium/456578.jpg,2020-09-21 17:27:05,,0,,True
0ca3867d-fc4c-419b-91ca-980f84cf6beb,Woolworths Supermarket,Pantry,Maltesers Milk Chocolate Medium Bag 140g,460245,$4.50,$3.21 / 100G,https://www.woolworths.com.au/shop/productdetails/460245/maltesers-milk-chocolate-medium-bag,https://cdn0.woolworths.media/content/wowproductimages/medium/460245.jpg,2020-09-21 17:27:05,,0,,True
7c387a93-127a-4cbf-ab81-8ff583a3ca67,Woolworths Supermarket,Pantry,M&m's Milk Chocolate Medium Bag 180g,460247,$4.50,$2.50 / 100G,https://www.woolworths.com.au/shop/productdetails/460247/m-m-s-milk-chocolate-medium-bag,https://cdn0.woolworths.media/content/wowproductimages/medium/460247.jpg,2020-09-21 17:27:05,,0,,True
48e6c4a8-f648-4901-befa-1ec5dc648a37,Woolworths Supermarket,Pantry,M&m's Peanut Chocolate Medium Bag 180g,460570,$4.50,$2.50 / 100G,https://www.woolworths.com.au/shop/productdetails/460570/m-m-s-peanut-chocolate-medium-bag,https://cdn0.woolworths.media/content/wowproductimages/medium/460570.jpg,2020-09-21 17:27:05,,0,,True
b944b04e-4073-40eb-ac66-5fa1b43f9fa6,Woolworths Supermarket,Pantry,M&m's Crispy Chocolate Medium Bag 145g,460574,$4.50,$3.10 / 100G,https://www.woolworths.com.au/shop/productdetails/460574/m-m-s-crispy-chocolate-medium-bag,https://cdn0.woolworths.media/content/wowproductimages/medium/460574.jpg,2020-09-21 17:27:05,,0,,True
a555bea5-67ff-42b5-aa83-8a0940ef5b83,Woolworths Supermarket,Pantry,Pods Mars Chocolate Medium Bag 160g,460628,$4.50,$2.81 / 100G,https://www.woolworths.com.au/shop/productdetails/460628/pods-mars-chocolate-medium-bag,https://cdn0.woolworths.media/content/wowproductimages/medium/460628.jpg,2020-09-21 17:27:05,,0,,True
3679e7af-4fdc-4ab5-80d6-0010fa1a8bf6,Woolworths Supermarket,Pantry,Arnott's Shapes Chicken Crimpy 175g,384245,$2.50,$1.43 / 100G,https://www.woolworths.com.au/shop/productdetails/384245/arnott-s-shapes-chicken-crimpy,https://cdn0.woolworths.media/content/wowproductimages/medium/384245.jpg,2020-09-21 17:27:05,,0,,True
c2850858-7ec9-4862-b5dd-ee50a2251b67,Woolworths Supermarket,Pantry,Heinz Canned Soup Big Red Tomato 420g,034331,$2.20,$0.52 / 100G,https://www.woolworths.com.au/shop/productdetails/34331/heinz-canned-soup-big-red-tomato,https://cdn0.woolworths.media/content/wowproductimages/medium/034331.jpg,2020-09-21 17:27:05,,0,,True
336c6de2-aaf7-40f6-9466-41fed5130b6d,Woolworths Supermarket,Pantry,Sunbites Grain Waves Sour Cream & Chives 170g,082361,$3.50,$2.06 / 100G,https://www.woolworths.com.au/shop/productdetails/82361/sunbites-grain-waves-sour-cream-chives,https://cdn0.woolworths.media/content/wowproductimages/medium/082361.jpg,2020-09-21 17:27:05,,0,,True
1129cbca-102b-42fa-acdf-6ff7052018c3,Woolworths Supermarket,Pantry,Cadbury Dairy Milk Chocolate Fair Trade 350g,757883,$5.00,$1.43 / 100G,https://www.woolworths.com.au/shop/productdetails/757883/cadbury-dairy-milk-chocolate-fair-trade,https://cdn0.woolworths.media/content/wowproductimages/medium/757883.jpg,2020-09-21 17:27:05,,0,Was $6.30 16/01/2017,True
4eda93c2-f7b5-4630-90f8-98c5e75386e7,Woolworths Supermarket,Pantry,Fantastic Rice Crackers Original 100g,035231,$1.50,$1.50 / 100G,https://www.woolworths.com.au/shop/productdetails/35231/fantastic-rice-crackers-original,https://cdn0.woolworths.media/content/wowproductimages/medium/035231.jpg,2020-09-21 17:27:05,,0,,True
89b8ac98-5d87-4f3f-9ce6-026996d9ca5f,Woolworths Supermarket,Pantry,Mckenzie's Himalayan Salt Rock Pink 400g,749926,$5.95,$0.15 / 10G,https://www.woolworths.com.au/shop/productdetails/749926/mckenzie-s-himalayan-salt-rock-pink,https://cdn0.woolworths.media/content/wowproductimages/medium/749926.jpg,2020-09-21 17:27:05,,0,,True
ff93c532-6423-4f25-8d9e-5397cf476e46,Woolworths Supermarket,Pantry,Continental Cup A Soup Creamy Chicken With Lots Of Noodles 2 pack,026649,$2.00,$3.33 / 100G,https://www.woolworths.com.au/shop/productdetails/26649/continental-cup-a-soup-creamy-chicken-with-lots-of-noodles,https://cdn0.woolworths.media/content/wowproductimages/medium/026649.jpg,2020-09-21 17:27:05,,0,,True
33800e47-ca9c-42cf-a46a-9c73b8e5fd16,Woolworths Supermarket,Pantry,Essentials Pasta Penne 500g,188800,$0.80,$0.16 / 100G,https://www.woolworths.com.au/shop/productdetails/188800/essentials-pasta-penne,https://cdn0.woolworths.media/content/wowproductimages/medium/188800.jpg,2020-09-21 17:27:05,,0,,True
e48f1c1c-549b-4e65-88de-ed827d766650,Woolworths Supermarket,Pantry,Arnott's Monte Carlo 250g,036031,$3.00,$1.20 / 100G,https://www.woolworths.com.au/shop/productdetails/36031/arnott-s-monte-carlo,https://cdn0.woolworths.media/content/wowproductimages/medium/036031.jpg,2020-09-21 17:27:05,,0,,True
202e789e-506a-4e0c-bc60-745c3e1a90b3,Woolworths Supermarket,Pantry,Macro Organic Quinoa Tri Colour 500g,717631,$7.00,$1.40 / 100G,https://www.woolworths.com.au/shop/productdetails/717631/macro-organic-quinoa-tri-colour,https://cdn0.woolworths.media/content/wowproductimages/medium/717631.jpg,2020-09-21 17:27:05,Average product rating out of 5: 4.6. Product score is based on 274 ratings,274,Was $9.99 09/01/2017,True
b28af58c-b46d-4466-a802-dd2eaa47a3e8,Woolworths Supermarket,Pantry,Mckenzie's Rice Flour 375g,094275,$1.50,$4.00 / 1KG,https://www.woolworths.com.au/shop/productdetails/94275/mckenzie-s-rice-flour,https://cdn0.woolworths.media/content/wowproductimages/medium/094275.jpg,2020-09-21 17:27:05,,0,,True
de999a05-4580-4018-8704-ed7964fb57f7,Woolworths Supermarket,Pantry,Woolworths Diced Italian Tomatoes No Added Salt 400g,770320,$0.80,$2.00 / 1KG,https://www.woolworths.com.au/shop/productdetails/770320/woolworths-diced-italian-tomatoes-no-added-salt,https://cdn0.woolworths.media/content/wowproductimages/medium/770320.jpg,2020-09-21 17:27:05,Average product rating out of 5: 4.7. Product score is based on 311 ratings,311,,True
5f86c0fa-5638-463d-a137-f5f200dddf4a,Woolworths Supermarket,Pantry,Ritz Crackers Original 300g,660562,$2.50,$0.83 / 100G,https://www.woolworths.com.au/shop/productdetails/660562/ritz-crackers-original,https://cdn0.woolworths.media/content/wowproductimages/medium/660562.jpg,2020-09-21 17:27:05,,0,,True
59aee3f5-8376-4d7d-bb8a-5e279e0ddec3,Woolworths Supermarket,Pantry,Cadbury Fry's Turkish Delight 55g bar,098390,$1.00,$1.82 / 100G,https://www.woolworths.com.au/shop/productdetails/98390/cadbury-fry-s-turkish-delight,https://cdn0.woolworths.media/content/wowproductimages/medium/098390.jpg,2020-09-21 17:27:05,,0,,True
0b7b5384-c760-45d2-97e1-a533ad7ad4d6,Woolworths Supermarket,Pantry,Essentials Raw Sugar 2kg,018174,$2.10,$0.11 / 100G,https://www.woolworths.com.au/shop/productdetails/18174/essentials-raw-sugar,https://cdn0.woolworths.media/content/wowproductimages/medium/018174.jpg,2020-09-21 17:27:05,,0,,True
231a84e8-b24d-409c-a4be-d9dca5a11fec,Woolworths Supermarket,Pantry,Masterfoods Barbecue Sauce 500ml,099696,$2.50,$0.50 / 100ML,https://www.woolworths.com.au/shop/productdetails/99696/masterfoods-barbecue-sauce,https://cdn0.woolworths.media/content/wowproductimages/medium/099696.jpg,2020-09-21 17:27:05,,0,,True
81980216-b1fe-46b8-8a90-50cfd3be9be1,Woolworths Supermarket,Pantry,Woolworths Rolled Traditional Oats 750g,321220,$1.40,$0.19 / 100G,https://www.woolworths.com.au/shop/productdetails/321220/woolworths-rolled-traditional-oats,https://cdn0.woolworths.media/content/wowproductimages/medium/321220.jpg,2020-09-21 17:27:05,Average product rating out of 5: 4.6. Product score is based on 748 ratings,748,,True
121e9067-aa6a-4585-a512-0be8ac526270,Woolworths Supermarket,Pantry,Indomie Mi Goreng Instant Noodles 5pk 425g,177972,$2.75,$0.65 / 100G,https://www.woolworths.com.au/shop/productdetails/177972/indomie-mi-goreng-instant-noodles,https://cdn0.woolworths.media/content/wowproductimages/medium/177972.jpg,2020-09-21 17:27:05,,0,,True
ecd7966d-413d-4dfc-8f71-d143dcb4fce5,Woolworths Supermarket,Pantry,Ardmona Tomatoes Diced No Added Salt 400g,226849,$1.40,$3.50 / 1KG,https://www.woolworths.com.au/shop/productdetails/226849/ardmona-tomatoes-diced-no-added-salt,https://cdn0.woolworths.media/content/wowproductimages/medium/226849.jpg,2020-09-21 17:27:05,,0,,True
c6d7953c-ec5e-49e7-9a3e-6a6d850afb64,Woolworths Supermarket,Pantry,Sunbites Grain Waves Sour Cream & Chives 5 pack,720220,$3.10,$2.82 / 100G,https://www.woolworths.com.au/shop/productdetails/720220/sunbites-grain-waves-sour-cream-chives,https://cdn0.woolworths.media/content/wowproductimages/medium/720220.jpg,2020-09-21 17:27:05,,0,2 for $5.00,True
31f76b63-7404-44b6-bb59-3fd2e51328ee,Woolworths Supermarket,Pantry,Werther's Original Chewy Toffees 135g,460796,$3.50,$2.59 / 100G,https://www.woolworths.com.au/shop/productdetails/460796/werther-s-original-chewy-toffees,https://cdn0.woolworths.media/content/wowproductimages/medium/460796.jpg,2020-09-21 17:27:05,,0,,True
9649b6f9-64f3-4d3d-8e56-4c5598bbb102,Woolworths Supermarket,Pantry,Pods Snickers Chocolate Medium Bag 160g,460811,$4.50,$2.81 / 100G,https://www.woolworths.com.au/shop/productdetails/460811/pods-snickers-chocolate-medium-bag,https://cdn0.woolworths.media/content/wowproductimages/medium/460811.jpg,2020-09-21 17:27:05,,0,,True
29d1eb04-9f23-4b0b-9ada-b7957d3d90b9,Woolworths Supermarket,Pantry,M&m's Minis Chocolate Medium Bag 145g,460813,$4.50,$3.10 / 100G,https://www.woolworths.com.au/shop/productdetails/460813/m-m-s-minis-chocolate-medium-bag,https://cdn0.woolworths.media/content/wowproductimages/medium/460813.jpg,2020-09-21 17:27:05,,0,,True
97cbae28-667c-40ee-91f8-3907518049c6,Woolworths Supermarket,Pantry,Sunsweet Pitted Prunes 400g,460947,$6.30,$15.75 / 1KG,https://www.woolworths.com.au/shop/productdetails/460947/sunsweet-pitted-prunes,https://cdn0.woolworths.media/content/wowproductimages/medium/460947.jpg,2020-09-21 17:27:05,,0,,True
b9c2932c-5926-47b9-ab52-030b0150bce3,Woolworths Supermarket,Pantry,Nobby's Peanuts Salt & Vinegar 350g,462428,,,https://www.woolworths.com.au/shop/productdetails/462428/nobby-s-peanuts-salt-vinegar,https://cdn0.woolworths.media/content/wowproductimages/medium/462428.jpg,2020-09-21 17:27:05,,0,,False
e8dec96b-a169-43d1-8acd-18221e1d66a1,Woolworths Supermarket,Pantry,The Happy Snack Company Roasted Fav-va Beans Red Pepper & Chilli 6x25g,464456,$4.20,$2.80 / 100G,https://www.woolworths.com.au/shop/productdetails/464456/the-happy-snack-company-roasted-fav-va-beans-red-pepper-chilli,https://cdn0.woolworths.media/content/wowproductimages/medium/464456.jpg,2020-09-21 17:27:05,Average product rating out of 5: 4.8. Product score is based on 11 ratings,11,,True
78dd346e-7d32-44a3-9e47-ae61a4bb07b5,Woolworths Supermarket,Pantry,Always Fresh Marinated Artichoke Hearts 230g,464637,$3.25,$14.13 / 1KG,https://www.woolworths.com.au/shop/productdetails/464637/always-fresh-marinated-artichoke-hearts,https://cdn0.woolworths.media/content/wowproductimages/medium/464637.jpg,2020-09-21 17:27:05,,0,,True
f6217810-89b3-438b-9013-307b0fa402d3,Woolworths Supermarket,Pantry,Always Fresh Mixed Olives 220g,464655,$5.40,$24.55 / 1KG,https://www.woolworths.com.au/shop/productdetails/464655/always-fresh-mixed-olives,https://cdn0.woolworths.media/content/wowproductimages/medium/464655.jpg,2020-09-21 17:27:05,,0,,True
f255c2c3-3eb0-4d0b-97d0-2a7751fde824,Woolworths Supermarket,Pantry,Always Fresh Capers Vinegar 230g,464822,$3.25,$14.13 / 1KG,https://www.woolworths.com.au/shop/productdetails/464822/always-fresh-capers-vinegar,https://cdn0.woolworths.media/content/wowproductimages/medium/464822.jpg,2020-09-21 17:27:05,,0,,True
2acedd47-9047-4385-bfc6-f70deb47d94c,Woolworths Supermarket,Pantry,Always Fresh Chilli Peppers Mild 310g,464846,$3.00,$9.68 / 1KG,https://www.woolworths.com.au/shop/productdetails/464846/always-fresh-chilli-peppers-mild,https://cdn0.woolworths.media/content/wowproductimages/medium/464846.jpg,2020-09-21 17:27:05,,0,,True
655e8d01-e488-4286-b5bf-c5e5bde4f2a4,Woolworths Supermarket,Pantry,Always Fresh Sicilian Olives Pitted 230g,465039,,,https://www.woolworths.com.au/shop/productdetails/465039/always-fresh-sicilian-olives-pitted,https://cdn0.woolworths.media/content/wowproductimages/medium/465039.jpg,2020-09-21 17:27:05,,0,,False
cb62d577-49ad-4745-83c4-19f2e7a698ca,Woolworths Supermarket,Pantry,Always Fresh Roasted Peppers Whole 330g,465062,$5.00,$15.15 / 1KG,https://www.woolworths.com.au/shop/productdetails/465062/always-fresh-roasted-peppers-whole,https://cdn0.woolworths.media/content/wowproductimages/medium/465062.jpg,2020-09-21 17:27:05,,0,,True
49a38c09-0e4a-4de3-95bb-3a8104f580b8,Woolworths Supermarket,Pantry,Always Fresh Sundried Tomato Strips 480g,465068,$7.50,$15.63 / 1KG,https://www.woolworths.com.au/shop/productdetails/465068/always-fresh-sundried-tomato-strips,https://cdn0.woolworths.media/content/wowproductimages/medium/465068.jpg,2020-09-21 17:27:05,,0,,True
7e029df0-0389-4afb-af1b-df58a97bd95d,Woolworths Supermarket,Pantry,Always Fresh Sundried Tomatoes Strips 220g,465070,$4.50,$20.45 / 1KG,https://www.woolworths.com.au/shop/productdetails/465070/always-fresh-sundried-tomatoes-strips,https://cdn0.woolworths.media/content/wowproductimages/medium/465070.jpg,2020-09-21 17:27:05,,0,,True
582a7316-d2b9-4ce9-addc-5b8972523e7b,Woolworths Supermarket,Pantry,Always Fresh Roasted Pepper Strips 310g,465076,$4.50,$14.52 / 1KG,https://www.woolworths.com.au/shop/productdetails/465076/always-fresh-roasted-pepper-strips,https://cdn0.woolworths.media/content/wowproductimages/medium/465076.jpg,2020-09-21 17:27:05,,0,,True
ed0961f0-efc0-46c4-becb-29a11e188e8b,Woolworths Supermarket,Pantry,Always Fresh Kalamata Olives Sliced 220g,465079,$5.40,$2.45 / 100G,https://www.woolworths.com.au/shop/productdetails/465079/always-fresh-kalamata-olives-sliced,https://cdn0.woolworths.media/content/wowproductimages/medium/465079.jpg,2020-09-21 17:27:05,,0,,True
c26e08c5-ce81-49ab-8149-08975dc67581,Woolworths Supermarket,Pantry,Always Fresh Kalamata Olives Pitted 220g,465084,$5.40,$24.55 / 1KG,https://www.woolworths.com.au/shop/productdetails/465084/always-fresh-kalamata-olives-pitted,https://cdn0.woolworths.media/content/wowproductimages/medium/465084.jpg,2020-09-21 17:27:05,,0,,True
be2292b4-7bc8-4aae-9ae7-f4e00d1f7252,Woolworths Supermarket,Pantry,Sunbeam Yoghurt Coated Sultanas 180g,466062,$4.00,$22.22 / 1KG,https://www.woolworths.com.au/shop/productdetails/466062/sunbeam-yoghurt-coated-sultanas,https://cdn0.woolworths.media/content/wowproductimages/medium/466062.jpg,2020-09-21 17:27:05,,0,,True
b422a264-afb4-4dbf-8816-9781600774f3,Woolworths Supermarket,Pantry,Angas Park Medjool Dates 200g,466088,$7.30,$36.50 / 1KG,https://www.woolworths.com.au/shop/productdetails/466088/angas-park-medjool-dates,https://cdn0.woolworths.media/content/wowproductimages/medium/466088.jpg,2020-09-21 17:27:05,,0,,True
4d86cc90-a262-47ac-ac61-f3b8babdd448,Woolworths Supermarket,Pantry,F. Whitlock & Sons Caramelised Onion Relish 275g,466162,$4.50,$1.64 / 100G,https://www.woolworths.com.au/shop/productdetails/466162/f-whitlock-sons-caramelised-onion-relish,https://cdn0.woolworths.media/content/wowproductimages/medium/466162.jpg,2020-09-21 17:27:05,,0,,True
17633839-7515-488b-b3b6-7c54ec7ff09b,Woolworths Supermarket,Pantry,F. Whitlock & Sons Tomato Chutney 275g,466164,$4.50,$1.64 / 100G,https://www.woolworths.com.au/shop/productdetails/466164/f-whitlock-sons-tomato-chutney,https://cdn0.woolworths.media/content/wowproductimages/medium/466164.jpg,2020-09-21 17:27:05,,0,,True
85308cc8-e0ae-4563-b76a-c1f7ca0e104f,Woolworths Supermarket,Pantry,Orgran Quinoa Wafer Crackers 100g,466173,$3.90,$3.90 / 100G,https://www.woolworths.com.au/shop/productdetails/466173/orgran-quinoa-wafer-crackers,https://cdn0.woolworths.media/content/wowproductimages/medium/466173.jpg,2020-09-21 17:27:05,Average product rating out of 5: 5.0. Product score is based on 15 ratings,15,,True
ac8aba1f-6137-4870-af22-a554f0315caa,Woolworths Supermarket,Pantry,Orgran Premium Breadcrumbs 300g,466175,$3.55,$1.18 / 100G,https://www.woolworths.com.au/shop/productdetails/466175/orgran-premium-breadcrumbs,https://cdn0.woolworths.media/content/wowproductimages/medium/466175.jpg,2020-09-21 17:27:05,Average product rating out of 5: 4.8. Product score is based on 8 ratings,8,,True
85aa7e9d-ab52-4542-92d3-b679ae055827,Woolworths Supermarket,Pantry,King Oscar Mackerel In Olive Oil 115g,466176,$3.30,$28.70 / 1KG,https://www.woolworths.com.au/shop/productdetails/466176/king-oscar-mackerel-in-olive-oil,https://cdn0.woolworths.media/content/wowproductimages/medium/466176.jpg,2020-09-21 17:27:05,,0,,True
0234aace-2095-40be-9ab4-7879974069f0,Woolworths Supermarket,Pantry,Arnott's Shapes Chicken Crimpy 175g,384245,$2.50,$1.43 / 100G,https://www.woolworths.com.au/shop/productdetails/384245/arnott-s-shapes-chicken-crimpy,https://cdn0.woolworths.media/content/wowproductimages/medium/384245.jpg,2020-09-21 17:27:05,,0,,True
0234a6dd-9daf-47f8-b6d4-a7e0c37f6743,Woolworths Supermarket,Pantry,Continental Cup A Soup Creamy Chicken With Lots Of Noodles 2 pack,026649,$2.00,$3.33 / 100G,https://www.woolworths.com.au/shop/productdetails/26649/continental-cup-a-soup-creamy-chicken-with-lots-of-noodles,https://cdn0.woolworths.media/content/wowproductimages/medium/026649.jpg,2020-09-21 17:27:05,,0,,True
0aef59de-bd8b-432a-acf3-9d08c4ec8b74,Woolworths Supermarket,Pantry,Sunbites Grain Waves Sour Cream & Chives 170g,082361,$3.50,$2.06 / 100G,https://www.woolworths.com.au/shop/productdetails/82361/sunbites-grain-waves-sour-cream-chives,https://cdn0.woolworths.media/content/wowproductimages/medium/082361.jpg,2020-09-21 17:27:05,,0,,True
a7d10d09-aab0-4990-bd2e-525ac66a1e0f,Woolworths Supermarket,Pantry,Heinz Canned Soup Big Red Tomato 420g,034331,$2.20,$0.52 / 100G,https://www.woolworths.com.au/shop/productdetails/34331/heinz-canned-soup-big-red-tomato,https://cdn0.woolworths.media/content/wowproductimages/medium/034331.jpg,2020-09-21 17:27:05,,0,,True
566f615e-3b95-4c87-a6e6-bb47267ea7b9,Woolworths Supermarket,Pantry,Macro Organic Quinoa Tri Colour 500g,717631,$7.00,$1.40 / 100G,https://www.woolworths.com.au/shop/productdetails/717631/macro-organic-quinoa-tri-colour,https://cdn0.woolworths.media/content/wowproductimages/medium/717631.jpg,2020-09-21 17:27:05,Average product rating out of 5: 4.6. Product score is based on 274 ratings,274,Was $9.99 09/01/2017,True
4d074777-d578-4139-ace0-988b85eac0cb,Woolworths Supermarket,Pantry,Woolworths Diced Italian Tomatoes No Added Salt 400g,770320,$0.80,$2.00 / 1KG,https://www.woolworths.com.au/shop/productdetails/770320/woolworths-diced-italian-tomatoes-no-added-salt,https://cdn0.woolworths.media/content/wowproductimages/medium/770320.jpg,2020-09-21 17:27:05,Average product rating out of 5: 4.7. Product score is based on 311 ratings,311,,True
7a48d54b-6e32-48f5-81c0-afcb56ac2f08,Woolworths Supermarket,Pantry,Essentials Raw Sugar 2kg,018174,$2.10,$0.11 / 100G,https://www.woolworths.com.au/shop/productdetails/18174/essentials-raw-sugar,https://cdn0.woolworths.media/content/wowproductimages/medium/018174.jpg,2020-09-21 17:27:05,,0,,True
c4320a8a-a519-4e7c-a4fc-ed911fc4be95,Woolworths Supermarket,Pantry,Arnott's Monte Carlo 250g,036031,$3.00,$1.20 / 100G,https://www.woolworths.com.au/shop/productdetails/36031/arnott-s-monte-carlo,https://cdn0.woolworths.media/content/wowproductimages/medium/036031.jpg,2020-09-21 17:27:05,,0,,True
4d9d670d-e0f9-434b-98eb-2c37b09549af,Woolworths Supermarket,Pantry,Masterfoods Barbecue Sauce 500ml,099696,$2.50,$0.50 / 100ML,https://www.woolworths.com.au/shop/productdetails/99696/masterfoods-barbecue-sauce,https://cdn0.woolworths.media/content/wowproductimages/medium/099696.jpg,2020-09-21 17:27:05,,0,,True
3bd6b664-52c1-48f6-a36c-a93a30d68549,Woolworths Supermarket,Pantry,Indomie Mi Goreng Instant Noodles 5pk 425g,177972,$2.75,$0.65 / 100G,https://www.woolworths.com.au/shop/productdetails/177972/indomie-mi-goreng-instant-noodles,https://cdn0.woolworths.media/content/wowproductimages/medium/177972.jpg,2020-09-21 17:27:05,,0,,True
128c6a59-4531-4895-8dc3-1c654b69b3a7,Woolworths Supermarket,Pantry,Mckenzie's Rice Flour 375g,094275,$1.50,$4.00 / 1KG,https://www.woolworths.com.au/shop/productdetails/94275/mckenzie-s-rice-flour,https://cdn0.woolworths.media/content/wowproductimages/medium/094275.jpg,2020-09-21 17:27:05,,0,,True
6741d0bb-a756-44a2-b7c2-c31b2bcd78c4,Woolworths Supermarket,Pantry,Cadbury Dairy Milk Chocolate Fair Trade 350g,757883,$5.00,$1.43 / 100G,https://www.woolworths.com.au/shop/productdetails/757883/cadbury-dairy-milk-chocolate-fair-trade,https://cdn0.woolworths.media/content/wowproductimages/medium/757883.jpg,2020-09-21 17:27:05,,0,Was $6.30 16/01/2017,True
de78c2e7-715b-4d5a-8558-e74a5959027b,Woolworths Supermarket,Pantry,Woolworths Rolled Traditional Oats 750g,321220,$1.40,$0.19 / 100G,https://www.woolworths.com.au/shop/productdetails/321220/woolworths-rolled-traditional-oats,https://cdn0.woolworths.media/content/wowproductimages/medium/321220.jpg,2020-09-21 17:27:05,Average product rating out of 5: 4.6. Product score is based on 748 ratings,748,,True
f5e95867-a9d7-4f1c-b53f-7d9cab193766,Woolworths Supermarket,Pantry,Cadbury Fry's Turkish Delight 55g bar,098390,$1.00,$1.82 / 100G,https://www.woolworths.com.au/shop/productdetails/98390/cadbury-fry-s-turkish-delight,https://cdn0.woolworths.media/content/wowproductimages/medium/098390.jpg,2020-09-21 17:27:05,,0,,True
16f4ed20-54df-44b9-919e-f4fd0ce466e6,Woolworths Supermarket,Pantry,Ritz Crackers Original 300g,660562,$2.50,$0.83 / 100G,https://www.woolworths.com.au/shop/productdetails/660562/ritz-crackers-original,https://cdn0.woolworths.media/content/wowproductimages/medium/660562.jpg,2020-09-21 17:27:05,,0,,True
4571de85-19e3-4ac4-910d-cab1e3f2f4ed,Woolworths Supermarket,Pantry,Ardmona Tomatoes Diced No Added Salt 400g,226849,$1.40,$3.50 / 1KG,https://www.woolworths.com.au/shop/productdetails/226849/ardmona-tomatoes-diced-no-added-salt,https://cdn0.woolworths.media/content/wowproductimages/medium/226849.jpg,2020-09-21 17:27:05,,0,,True
1e152c49-618e-42d0-8b8a-501a8abdf326,Woolworths Supermarket,Pantry,Essentials Pasta Penne 500g,188800,$0.80,$0.16 / 100G,https://www.woolworths.com.au/shop/productdetails/188800/essentials-pasta-penne,https://cdn0.woolworths.media/content/wowproductimages/medium/188800.jpg,2020-09-21 17:27:05,,0,,True
ff8e4f14-bd94-44bf-b145-2c4d5f09a61d,Woolworths Supermarket,Pantry,Mckenzie's Himalayan Salt Rock Pink 400g,749926,$5.95,$0.15 / 10G,https://www.woolworths.com.au/shop/productdetails/749926/mckenzie-s-himalayan-salt-rock-pink,https://cdn0.woolworths.media/content/wowproductimages/medium/749926.jpg,2020-09-21 17:27:05,,0,,True
4d5f490a-3803-4d31-a028-c9bade347c28,Woolworths Supermarket,Pantry,Fantastic Rice Crackers Original 100g,035231,$1.50,$1.50 / 100G,https://www.woolworths.com.au/shop/productdetails/35231/fantastic-rice-crackers-original,https://cdn0.woolworths.media/content/wowproductimages/medium/035231.jpg,2020-09-21 17:27:05,,0,,True
c236e8d5-0d3c-4eea-be85-507f41a3db77,Woolworths Supermarket,Pantry,Sunbites Grain Waves Sour Cream & Chives 5 pack,720220,$3.10,$2.82 / 100G,https://www.woolworths.com.au/shop/productdetails/720220/sunbites-grain-waves-sour-cream-chives,https://cdn0.woolworths.media/content/wowproductimages/medium/720220.jpg,2020-09-21 17:27:05,,0,2 for $5.00,True
12751858-4e2e-427a-bc1d-49923b2984af,Woolworths Supermarket,Pantry,King Oscar Mackerel Mediterranean 115g,466198,$3.30,$28.70 / 1KG,https://www.woolworths.com.au/shop/productdetails/466198/king-oscar-mackerel-mediterranean,https://cdn0.woolworths.media/content/wowproductimages/medium/466198.jpg,2020-09-21 17:27:05,,0,,True
c78d7985-3015-4a8c-9c8c-9471fc6cd267,Woolworths Supermarket,Pantry,Woolworths Traditional Mayonnaise 470g,467269,$2.60,$0.55 / 100G,https://www.woolworths.com.au/shop/productdetails/467269/woolworths-traditional-mayonnaise,https://cdn0.woolworths.media/content/wowproductimages/medium/467269.jpg,2020-09-21 17:27:05,Average product rating out of 5: 4.3. Product score is based on 1926 ratings,1926,,True
45085c4e-f4b2-4448-9590-856b8688a44b,Woolworths Supermarket,Pantry,Fehlbergs European Style Dill Pickled Cucumbers 680g,467387,$3.50,$5.15 / 1KG,https://www.woolworths.com.au/shop/productdetails/467387/fehlbergs-european-style-dill-pickled-cucumbers,https://cdn0.woolworths.media/content/wowproductimages/medium/467387.jpg,2020-09-21 17:27:05,,0,,True
bf6be5d1-1089-47b5-872e-32eb1dd48ac7,Woolworths Supermarket,Pantry,Fehlbergs Sweet & Sour Cucumbers 680g,467388,$3.50,$5.15 / 1KG,https://www.woolworths.com.au/shop/productdetails/467388/fehlbergs-sweet-sour-cucumbers,https://cdn0.woolworths.media/content/wowproductimages/medium/467388.jpg,2020-09-21 17:27:05,,0,,True
3a25c47c-79d2-4edf-b0f6-f9375c0c66f3,Woolworths Supermarket,Pantry,Toblerone Milk Chocolate Bar 360g,468984,$10.00,$2.78 / 100G,https://www.woolworths.com.au/shop/productdetails/468984/toblerone-milk-chocolate-bar,https://cdn0.woolworths.media/content/wowproductimages/medium/468984.jpg,2020-09-21 17:27:05,,0,,True
a620a349-9cf9-4cec-af3a-0291e22a0dfe,Woolworths Supermarket,Pantry,Sandhurst Cucumbers Sandwich Stacker 500g,471887,$4.20,$8.40 / 1KG,https://www.woolworths.com.au/shop/productdetails/471887/sandhurst-cucumbers-sandwich-stacker,https://cdn0.woolworths.media/content/wowproductimages/medium/471887.jpg,2020-09-21 17:27:05,,0,,True
20c8646a-126c-45df-85d4-96955b2ec528,Woolworths Supermarket,Pantry,Tyrrell's Chips Cheddar & Chives 165g bag,471954,$2.25,$1.36 / 100G,https://www.woolworths.com.au/shop/productdetails/471954/tyrrell-s-chips-cheddar-chives,https://cdn0.woolworths.media/content/wowproductimages/medium/471954.jpg,2020-09-21 17:27:05,,0,,True
6e254205-cd19-4e9a-a2d0-2d085401f706,Woolworths Supermarket,Pantry,Tyrrell's Chips Lightly Salted 165g bag,471968,$2.25,$1.36 / 100G,https://www.woolworths.com.au/shop/productdetails/471968/tyrrell-s-chips-lightly-salted,https://cdn0.woolworths.media/content/wowproductimages/medium/471968.jpg,2020-09-21 17:27:05,,0,,True
507c2120-0272-4cc6-a34e-591193b73545,Woolworths Supermarket,Pantry,Macro Organic Brown Rice 750g,472934,$3.50,$0.47 / 100G,https://www.woolworths.com.au/shop/productdetails/472934/macro-organic-brown-rice,https://cdn0.woolworths.media/content/wowproductimages/medium/472934.jpg,2020-09-21 17:27:05,,0,,True
80323188-aff4-40a1-a4eb-23b8682b9af4,Woolworths Supermarket,Pantry,Yoodles Brown Rice Noodles Chicken 70g,473597,$2.00,$2.86 / 100G,https://www.woolworths.com.au/shop/productdetails/473597/yoodles-brown-rice-noodles-chicken,https://cdn0.woolworths.media/content/wowproductimages/medium/473597.jpg,2020-09-21 17:27:05,,0,,True
9a617b7b-ebb7-4bb2-98af-7d90c89f84a0,Woolworths Supermarket,Pantry,Yoodles Brown Rice Noodles Beef 70g,473598,$2.00,$2.86 / 100G,https://www.woolworths.com.au/shop/productdetails/473598/yoodles-brown-rice-noodles-beef,https://cdn0.woolworths.media/content/wowproductimages/medium/473598.jpg,2020-09-21 17:27:05,,0,,True
8ed4ae88-0dff-4c2f-b91d-805eafa738ea,Woolworths Supermarket,Pantry,Nando's Perinaise Sauce Hot 265g,473744,$2.95,$1.11 / 100G,https://www.woolworths.com.au/shop/productdetails/473744/nando-s-perinaise-sauce-hot,https://cdn0.woolworths.media/content/wowproductimages/medium/473744.jpg,2020-09-21 17:27:05,,0,,True
f38ebc9a-2fc3-47d2-8f10-122e9ca2806c,Woolworths Supermarket,Pantry,Nando's Perinaise Sauce Mild 265g,473746,$2.95,$1.11 / 100G,https://www.woolworths.com.au/shop/productdetails/473746/nando-s-perinaise-sauce-mild,https://cdn0.woolworths.media/content/wowproductimages/medium/473746.jpg,2020-09-21 17:27:05,,0,,True
1474b060-1375-4097-a512-48e5997ca77f,Woolworths Supermarket,Pantry,Nando's Medium Peri Peri Sauce 250g,473749,$5.75,$2.30 / 100G,https://www.woolworths.com.au/shop/productdetails/473749/nando-s-medium-peri-peri-sauce,https://cdn0.woolworths.media/content/wowproductimages/medium/473749.jpg,2020-09-21 17:27:05,,0,,True
6ae9f500-9ce4-4fe6-8c47-f9ae1595344f,Woolworths Supermarket,Pantry,Betty Crocker Gluten Free Vanilla Cupcake Mix 460g,474367,$4.00,$0.87 / 100G,https://www.woolworths.com.au/shop/productdetails/474367/betty-crocker-gluten-free-vanilla-cupcake-mix,https://cdn0.woolworths.media/content/wowproductimages/medium/474367.jpg,2020-09-21 17:27:05,Average product rating out of 5: 4.9. Product score is based on 7 ratings,7,,True
eafe9e24-808b-49f5-b5f7-f7eb0efaa4bf,Woolworths Supermarket,Pantry,Tabasco Chipotle Sauce 60ml,474369,$4.60,$7.67 / 100ML,https://www.woolworths.com.au/shop/productdetails/474369/tabasco-chipotle-sauce,https://cdn0.woolworths.media/content/wowproductimages/medium/474369.jpg,2020-09-21 17:27:05,,0,,True
3a684cf0-47c0-4cc0-9506-eaa4417b7af2,Woolworths Supermarket,Pantry,Woolworths Himalayan Pink Salt Fine Cut Shaker 125g,476440,$2.69,$0.22 / 10G,https://www.woolworths.com.au/shop/productdetails/476440/woolworths-himalayan-pink-salt-fine-cut-shaker,https://cdn0.woolworths.media/content/wowproductimages/medium/476440.jpg,2020-09-21 17:27:05,Average product rating out of 5: 4.4. Product score is based on 371 ratings,371,,True
03cb9403-283a-4702-9e0d-f396348408d3,Woolworths Supermarket,Pantry,Woolworths Himalayan Pink Fine Table Salt 750g,476441,$3.99,$0.05 / 10G,https://www.woolworths.com.au/shop/productdetails/476441/woolworths-himalayan-pink-fine-table-salt,https://cdn0.woolworths.media/content/wowproductimages/medium/476441.jpg,2020-09-21 17:27:05,Average product rating out of 5: 4.6. Product score is based on 397 ratings,397,,True
ac96412c-0a6f-4996-9a9c-cfd925f5fc64,Woolworths Supermarket,Pantry,Woolworths Himalayan Pink Fine Table Salt 1kg,476442,$3.00,$0.03 / 10G,https://www.woolworths.com.au/shop/productdetails/476442/woolworths-himalayan-pink-fine-table-salt,https://cdn0.woolworths.media/content/wowproductimages/medium/476442.jpg,2020-09-21 17:27:05,Average product rating out of 5: 4.6. Product score is based on 385 ratings,385,,True
683a0a5d-314e-48f8-a71b-18ce72a5150c,Woolworths Supermarket,Pantry,Woolworths Tuna In Springwater 95g,476700,$0.90,$9.47 / 1KG,https://www.woolworths.com.au/shop/productdetails/476700/woolworths-tuna-in-springwater,https://cdn0.woolworths.media/content/wowproductimages/medium/476700.jpg,2020-09-21 17:27:05,,0,,True
5f3007d4-ff99-4296-b940-346c54c0d828,Woolworths Supermarket,Pantry,Woolworths Tuna In Oil 95g,476701,$0.90,$9.47 / 1KG,https://www.woolworths.com.au/shop/productdetails/476701/woolworths-tuna-in-oil,https://cdn0.woolworths.media/content/wowproductimages/medium/476701.jpg,2020-09-21 17:27:05,Average product rating out of 5: 4.1. Product score is based on 600 ratings,600,,True
0f0c68b5-cfb3-44a1-8cdd-935cd20a52fe,Woolworths Supermarket,Pantry,Woolworths Tuna Chilli 95g,476702,$0.90,$9.47 / 1KG,https://www.woolworths.com.au/shop/productdetails/476702/woolworths-tuna-chilli,https://cdn0.woolworths.media/content/wowproductimages/medium/476702.jpg,2020-09-21 17:27:05,,0,,True
df313ada-df05-41f5-8b57-af7bf7887333,Woolworths Supermarket,Pantry,Woolworths Tuna Tomato & Basil 95g,476704,$0.90,$9.47 / 1KG,https://www.woolworths.com.au/shop/productdetails/476704/woolworths-tuna-tomato-basil,https://cdn0.woolworths.media/content/wowproductimages/medium/476704.jpg,2020-09-21 17:27:05,Average product rating out of 5: 3.6. Product score is based on 441 ratings,441,,True
7880fdbc-4b74-41ff-a85b-57b3e82114cd,Woolworths Supermarket,Pantry,Woolworths Tuna Mexican Style 95g,476705,$0.90,$9.47 / 1KG,https://www.woolworths.com.au/shop/productdetails/476705/woolworths-tuna-mexican-style,https://cdn0.woolworths.media/content/wowproductimages/medium/476705.jpg,2020-09-21 17:27:05,Average product rating out of 5: 3.5. Product score is based on 295 ratings,295,,True
c5a2b7c5-24fd-4791-976e-458ad454c262,Woolworths Supermarket,Pantry,Arnott's Shapes Chicken Crimpy 175g,384245,$2.50,$1.43 / 100G,https://www.woolworths.com.au/shop/productdetails/384245/arnott-s-shapes-chicken-crimpy,https://cdn0.woolworths.media/content/wowproductimages/medium/384245.jpg,2020-09-21 17:27:05,,0,,True
f79082d2-ec20-4183-81e1-ebc35bee8fd2,Woolworths Supermarket,Pantry,Sunbites Grain Waves Sour Cream & Chives 170g,082361,$3.50,$2.06 / 100G,https://www.woolworths.com.au/shop/productdetails/82361/sunbites-grain-waves-sour-cream-chives,https://cdn0.woolworths.media/content/wowproductimages/medium/082361.jpg,2020-09-21 17:27:05,,0,,True
f3bf564e-f3ce-41f0-9701-37444c351cd0,Woolworths Supermarket,Pantry,Woolworths Diced Italian Tomatoes No Added Salt 400g,770320,$0.80,$2.00 / 1KG,https://www.woolworths.com.au/shop/productdetails/770320/woolworths-diced-italian-tomatoes-no-added-salt,https://cdn0.woolworths.media/content/wowproductimages/medium/770320.jpg,2020-09-21 17:27:05,Average product rating out of 5: 4.7. Product score is based on 311 ratings,311,,True
9dec5998-097d-44f7-83b2-ede1e9f8f204,Woolworths Supermarket,Pantry,Fantastic Rice Crackers Original 100g,035231,$1.50,$1.50 / 100G,https://www.woolworths.com.au/shop/productdetails/35231/fantastic-rice-crackers-original,https://cdn0.woolworths.media/content/wowproductimages/medium/035231.jpg,2020-09-21 17:27:05,,0,,True
cd4e03b1-bcc5-4937-9d77-c760b95afb16,Woolworths Supermarket,Pantry,Essentials Raw Sugar 2kg,018174,$2.10,$0.11 / 100G,https://www.woolworths.com.au/shop/productdetails/18174/essentials-raw-sugar,https://cdn0.woolworths.media/content/wowproductimages/medium/018174.jpg,2020-09-21 17:27:05,,0,,True
4d3a94f1-7da6-496a-ba5b-57b9cf863f31,Woolworths Supermarket,Pantry,Arnott's Monte Carlo 250g,036031,$3.00,$1.20 / 100G,https://www.woolworths.com.au/shop/productdetails/36031/arnott-s-monte-carlo,https://cdn0.woolworths.media/content/wowproductimages/medium/036031.jpg,2020-09-21 17:27:05,,0,,True
046e0498-6315-4730-ad6c-703f6c73e951,Woolworths Supermarket,Pantry,Masterfoods Barbecue Sauce 500ml,099696,$2.50,$0.50 / 100ML,https://www.woolworths.com.au/shop/productdetails/99696/masterfoods-barbecue-sauce,https://cdn0.woolworths.media/content/wowproductimages/medium/099696.jpg,2020-09-21 17:27:05,,0,,True
22007886-b57b-4e29-b284-de02ab90fcdb,Woolworths Supermarket,Pantry,Ritz Crackers Original 300g,660562,$2.50,$0.83 / 100G,https://www.woolworths.com.au/shop/productdetails/660562/ritz-crackers-original,https://cdn0.woolworths.media/content/wowproductimages/medium/660562.jpg,2020-09-21 17:27:05,,0,,True
87971d78-f1f2-4b4d-8202-fcf013a0142e,Woolworths Supermarket,Pantry,Woolworths Rolled Traditional Oats 750g,321220,$1.40,$0.19 / 100G,https://www.woolworths.com.au/shop/productdetails/321220/woolworths-rolled-traditional-oats,https://cdn0.woolworths.media/content/wowproductimages/medium/321220.jpg,2020-09-21 17:27:05,Average product rating out of 5: 4.6. Product score is based on 748 ratings,748,,True
4025d96b-409a-4d1a-91dc-ab3cf902e3d4,Woolworths Supermarket,Pantry,Mckenzie's Rice Flour 375g,094275,$1.50,$4.00 / 1KG,https://www.woolworths.com.au/shop/productdetails/94275/mckenzie-s-rice-flour,https://cdn0.woolworths.media/content/wowproductimages/medium/094275.jpg,2020-09-21 17:27:05,,0,,True
cc67af46-c14d-4f83-b872-89bc062be4c2,Woolworths Supermarket,Pantry,Cadbury Fry's Turkish Delight 55g bar,098390,$1.00,$1.82 / 100G,https://www.woolworths.com.au/shop/productdetails/98390/cadbury-fry-s-turkish-delight,https://cdn0.woolworths.media/content/wowproductimages/medium/098390.jpg,2020-09-21 17:27:05,,0,,True
59eb6295-7a2f-4d13-b8c3-37d08d0e2c8a,Woolworths Supermarket,Pantry,Cadbury Dairy Milk Chocolate Fair Trade 350g,757883,$5.00,$1.43 / 100G,https://www.woolworths.com.au/shop/productdetails/757883/cadbury-dairy-milk-chocolate-fair-trade,https://cdn0.woolworths.media/content/wowproductimages/medium/757883.jpg,2020-09-21 17:27:05,,0,Was $6.30 16/01/2017,True
3eabcf5f-c7bc-42e0-bc63-ad4491ab4615,Woolworths Supermarket,Pantry,Heinz Canned Soup Big Red Tomato 420g,034331,$2.20,$0.52 / 100G,https://www.woolworths.com.au/shop/productdetails/34331/heinz-canned-soup-big-red-tomato,https://cdn0.woolworths.media/content/wowproductimages/medium/034331.jpg,2020-09-21 17:27:05,,0,,True
58ea85da-8391-4291-a0f8-e1831e44d675,Woolworths Supermarket,Pantry,Ardmona Tomatoes Diced No Added Salt 400g,226849,$1.40,$3.50 / 1KG,https://www.woolworths.com.au/shop/productdetails/226849/ardmona-tomatoes-diced-no-added-salt,https://cdn0.woolworths.media/content/wowproductimages/medium/226849.jpg,2020-09-21 17:27:05,,0,,True
d01b8a93-80a3-4345-ab6c-be6acad164a5,Woolworths Supermarket,Pantry,Macro Organic Quinoa Tri Colour 500g,717631,$7.00,$1.40 / 100G,https://www.woolworths.com.au/shop/productdetails/717631/macro-organic-quinoa-tri-colour,https://cdn0.woolworths.media/content/wowproductimages/medium/717631.jpg,2020-09-21 17:27:05,Average product rating out of 5: 4.6. Product score is based on 274 ratings,274,Was $9.99 09/01/2017,True
7da2214b-7b61-4a69-84e7-e1fa5e16005a,Woolworths Supermarket,Pantry,Mckenzie's Himalayan Salt Rock Pink 400g,749926,$5.95,$0.15 / 10G,https://www.woolworths.com.au/shop/productdetails/749926/mckenzie-s-himalayan-salt-rock-pink,https://cdn0.woolworths.media/content/wowproductimages/medium/749926.jpg,2020-09-21 17:27:05,,0,,True
19336f06-4165-4a3f-96de-927a9bacd828,Woolworths Supermarket,Pantry,Essentials Pasta Penne 500g,188800,$0.80,$0.16 / 100G,https://www.woolworths.com.au/shop/productdetails/188800/essentials-pasta-penne,https://cdn0.woolworths.media/content/wowproductimages/medium/188800.jpg,2020-09-21 17:27:05,,0,,True
74e26d36-fca7-4476-b6f3-b13c447a4f2a,Woolworths Supermarket,Pantry,Sunbites Grain Waves Sour Cream & Chives 5 pack,720220,$3.10,$2.82 / 100G,https://www.woolworths.com.au/shop/productdetails/720220/sunbites-grain-waves-sour-cream-chives,https://cdn0.woolworths.media/content/wowproductimages/medium/720220.jpg,2020-09-21 17:27:05,,0,2 for $5.00,True
b58c2575-d1e8-4b79-b5a9-87b4107fa6b6,Woolworths Supermarket,Pantry,Indomie Mi Goreng Instant Noodles 5pk 425g,177972,$2.75,$0.65 / 100G,https://www.woolworths.com.au/shop/productdetails/177972/indomie-mi-goreng-instant-noodles,https://cdn0.woolworths.media/content/wowproductimages/medium/177972.jpg,2020-09-21 17:27:05,,0,,True
8fca031f-8dae-4f20-9da4-230463482ba1,Woolworths Supermarket,Pantry,Continental Cup A Soup Creamy Chicken With Lots Of Noodles 2 pack,026649,$2.00,$3.33 / 100G,https://www.woolworths.com.au/shop/productdetails/26649/continental-cup-a-soup-creamy-chicken-with-lots-of-noodles,https://cdn0.woolworths.media/content/wowproductimages/medium/026649.jpg,2020-09-21 17:27:05,,0,,True
f7fcc9b1-f6f8-4272-a79d-ab6025cfd52e,Woolworths Supermarket,Pantry,Gourmet Garden Mixed Herbs Lightly Dried 8g sachet,476796,$3.50,$4.38 / 10G,https://www.woolworths.com.au/shop/productdetails/476796/gourmet-garden-mixed-herbs-lightly-dried,https://cdn0.woolworths.media/content/wowproductimages/medium/476796.jpg,2020-09-21 17:27:05,,0,,True
8a93bde5-f6b2-4b85-9e01-cbd1c4fb7e5e,Woolworths Supermarket,Pantry,Braggs Apple Cider Vinegar 946ml,476910,$12.95,$1.37 / 100ML,https://www.woolworths.com.au/shop/productdetails/476910/braggs-apple-cider-vinegar,https://cdn0.woolworths.media/content/wowproductimages/medium/476910.jpg,2020-09-21 17:27:05,Average product rating out of 5: 5.0. Product score is based on 1 ratings,1,,True
5cba0220-a2b0-4138-a4fc-d889e9a736ba,Woolworths Supermarket,Pantry,Sanitarium Weet-bix Gluten Free Coconut & Cinnamon Breakfast Cereal 400g,476928,$5.00,$1.25 / 100G,https://www.woolworths.com.au/shop/productdetails/476928/sanitarium-weet-bix-gluten-free-coconut-cinnamon-breakfast-cereal,https://cdn0.woolworths.media/content/wowproductimages/medium/476928.jpg,2020-09-21 17:27:05,Average product rating out of 5: 4.7. Product score is based on 25 ratings,25,Was $5.99 01/10/2018,True
eae1c50e-4397-41d1-ad6a-6cd73a7aba7b,Woolworths Supermarket,Pantry,Sanitarium Peanut Butter Smooth Natural 375g,476935,$3.50,$0.93 / 100G,https://www.woolworths.com.au/shop/productdetails/476935/sanitarium-peanut-butter-smooth-natural,https://cdn0.woolworths.media/content/wowproductimages/medium/476935.jpg,2020-09-21 17:27:05,,0,,True
c0458cf2-96d4-4d4a-918b-1b7524c5d0b1,Woolworths Supermarket,Pantry,Bushells Powdered Coffee Classic 200g,478354,$6.00,$3.00 / 100G,https://www.woolworths.com.au/shop/productdetails/478354/bushells-powdered-coffee-classic,https://cdn0.woolworths.media/content/wowproductimages/medium/478354.jpg,2020-09-21 17:27:05,,0,,True
899948b8-06bc-4193-a634-a430409ccd31,Woolworths Supermarket,Pantry,Ceres Organics Seaweed Snack Mild Chilli 5g,478383,$1.80,$36.00 / 100G,https://www.woolworths.com.au/shop/productdetails/478383/ceres-organics-seaweed-snack-mild-chilli,https://cdn0.woolworths.media/content/wowproductimages/medium/478383.jpg,2020-09-21 17:27:05,Average product rating out of 5: 4.5. Product score is based on 13 ratings,13,,True
ffbbdd69-aa7d-42cc-951f-66f22f17a38a,Woolworths Supermarket,Pantry,Sanitarium Up&go Choc Ice 500ml,479400,$3.50,$7.00 / 1L,https://www.woolworths.com.au/shop/productdetails/479400/sanitarium-up-go-choc-ice,https://cdn0.woolworths.media/content/wowproductimages/medium/479400.jpg,2020-09-21 17:27:05,,0,Was $4.00 09/09/2019,True
6bff050a-cbc1-4b88-86b4-27fb10ac909a,Woolworths Supermarket,Pantry,Pringles Original Salted Potato Chips 134g,479501,$2.50,$1.87 / 100G,https://www.woolworths.com.au/shop/productdetails/479501/pringles-original-salted-potato-chips,https://cdn0.woolworths.media/content/wowproductimages/medium/479501.jpg,2020-09-21 17:27:05,,0,,True
dbc8d2c2-176f-4723-b0e1-83ce44426599,Woolworths Supermarket,Pantry,Pringles Sour Cream And Onion Chips 134g,479502,$2.50,$1.87 / 100G,https://www.woolworths.com.au/shop/productdetails/479502/pringles-sour-cream-and-onion-chips,https://cdn0.woolworths.media/content/wowproductimages/medium/479502.jpg,2020-09-21 17:27:05,,0,,True
77e715eb-b82d-4fc9-8745-aa433cdca898,Woolworths Supermarket,Pantry,Pringles Salt & Vinegar Flavour Chips 134g,479503,$2.50,$1.87 / 100G,https://www.woolworths.com.au/shop/productdetails/479503/pringles-salt-vinegar-flavour-chips,https://cdn0.woolworths.media/content/wowproductimages/medium/479503.jpg,2020-09-21 17:27:05,,0,,True
d7ff3e25-b8d1-4ae8-a6fc-461aa1da7bda,Woolworths Supermarket,Pantry,Pringles Bbq Stacked Potato Chips 134g,479504,$2.50,$1.87 / 100G,https://www.woolworths.com.au/shop/productdetails/479504/pringles-bbq-stacked-potato-chips,https://cdn0.woolworths.media/content/wowproductimages/medium/479504.jpg,2020-09-21 17:27:05,,0,,True
1cd7e77a-dfcb-4286-bd04-76eb015a50e4,Woolworths Supermarket,Pantry,Ainsley Harriot Cous Cous Spice Sensation 100g,479743,$1.90,$1.90 / 100G,https://www.woolworths.com.au/shop/productdetails/479743/ainsley-harriot-cous-cous-spice-sensation,https://cdn0.woolworths.media/content/wowproductimages/medium/479743.jpg,2020-09-21 17:27:05,,0,,True
de812c9d-1403-44d8-aee0-d655ebc12206,Woolworths Supermarket,Pantry,Pringles Original Salted Potato Chips 53g,479847,$1.90,$3.58 / 100G,https://www.woolworths.com.au/shop/productdetails/479847/pringles-original-salted-potato-chips,https://cdn0.woolworths.media/content/wowproductimages/medium/479847.jpg,2020-09-21 17:27:05,,0,,True
ea8aadaa-0a70-408d-84c8-cc84f4c160b8,Woolworths Supermarket,Pantry,Pringles Sour Cream & Onion Chips 53g,479848,$1.90,$3.58 / 100G,https://www.woolworths.com.au/shop/productdetails/479848/pringles-sour-cream-onion-chips,https://cdn0.woolworths.media/content/wowproductimages/medium/479848.jpg,2020-09-21 17:27:05,,0,,True
67a4f7ee-a259-49f2-af6b-dc43f48285a7,Woolworths Supermarket,Pantry,Wokka Ramen Noodles 400g,479870,$2.70,$0.68 / 100G,https://www.woolworths.com.au/shop/productdetails/479870/wokka-ramen-noodles,https://cdn0.woolworths.media/content/wowproductimages/medium/479870.jpg,2020-09-21 17:27:05,,0,Was $3.05 13/11/2017,True
e8be3f50-f1cd-402a-a977-8e748fd3a882,Woolworths Supermarket,Pantry,Sanitarium Up&go Vanilla Ice 500ml,479935,$3.50,$7.00 / 1L,https://www.woolworths.com.au/shop/productdetails/479935/sanitarium-up-go-vanilla-ice,https://cdn0.woolworths.media/content/wowproductimages/medium/479935.jpg,2020-09-21 17:27:05,,0,Was $4.00 09/09/2019,True
3dfe2fd0-52cf-4e71-bc43-efa09fc14c9f,Woolworths Supermarket,Pantry,The Bar Counter Dark Chocolate Almond Bar High Protein 40g,480197,$2.00,$5.00 / 100G,https://www.woolworths.com.au/shop/productdetails/480197/the-bar-counter-dark-chocolate-almond-bar-high-protein,https://cdn0.woolworths.media/content/wowproductimages/medium/480197.jpg,2020-09-21 17:27:05,Average product rating out of 5: 5.0. Product score is based on 8 ratings,8,,True
ebe4d026-c6d8-4102-bf8c-67cda62c3fe5,Woolworths Supermarket,Pantry,The Bar Counter High Protein Bar Raspberry Truffle 40g,480198,$2.00,$5.00 / 100G,https://www.woolworths.com.au/shop/productdetails/480198/the-bar-counter-high-protein-bar-raspberry-truffle,https://cdn0.woolworths.media/content/wowproductimages/medium/480198.jpg,2020-09-21 17:27:05,Average product rating out of 5: 5.0. Product score is based on 9 ratings,9,,True
cb3325cc-f4e0-4969-b1d2-994e4d7b2d96,Woolworths Supermarket,Pantry,The Bar Counter High Protein Bar Chocolate Brownie Crunch 40g,480231,$2.00,$5.00 / 100G,https://www.woolworths.com.au/shop/productdetails/480231/the-bar-counter-high-protein-bar-chocolate-brownie-crunch,https://cdn0.woolworths.media/content/wowproductimages/medium/480231.jpg,2020-09-21 17:27:05,Average product rating out of 5: 4.7. Product score is based on 6 ratings,6,,True
9604c51e-d026-422e-bcc1-216e6a078de1,Woolworths Supermarket,Pantry,The Bar Counter Bar High Protein Chocolate Mint 40g,480240,$2.00,$5.00 / 100G,https://www.woolworths.com.au/shop/productdetails/480240/the-bar-counter-bar-high-protein-chocolate-mint,https://cdn0.woolworths.media/content/wowproductimages/medium/480240.jpg,2020-09-21 17:27:05,Average product rating out of 5: 4.0. Product score is based on 9 ratings,9,,True
1a3624a7-d084-4923-91ca-65528329b142,Woolworths Supermarket,Pantry,Hikari Red Miso Paste 400g,481169,$4.00,$1.00 / 100G,https://www.woolworths.com.au/shop/productdetails/481169/hikari-red-miso-paste,https://cdn0.woolworths.media/content/wowproductimages/medium/481169.jpg,2020-09-21 17:27:05,,0,,True
014159dc-667f-4c0a-a0fd-d3f9737f0c4b,Woolworths Supermarket,Pantry,Obento Marinade Teriyaki 250ml,481200,$3.00,$1.20 / 100ML,https://www.woolworths.com.au/shop/productdetails/481200/obento-marinade-teriyaki,https://cdn0.woolworths.media/content/wowproductimages/medium/481200.jpg,2020-09-21 17:27:05,,0,,True
8d0c760f-5851-44e5-a889-6850fc5ce5b1,Woolworths Supermarket,Pantry,Mama Jumbo Noodles Tom Yum 90g,482810,$0.85,$0.94 / 100G,https://www.woolworths.com.au/shop/productdetails/482810/mama-jumbo-noodles-tom-yum,https://cdn0.woolworths.media/content/wowproductimages/medium/482810.jpg,2020-09-21 17:27:05,,0,,True
655eea04-5657-4df9-99d3-9b5b7b7a6066,Woolworths Supermarket,Pantry,Mama Jumbo Noodles Pork 90g,482811,$0.85,$0.94 / 100G,https://www.woolworths.com.au/shop/productdetails/482811/mama-jumbo-noodles-pork,https://cdn0.woolworths.media/content/wowproductimages/medium/482811.jpg,2020-09-21 17:27:05,,0,,True
6829c380-ef26-4f46-843e-767196525aa3,Woolworths Supermarket,Pantry,Sunbites Grain Waves Sour Cream & Chives 5 pack,720220,$3.10,$2.82 / 100G,https://www.woolworths.com.au/shop/productdetails/720220/sunbites-grain-waves-sour-cream-chives,https://cdn0.woolworths.media/content/wowproductimages/medium/720220.jpg,2020-09-21 17:27:05,,0,2 for $5.00,True
9574dfd7-041c-4c6a-8d87-33cc915baf6d,Woolworths Supermarket,Pantry,Beechworth Pure Honey 1.5kg,250371,$22.00,$1.47 / 100G,https://www.woolworths.com.au/shop/productdetails/250371/beechworth-pure-honey,https://cdn0.woolworths.media/content/wowproductimages/medium/250371.jpg,2020-09-21 17:27:05,,0,,True
e1c6d807-91b7-4f92-9d3d-7daaf2ac89ed,Woolworths Supermarket,Pantry,Nescafe Blend 43 Soluble Instant Coffee 500g,035694,$20.00,$4.00 / 100G,https://www.woolworths.com.au/shop/productdetails/35694/nescafe-blend-43-soluble-instant-coffee,https://cdn0.woolworths.media/content/wowproductimages/medium/035694.jpg,2020-09-21 17:27:05,,0,,True
6b5709b7-4b88-4d07-8b67-3f21985cb935,Woolworths Supermarket,Pantry,Sanitarium Weet-bix Breakfast Cereal 1.2kg,200695,$5.00,$0.42 / 100G,https://www.woolworths.com.au/shop/productdetails/200695/sanitarium-weet-bix-breakfast-cereal,https://cdn0.woolworths.media/content/wowproductimages/medium/200695.jpg,2020-09-21 17:27:05,,0,,True
2edc2210-838e-41e1-a5de-45c9a3b557c8,Woolworths Supermarket,Pantry,Woolworths White Rice Long Grain 5kg,072779,$6.70,$0.13 / 100G,https://www.woolworths.com.au/shop/productdetails/72779/woolworths-white-rice-long-grain,https://cdn0.woolworths.media/content/wowproductimages/medium/072779.jpg,2020-09-21 17:27:05,Average product rating out of 5: 4.8. Product score is based on 14 ratings,14,,True
caa774e9-685a-442f-acfb-b6babcb5d780,Woolworths Supermarket,Pantry,Woolworths Almond Meal 400g,610610,$7.50,$18.75 / 1KG,https://www.woolworths.com.au/shop/productdetails/610610/woolworths-almond-meal,https://cdn0.woolworths.media/content/wowproductimages/medium/610610.jpg,2020-09-21 17:27:05,Average product rating out of 5: 4.6. Product score is based on 326 ratings,326,Was $9.00 22/07/2020,True
6f17fe10-b10c-48ce-9d71-2121d44d3c8a,Woolworths Supermarket,Pantry,Cadbury Dairy Milk Chocolate Fair Trade 350g,757883,$5.00,$1.43 / 100G,https://www.woolworths.com.au/shop/productdetails/757883/cadbury-dairy-milk-chocolate-fair-trade,https://cdn0.woolworths.media/content/wowproductimages/medium/757883.jpg,2020-09-21 17:27:05,,0,Was $6.30 16/01/2017,True
3222e4cb-35ba-44d6-8582-4ef53a0117a0,Woolworths Supermarket,Pantry,Moccona Freeze Dried Instant Coffee Classic Medium Roast 400g,208575,$24.00,$6.00 / 100G,https://www.woolworths.com.au/shop/productdetails/208575/moccona-freeze-dried-instant-coffee-classic-medium-roast,https://cdn0.woolworths.media/content/wowproductimages/medium/208575.jpg,2020-09-21 17:27:05,,0,,True
2dd2c34b-f4ee-4e60-b176-ad9c00eb0899,Woolworths Supermarket,Pantry,Bertolli Extra Virgin Olive Oil Originale 750ml,502951,$6.50,$0.87 / 100ML,https://www.woolworths.com.au/shop/productdetails/502951/bertolli-extra-virgin-olive-oil-originale,https://cdn0.woolworths.media/content/wowproductimages/medium/502951.jpg,2020-09-21 17:27:05,,0,,True
4043bc11-0549-4f97-bf1f-bcbe05d4b72c,Woolworths Supermarket,Pantry,Vege Chips Chicken Style 100g,793382,$3.80,$3.80 / 100G,https://www.woolworths.com.au/shop/productdetails/793382/vege-chips-chicken-style,https://cdn0.woolworths.media/content/wowproductimages/medium/793382.jpg,2020-09-21 17:27:05,Average product rating out of 5: 4.7. Product score is based on 20 ratings,20,,True
c2f51f48-0fa4-49db-9b17-b95eb8ef2f8d,Woolworths Supermarket,Pantry,Continental Cup A Soup Creamy Chicken With Lots Of Noodles 2 pack,026649,$2.00,$3.33 / 100G,https://www.woolworths.com.au/shop/productdetails/26649/continental-cup-a-soup-creamy-chicken-with-lots-of-noodles,https://cdn0.woolworths.media/content/wowproductimages/medium/026649.jpg,2020-09-21 17:27:05,,0,,True
d97d6d4e-f99b-40a5-9f29-3b1a733a05b3,Woolworths Supermarket,Pantry,Cobram Estate Extra Virgin Light Olive Oil 750ml,345955,$15.00,$2.00 / 100ML,https://www.woolworths.com.au/shop/productdetails/345955/cobram-estate-extra-virgin-light-olive-oil,https://cdn0.woolworths.media/content/wowproductimages/medium/345955.jpg,2020-09-21 17:27:05,,0,,True
8391e251-5879-4872-95ac-baa3b59ba94e,Woolworths Supermarket,Pantry,Ritz Crackers Original 300g,660562,$2.50,$0.83 / 100G,https://www.woolworths.com.au/shop/productdetails/660562/ritz-crackers-original,https://cdn0.woolworths.media/content/wowproductimages/medium/660562.jpg,2020-09-21 17:27:05,,0,,True
e5546962-fba4-4405-9a5d-ced7c4620be1,Woolworths Supermarket,Pantry,Mckenzie's Himalayan Salt Rock Pink 400g,749926,$5.95,$0.15 / 10G,https://www.woolworths.com.au/shop/productdetails/749926/mckenzie-s-himalayan-salt-rock-pink,https://cdn0.woolworths.media/content/wowproductimages/medium/749926.jpg,2020-09-21 17:27:05,,0,,True
d5d0c21c-6589-4819-95e4-288f1dddbea3,Woolworths Supermarket,Pantry,Arnott's Monte Carlo 250g,036031,$3.00,$1.20 / 100G,https://www.woolworths.com.au/shop/productdetails/36031/arnott-s-monte-carlo,https://cdn0.woolworths.media/content/wowproductimages/medium/036031.jpg,2020-09-21 17:27:05,,0,,True
d804cb6b-a323-43f8-87af-9ac8f07814b9,Woolworths Supermarket,Pantry,Woolworths Diced Italian Tomatoes No Added Salt 400g,770320,$0.80,$2.00 / 1KG,https://www.woolworths.com.au/shop/productdetails/770320/woolworths-diced-italian-tomatoes-no-added-salt,https://cdn0.woolworths.media/content/wowproductimages/medium/770320.jpg,2020-09-21 17:27:05,Average product rating out of 5: 4.7. Product score is based on 311 ratings,311,,True
51098cc7-4dd0-4825-b996-1d5b0d5b4af4,Woolworths Supermarket,Pantry,Queen Organic Vanilla Bean Paste 65g,225399,$11.80,$18.15 / 100G,https://www.woolworths.com.au/shop/productdetails/225399/queen-organic-vanilla-bean-paste,https://cdn0.woolworths.media/content/wowproductimages/medium/225399.jpg,2020-09-21 17:27:05,,0,,True
2722291c-52fd-42e6-977d-be9a30bf1ebc,Woolworths Supermarket,Pantry,Macro Organic Quinoa Tri Colour 500g,717631,$7.00,$1.40 / 100G,https://www.woolworths.com.au/shop/productdetails/717631/macro-organic-quinoa-tri-colour,https://cdn0.woolworths.media/content/wowproductimages/medium/717631.jpg,2020-09-21 17:27:05,Average product rating out of 5: 4.6. Product score is based on 274 ratings,274,Was $9.99 09/01/2017,True
ed384325-d7e9-4f62-8181-39ca9fa067ec,Woolworths Supermarket,Pantry,Woolworths Walnuts Kernel 500g,749540,$11.00,$22.00 / 1KG,https://www.woolworths.com.au/shop/productdetails/749540/woolworths-walnuts-kernel,https://cdn0.woolworths.media/content/wowproductimages/medium/749540.jpg,2020-09-21 17:27:05,Average product rating out of 5: 4.8. Product score is based on 360 ratings,360,,True
f0921c24-9d8a-4188-8d5d-1c8b35f3771e,Woolworths Supermarket,Pantry,Woolworths Rolled Traditional Oats 750g,321220,$1.40,$0.19 / 100G,https://www.woolworths.com.au/shop/productdetails/321220/woolworths-rolled-traditional-oats,https://cdn0.woolworths.media/content/wowproductimages/medium/321220.jpg,2020-09-21 17:27:05,Average product rating out of 5: 4.6. Product score is based on 748 ratings,748,,True
26a3cb8d-f867-4612-9f08-6e638b21a1ba,Woolworths Supermarket,Pantry,Grinders Coffee Capsules Double Espresso Caffitaly System 10 pack,483609,$6.00,$0.60 / 1EA,https://www.woolworths.com.au/shop/productdetails/483609/grinders-coffee-capsules-double-espresso-caffitaly-system,https://cdn0.woolworths.media/content/wowproductimages/medium/483609.jpg,2020-09-21 17:27:05,,0,,True
77c45439-d4bb-4685-81e6-8bd12b8aeb96,Woolworths Supermarket,Pantry,Always Fresh Artisan Collection Black Olives Pitted 220g,484311,$3.50,$1.59 / 100G,https://www.woolworths.com.au/shop/productdetails/484311/always-fresh-artisan-collection-black-olives-pitted,https://cdn0.woolworths.media/content/wowproductimages/medium/484311.jpg,2020-09-21 17:27:05,,0,,True
1322c0e1-a32f-4dcb-b99d-d26b3e3c9338,Woolworths Supermarket,Pantry,Arnott's Shapes Original Bbq 175g,485436,$2.50,$1.43 / 100G,https://www.woolworths.com.au/shop/productdetails/485436/arnott-s-shapes-original-bbq,https://cdn0.woolworths.media/content/wowproductimages/medium/485436.jpg,2020-09-21 17:27:05,,0,,True
8d96c9d5-13bf-4808-a584-bd0376f75abb,Woolworths Supermarket,Pantry,Ayam Coconut Milk 400ml,489128,$3.50,$0.88 / 100ML,https://www.woolworths.com.au/shop/productdetails/489128/ayam-coconut-milk,https://cdn0.woolworths.media/content/wowproductimages/medium/489128.jpg,2020-09-21 17:27:05,,0,,True
e2e55981-6a23-4833-995e-74f0489b56a2,Woolworths Supermarket,Pantry,Ayam Coconut Cream 400ml,489140,$3.50,$0.88 / 100ML,https://www.woolworths.com.au/shop/productdetails/489140/ayam-coconut-cream,https://cdn0.woolworths.media/content/wowproductimages/medium/489140.jpg,2020-09-21 17:27:05,,0,,True
69e91727-df8e-460d-990c-66230befb5c5,Woolworths Supermarket,Pantry,Nestle Bakers' Choice Dark Choc Melts 290g,489888,$3.85,$1.33 / 100G,https://www.woolworths.com.au/shop/productdetails/489888/nestle-bakers-choice-dark-choc-melts,https://cdn0.woolworths.media/content/wowproductimages/medium/489888.jpg,2020-09-21 17:27:05,,0,,True
bb490a59-431b-4dc5-8fc7-361b66613c07,Woolworths Supermarket,Pantry,Nestle Bakers' Choice Milk Choc Melts 290g,490001,$3.85,$1.33 / 100G,https://www.woolworths.com.au/shop/productdetails/490001/nestle-bakers-choice-milk-choc-melts,https://cdn0.woolworths.media/content/wowproductimages/medium/490001.jpg,2020-09-21 17:27:05,,0,,True
f7fc156d-2211-443c-8b14-05d8b2cd6bc3,Woolworths Supermarket,Pantry,Nestle Bakers' Choice Dark Choc Bits 200g,490008,$3.95,$1.98 / 100G,https://www.woolworths.com.au/shop/productdetails/490008/nestle-bakers-choice-dark-choc-bits,https://cdn0.woolworths.media/content/wowproductimages/medium/490008.jpg,2020-09-21 17:27:05,,0,,True
54742532-d56a-4a2b-9f9f-3c3a5311ec1b,Woolworths Supermarket,Pantry,Nestle Bakers' Choice White Choc Melts 290g,490010,$3.85,$1.33 / 100G,https://www.woolworths.com.au/shop/productdetails/490010/nestle-bakers-choice-white-choc-melts,https://cdn0.woolworths.media/content/wowproductimages/medium/490010.jpg,2020-09-21 17:27:05,,0,,True
2f446270-eca7-466f-8a3c-90292dc4026c,Woolworths Supermarket,Pantry,Nestle Bakers' Choice Milk Choc Bits 200g,490082,$3.95,$1.98 / 100G,https://www.woolworths.com.au/shop/productdetails/490082/nestle-bakers-choice-milk-choc-bits,https://cdn0.woolworths.media/content/wowproductimages/medium/490082.jpg,2020-09-21 17:27:05,,0,,True
a94613aa-6048-46eb-95d6-c30a558d11a6,Woolworths Supermarket,Pantry,Nestle Bakers' Choice White Choc Bits 200g,490083,$3.95,$1.98 / 100G,https://www.woolworths.com.au/shop/productdetails/490083/nestle-bakers-choice-white-choc-bits,https://cdn0.woolworths.media/content/wowproductimages/medium/490083.jpg,2020-09-21 17:27:05,,0,,True
7edb30be-23b0-4b4b-a909-4e0aeeeeabcd,Woolworths Supermarket,Pantry,Queen Black Food Colour Gel 15g,490086,$2.50,$16.67 / 100G,https://www.woolworths.com.au/shop/productdetails/490086/queen-black-food-colour-gel,https://cdn0.woolworths.media/content/wowproductimages/medium/490086.jpg,2020-09-21 17:27:05,,0,,True
9894052d-bb11-4804-bad8-ea49f833a349,Woolworths Supermarket,Pantry,Nestle Bakers' Choice Milk Choc Bits Value Pack 375g,490090,$5.50,$1.47 / 100G,https://www.woolworths.com.au/shop/productdetails/490090/nestle-bakers-choice-milk-choc-bits-value-pack,https://cdn0.woolworths.media/content/wowproductimages/medium/490090.jpg,2020-09-21 17:27:05,,0,Was $6.80 20/02/2017,True
e1f041fd-aa6e-4bdf-99c5-1c3bba6483dd,Woolworths Supermarket,Pantry,Queen Finest Single Origin Extract Madagascar 50ml,490091,$8.00,$16.00 / 100ML,https://www.woolworths.com.au/shop/productdetails/490091/queen-finest-single-origin-extract-madagascar,https://cdn0.woolworths.media/content/wowproductimages/medium/490091.jpg,2020-09-21 17:27:05,,0,,True
95e86f64-945d-4f99-bbb2-470e30cba97c,Woolworths Supermarket,Pantry,Queen Strawberry & Cream Flavour For Icing 50ml,490095,$2.00,$4.00 / 100ML,https://www.woolworths.com.au/shop/productdetails/490095/queen-strawberry-cream-flavour-for-icing,https://cdn0.woolworths.media/content/wowproductimages/medium/490095.jpg,2020-09-21 17:27:05,,0,,True
0e7ac59b-511e-4953-bebc-b0da251248e0,Woolworths Supermarket,Pantry,Queen Finest Madagascar Vanilla Bean Paste 50g,490097,$10.00,$20.00 / 100G,https://www.woolworths.com.au/shop/productdetails/490097/queen-finest-madagascar-vanilla-bean-paste,https://cdn0.woolworths.media/content/wowproductimages/medium/490097.jpg,2020-09-21 17:27:05,,0,,True
7b07844f-1e31-4b3d-a2fe-0312b9350972,Woolworths Supermarket,Pantry,Green's Cake Mix Caramel Mud 600g,490105,$3.20,$0.53 / 100G,https://www.woolworths.com.au/shop/productdetails/490105/green-s-cake-mix-caramel-mud,https://cdn0.woolworths.media/content/wowproductimages/medium/490105.jpg,2020-09-21 17:27:05,,0,,True
304c8913-d17b-4866-b602-b0dc879cc4fe,Woolworths Supermarket,Pantry,Cadbury Baking Chocolate Chips White 200g,490219,$3.00,$1.50 / 100G,https://www.woolworths.com.au/shop/productdetails/490219/cadbury-baking-chocolate-chips-white,https://cdn0.woolworths.media/content/wowproductimages/medium/490219.jpg,2020-09-21 17:27:05,,0,,True
ea8a357a-773f-44b1-9cd1-e21b318c0a87,Woolworths Supermarket,Pantry,Creative Kitchen Marzipan 250g,490830,$5.00,$2.00 / 100G,https://www.woolworths.com.au/shop/productdetails/490830/creative-kitchen-marzipan,https://cdn0.woolworths.media/content/wowproductimages/medium/490830.jpg,2020-09-21 17:27:05,,0,,True
91e9ddf4-0a04-4554-9d77-ddb7c87503f4,Woolworths Supermarket,Pantry,Woolworths Original Wafer Crackers 100g,490986,$2.00,$2.00 / 100G,https://www.woolworths.com.au/shop/productdetails/490986/woolworths-original-wafer-crackers,https://cdn0.woolworths.media/content/wowproductimages/medium/490986.jpg,2020-09-21 17:27:05,Average product rating out of 5: 4.5. Product score is based on 501 ratings,501,,True
05b96da8-818d-486e-be3a-5c5c7af32883,Woolworths Supermarket,Pantry,Woolworths Sesame & Cracked Pepper Wafer Crackers 100g,490987,$2.00,$2.00 / 100G,https://www.woolworths.com.au/shop/productdetails/490987/woolworths-sesame-cracked-pepper-wafer-crackers,https://cdn0.woolworths.media/content/wowproductimages/medium/490987.jpg,2020-09-21 17:27:05,Average product rating out of 5: 4.3. Product score is based on 729 ratings,729,,True
919292e9-8ad2-48a2-853f-1c402bfec7f8,Woolworths Supermarket,Pantry,Donna Hay Banana Bread Mix 540g,491188,$7.00,$1.30 / 100G,https://www.woolworths.com.au/shop/productdetails/491188/donna-hay-banana-bread-mix,https://cdn0.woolworths.media/content/wowproductimages/medium/491188.jpg,2020-09-21 17:27:05,,0,,True
2d6df87a-83a2-4d95-aeb0-801fa59b9b42,Woolworths Supermarket,Pantry,Sshmallows White Mini Marshmallows 100g,491355,$2.00,$2.00 / 100G,https://www.woolworths.com.au/shop/productdetails/491355/sshmallows-white-mini-marshmallows,https://cdn0.woolworths.media/content/wowproductimages/medium/491355.jpg,2020-09-21 17:27:05,,0,,True
8b107af4-2cba-4549-9581-231c413c5eb5,Woolworths Supermarket,Pantry,Dollar Sweets Bright Sprinkles Jar 90g,491609,$3.50,$3.89 / 100G,https://www.woolworths.com.au/shop/productdetails/491609/dollar-sweets-bright-sprinkles-jar,https://cdn0.woolworths.media/content/wowproductimages/medium/491609.jpg,2020-09-21 17:27:05,,0,,True
78356043-80ba-4d96-b790-855507d4f505,Woolworths Supermarket,Pantry,Masterfoods Barbecue Sauce 500ml,099696,$2.50,$0.50 / 100ML,https://www.woolworths.com.au/shop/productdetails/99696/masterfoods-barbecue-sauce,https://cdn0.woolworths.media/content/wowproductimages/medium/099696.jpg,2020-09-21 17:27:05,,0,,True
d391cc76-911b-4931-b3ab-a3574d11a231,Woolworths Supermarket,Pantry,Doritos Share Pack Cheese Supreme 170g,826731,$2.75,$1.62 / 100G,https://www.woolworths.com.au/shop/productdetails/826731/doritos-share-pack-cheese-supreme,https://cdn0.woolworths.media/content/wowproductimages/medium/826731.jpg,2020-09-21 17:27:05,,0,,True
f0d08594-a742-4c96-ae19-4b7f2fb31115,Woolworths Supermarket,Pantry,Arnott's Shortbread 250g,008838,$2.50,$1.00 / 100G,https://www.woolworths.com.au/shop/productdetails/8838/arnott-s-shortbread,https://cdn0.woolworths.media/content/wowproductimages/medium/008838.jpg,2020-09-21 17:27:05,,0,,True
9d0ad804-6e53-426d-ae28-88bb80205cd3,Woolworths Supermarket,Pantry,Twisties Cheese Chips 90g,081659,$2.00,$2.22 / 100G,https://www.woolworths.com.au/shop/productdetails/81659/twisties-cheese-chips,https://cdn0.woolworths.media/content/wowproductimages/medium/081659.jpg,2020-09-21 17:27:05,,0,,True
cd0fa83d-0ab7-4a07-9757-c3ef078bb948,Woolworths Supermarket,Pantry,Bertolli Extra Virgin Olive Oil Originale 750ml,502951,$6.50,$0.87 / 100ML,https://www.woolworths.com.au/shop/productdetails/502951/bertolli-extra-virgin-olive-oil-originale,https://cdn0.woolworths.media/content/wowproductimages/medium/502951.jpg,2020-09-21 17:27:05,,0,,True
03bb4718-e6a0-483b-9573-05035756ac40,Woolworths Supermarket,Pantry,Valcom Canned Bamboo Shoots Sliced 225g,097730,$1.10,$4.89 / 1KG,https://www.woolworths.com.au/shop/productdetails/97730/valcom-canned-bamboo-shoots-sliced,https://cdn0.woolworths.media/content/wowproductimages/medium/097730.jpg,2020-09-21 17:27:05,,0,,True
80fe28eb-efe0-4b96-9dbc-dddd9b459c67,Woolworths Supermarket,Pantry,Kellogg's Nutri-grain Protein Breakfast Cereal 290g,701706,$4.95,$1.71 / 100G,https://www.woolworths.com.au/shop/productdetails/701706/kellogg-s-nutri-grain-protein-breakfast-cereal,https://cdn0.woolworths.media/content/wowproductimages/medium/701706.jpg,2020-09-21 17:27:05,,0,,True
f72dbd4b-b7df-45c3-8d37-05aa1d804798,Woolworths Supermarket,Pantry,Arnott's Malt O' Milk 250g,036036,$2.50,$1.00 / 100G,https://www.woolworths.com.au/shop/productdetails/36036/arnott-s-malt-o-milk,https://cdn0.woolworths.media/content/wowproductimages/medium/036036.jpg,2020-09-21 17:27:05,,0,,True
7a39d3bf-7d7c-4ea5-a33b-618540d38ef2,Woolworths Supermarket,Pantry,Smith's Share Pack Crinkle Cut Salt & Vinegar 170g,826738,$2.75,$1.62 / 100G,https://www.woolworths.com.au/shop/productdetails/826738/smith-s-share-pack-crinkle-cut-salt-vinegar,https://cdn0.woolworths.media/content/wowproductimages/medium/826738.jpg,2020-09-21 17:27:05,,0,,True
7dbdc60b-4c73-4fcb-96c3-da189ec218ee,Woolworths Supermarket,Pantry,Arnott's Snack Right Sultana 250g,182697,$3.00,$1.20 / 100G,https://www.woolworths.com.au/shop/productdetails/182697/arnott-s-snack-right-sultana,https://cdn0.woolworths.media/content/wowproductimages/medium/182697.jpg,2020-09-21 17:27:05,,0,Was $4.20 11/02/2019,True
be68fb28-a3b5-4713-9268-daca831d81b1,Woolworths Supermarket,Pantry,Toblerone Milk Chocolate Bar 50g,047011,$1.00,$2.00 / 100G,https://www.woolworths.com.au/shop/productdetails/47011/toblerone-milk-chocolate-bar,https://cdn0.woolworths.media/content/wowproductimages/medium/047011.jpg,2020-09-21 17:27:05,,0,,True
8104fcd4-8cfa-4205-a2f4-fd3595a5bc9b,Woolworths Supermarket,Pantry,Kooka's Country Cookies Lemon 200g,347837,$2.00,$1.00 / 100G,https://www.woolworths.com.au/shop/productdetails/347837/kooka-s-country-cookies-lemon,https://cdn0.woolworths.media/content/wowproductimages/medium/347837.jpg,2020-09-21 17:27:05,,0,,True
5b628414-676f-457f-9baf-7109cabc5aa3,Woolworths Supermarket,Pantry,Uncle Tobys Roll-ups Strawberry Fun Prints 6 pack,324231,$4.00,$4.26 / 100G,https://www.woolworths.com.au/shop/productdetails/324231/uncle-tobys-roll-ups-strawberry-fun-prints,https://cdn0.woolworths.media/content/wowproductimages/medium/324231.jpg,2020-09-21 17:27:05,,0,,True
fc8edca4-1033-4325-863c-8152f47e921c,Woolworths Supermarket,Pantry,Woolworths Corn Sweet Kernels 420g,218926,$1.00,$2.38 / 1KG,https://www.woolworths.com.au/shop/productdetails/218926/woolworths-corn-sweet-kernels,https://cdn0.woolworths.media/content/wowproductimages/medium/218926.jpg,2020-09-21 17:27:05,Average product rating out of 5: 4.1. Product score is based on 215 ratings,215,,True
d00862f0-8677-4ed0-9424-3d607b5ae053,Woolworths Supermarket,Pantry,Moccona Freeze Dried Instant Coffee Classic Medium Roast 400g,208575,$24.00,$6.00 / 100G,https://www.woolworths.com.au/shop/productdetails/208575/moccona-freeze-dried-instant-coffee-classic-medium-roast,https://cdn0.woolworths.media/content/wowproductimages/medium/208575.jpg,2020-09-21 17:27:05,,0,,True
6b551444-fdd0-4722-82bf-05f2f96ac055,Woolworths Supermarket,Pantry,Macro Organic Quinoa Tri Colour 500g,717631,$7.00,$1.40 / 100G,https://www.woolworths.com.au/shop/productdetails/717631/macro-organic-quinoa-tri-colour,https://cdn0.woolworths.media/content/wowproductimages/medium/717631.jpg,2020-09-21 17:27:05,Average product rating out of 5: 4.6. Product score is based on 274 ratings,274,Was $9.99 09/01/2017,True
a2c20179-3f92-4d1b-b2ba-5ce659d133d5,Woolworths Supermarket,Pantry,Arnott's Shapes Cheddar 175g,384244,$2.50,$1.43 / 100G,https://www.woolworths.com.au/shop/productdetails/384244/arnott-s-shapes-cheddar,https://cdn0.woolworths.media/content/wowproductimages/medium/384244.jpg,2020-09-21 17:27:05,,0,,True
76db7c60-f06a-45c6-8ed2-d1a8d7ba2619,Woolworths Supermarket,Pantry,Uncle Ben's Microwave Mexican Style Brown Rice 250g,727257,$3.00,$1.20 / 100G,https://www.woolworths.com.au/shop/productdetails/727257/uncle-ben-s-microwave-mexican-style-brown-rice,https://cdn0.woolworths.media/content/wowproductimages/medium/727257.jpg,2020-09-21 17:27:05,,0,,True
da30bd6c-5a0b-493f-9080-5e6dc2ffa62f,Woolworths Supermarket,Pantry,Pringles Sour Cream And Onion Chips 134g,479502,$2.50,$1.87 / 100G,https://www.woolworths.com.au/shop/productdetails/479502/pringles-sour-cream-and-onion-chips,https://cdn0.woolworths.media/content/wowproductimages/medium/479502.jpg,2020-09-21 17:27:05,,0,,True
b8f3394b-55f1-46dc-87cb-0e55ce864a16,Woolworths Supermarket,Pantry,Dollar Sweets 100s & 1000s Jar 155g,491614,$3.50,$2.26 / 100G,https://www.woolworths.com.au/shop/productdetails/491614/dollar-sweets-100s-1000s-jar,https://cdn0.woolworths.media/content/wowproductimages/medium/491614.jpg,2020-09-21 17:27:05,,0,,True
24e2bb59-9c40-49bc-823f-d03950d9d0b8,Woolworths Supermarket,Pantry,Dollar Sweets Choclettes Sprinkles Jar 115g,491620,$3.50,$3.04 / 100G,https://www.woolworths.com.au/shop/productdetails/491620/dollar-sweets-choclettes-sprinkles-jar,https://cdn0.woolworths.media/content/wowproductimages/medium/491620.jpg,2020-09-21 17:27:05,,0,,True
3aca0853-be82-4ff1-8f08-2d596e4d01bf,Woolworths Supermarket,Pantry,Dollar Sweets Magic Star Tops 115g,491627,$3.00,$2.61 / 100G,https://www.woolworths.com.au/shop/productdetails/491627/dollar-sweets-magic-star-tops,https://cdn0.woolworths.media/content/wowproductimages/medium/491627.jpg,2020-09-21 17:27:05,,0,,True
5bdcecb9-5c17-414c-afd5-181a33794b7a,Woolworths Supermarket,Pantry,Dollar Sweets Jurassic Bitz 125g,491631,$3.50,$2.80 / 100G,https://www.woolworths.com.au/shop/productdetails/491631/dollar-sweets-jurassic-bitz,https://cdn0.woolworths.media/content/wowproductimages/medium/491631.jpg,2020-09-21 17:27:05,,0,,True
dbe0444b-71f9-454e-94a1-61141e743065,Woolworths Supermarket,Pantry,Woolworths Baby Corn Spears 410g can,491829,$1.00,$2.44 / 1KG,https://www.woolworths.com.au/shop/productdetails/491829/woolworths-baby-corn-spears,https://cdn0.woolworths.media/content/wowproductimages/medium/491829.jpg,2020-09-21 17:27:05,,0,,True
2fa60d57-8e18-4702-ba3f-e57c9ebc8749,Woolworths Supermarket,Pantry,Woolworths Creamed Corn 400g,492070,$0.90,$2.25 / 1KG,https://www.woolworths.com.au/shop/productdetails/492070/woolworths-creamed-corn,https://cdn0.woolworths.media/content/wowproductimages/medium/492070.jpg,2020-09-21 17:27:05,Average product rating out of 5: 3.7. Product score is based on 542 ratings,542,,True
be7e7d3f-6918-4768-abcd-6b3bc224ddf0,Woolworths Supermarket,Pantry,Woolworths Champignons Pieces & Stems 400g,492073,$1.60,$4.00 / 1KG,https://www.woolworths.com.au/shop/productdetails/492073/woolworths-champignons-pieces-stems,https://cdn0.woolworths.media/content/wowproductimages/medium/492073.jpg,2020-09-21 17:27:05,Average product rating out of 5: 3.8. Product score is based on 349 ratings,349,,True
a60601a9-4b38-49ef-bac5-fa6e23d39e42,Woolworths Supermarket,Pantry,Woolworths Champignon Whole 400g,492075,$1.40,$3.50 / 1KG,https://www.woolworths.com.au/shop/productdetails/492075/woolworths-champignon-whole,https://cdn0.woolworths.media/content/wowproductimages/medium/492075.jpg,2020-09-21 17:27:05,Average product rating out of 5: 3.7. Product score is based on 326 ratings,326,,True
1794c770-6652-4c07-b25b-72c874b45c8f,Woolworths Supermarket,Pantry,Woolworths Water Chestnuts Sliced 225g,492077,$1.10,$4.89 / 1KG,https://www.woolworths.com.au/shop/productdetails/492077/woolworths-water-chestnuts-sliced,https://cdn0.woolworths.media/content/wowproductimages/medium/492077.jpg,2020-09-21 17:27:05,Average product rating out of 5: 4.4. Product score is based on 266 ratings,266,,True
b04ae8a9-934a-47d6-9d3d-d350b4630e5e,Woolworths Supermarket,Pantry,Golden Circle Puree Berry Buzz 120g,492142,$1.50,$12.50 / 1KG,https://www.woolworths.com.au/shop/productdetails/492142/golden-circle-puree-berry-buzz,https://cdn0.woolworths.media/content/wowproductimages/medium/492142.jpg,2020-09-21 17:27:05,,0,Was $1.89 03/04/2017,True
0bafc2b6-bc36-4b76-8b38-6bb950d3eb38,Woolworths Supermarket,Pantry,Aunt Betty's Creamy Rice Dairy Free Coconut Milk 240g,493527,$3.00,$1.25 / 100G,https://www.woolworths.com.au/shop/productdetails/493527/aunt-betty-s-creamy-rice-dairy-free-coconut-milk,https://cdn0.woolworths.media/content/wowproductimages/medium/493527.jpg,2020-09-21 17:27:05,,0,,True
2997fe5c-2210-420f-ae6b-bfbd2a62a1b4,Woolworths Supermarket,Pantry,Aunt Betty's Creamy Rice Dessert Apple & Cinnamon 240g,493528,$3.00,$1.25 / 100G,https://www.woolworths.com.au/shop/productdetails/493528/aunt-betty-s-creamy-rice-dessert-apple-cinnamon,https://cdn0.woolworths.media/content/wowproductimages/medium/493528.jpg,2020-09-21 17:27:05,,0,,True
d291fc4d-f558-470f-b680-414ef5a5cce8,Woolworths Supermarket,Pantry,Aunt Betty's Creamy Rice Dessert Natural Vanilla 240g,493529,$3.00,$1.25 / 100G,https://www.woolworths.com.au/shop/productdetails/493529/aunt-betty-s-creamy-rice-dessert-natural-vanilla,https://cdn0.woolworths.media/content/wowproductimages/medium/493529.jpg,2020-09-21 17:27:05,,0,,True
924485b7-dac0-47a3-b0d4-020faf6926c4,Woolworths Supermarket,Pantry,Ritz Crackers Original 100g,493542,$1.00,$1.00 / 100G,https://www.woolworths.com.au/shop/productdetails/493542/ritz-crackers-original,https://cdn0.woolworths.media/content/wowproductimages/medium/493542.jpg,2020-09-21 17:27:05,,0,,True
10619930-d124-4b13-ab47-62913c5ef889,Woolworths Supermarket,Pantry,Praise Potato Salad Dressing 330ml,494145,$2.00,$0.61 / 100ML,https://www.woolworths.com.au/shop/productdetails/494145/praise-potato-salad-dressing,https://cdn0.woolworths.media/content/wowproductimages/medium/494145.jpg,2020-09-21 17:27:05,,0,,True
97d46449-d411-415e-8abe-00a0e862de25,Woolworths Supermarket,Pantry,La Costena Mexican Style Chipotle In Adobo Sauce 230g,494324,$4.50,$1.96 / 100G,https://www.woolworths.com.au/shop/productdetails/494324/la-costena-mexican-style-chipotle-in-adobo-sauce,https://cdn0.woolworths.media/content/wowproductimages/medium/494324.jpg,2020-09-21 17:27:05,,0,,True
e5cdaccb-70e1-436f-ba3e-f7affb20a68b,Woolworths Supermarket,Pantry,The Pancake Parlour Pancake Mix 500g,495007,$6.60,$1.32 / 100G,https://www.woolworths.com.au/shop/productdetails/495007/the-pancake-parlour-pancake-mix,https://cdn0.woolworths.media/content/wowproductimages/medium/495007.jpg,2020-09-21 17:27:05,,0,,True
02f6e5e9-6a7c-48a5-9533-d7b6ce7c22cf,Woolworths Supermarket,Pantry,Old El Paso Stand 'n Stuff Bold Nacho Cheese Taco Kit 315g,496218,$7.00,$2.22 / 100G,https://www.woolworths.com.au/shop/productdetails/496218/old-el-paso-stand-n-stuff-bold-nacho-cheese-taco-kit,https://cdn0.woolworths.media/content/wowproductimages/medium/496218.jpg,2020-09-21 17:27:05,,0,,True
5341ce1e-aff9-4b98-97ec-98bd4d6c6140,Woolworths Supermarket,Pantry,Cornwell's Apple Cider Vinegar 375ml,496355,$2.60,$0.69 / 100ML,https://www.woolworths.com.au/shop/productdetails/496355/cornwell-s-apple-cider-vinegar,https://cdn0.woolworths.media/content/wowproductimages/medium/496355.jpg,2020-09-21 17:27:05,,0,,True
7ff345c3-a561-4460-a235-2da967fa0d6b,Woolworths Supermarket,Pantry,Woolworths Strawberry Creme Wafers 125g,497648,$0.57,$0.46 / 100G,https://www.woolworths.com.au/shop/productdetails/497648/woolworths-strawberry-creme-wafers,https://cdn0.woolworths.media/content/wowproductimages/medium/497648.jpg,2020-09-21 17:27:05,Average product rating out of 5: 4.1. Product score is based on 447 ratings,447,,True
6433a190-bb93-44b6-b0b5-ed0ff527d649,Woolworths Supermarket,Pantry,Csr Raw Sugar Sticks 50pk 150g,498331,$2.85,$1.90 / 100G,https://www.woolworths.com.au/shop/productdetails/498331/csr-raw-sugar-sticks,https://cdn0.woolworths.media/content/wowproductimages/medium/498331.jpg,2020-09-21 17:27:05,,0,,True
8de5f03f-1f85-4e51-98dd-e602814013dd,Woolworths Supermarket,Pantry,Cobram Estate Olive Oil Garlic 500ml,501297,$11.50,$2.30 / 100ML,https://www.woolworths.com.au/shop/productdetails/501297/cobram-estate-olive-oil-garlic,https://cdn0.woolworths.media/content/wowproductimages/medium/501297.jpg,2020-09-21 17:27:05,,0,,True
fba8b5b4-fc3e-40fe-b056-092adc405e71,Woolworths Supermarket,Pantry,Woolworths Snapz Original 250g,501408,$1.50,$0.60 / 100G,https://www.woolworths.com.au/shop/productdetails/501408/woolworths-snapz-original,https://cdn0.woolworths.media/content/wowproductimages/medium/501408.jpg,2020-09-21 17:27:05,Average product rating out of 5: 4.1. Product score is based on 119 ratings,119,,True
b442983c-fc7b-4670-bd9e-76886d0dc65c,Woolworths Supermarket,Pantry,Woolworths Sesame Seeds 100g,501762,$1.10,$11.00 / 1KG,https://www.woolworths.com.au/shop/productdetails/501762/woolworths-sesame-seeds,https://cdn0.woolworths.media/content/wowproductimages/medium/501762.jpg,2020-09-21 17:27:05,Average product rating out of 5: 4.6. Product score is based on 447 ratings,447,,True
764640c5-baf5-46cd-8554-9a7e535e186d,Woolworths Supermarket,Pantry,Sunbites Grain Waves Sour Cream & Chives 5 pack,720220,$3.10,$2.82 / 100G,https://www.woolworths.com.au/shop/productdetails/720220/sunbites-grain-waves-sour-cream-chives,https://cdn0.woolworths.media/content/wowproductimages/medium/720220.jpg,2020-09-21 17:27:05,,0,2 for $5.00,True
380b83a6-d614-4c4f-8bdf-cc6388736c80,Woolworths Supermarket,Pantry,Macro Organic Quinoa Tri Colour 500g,717631,$7.00,$1.40 / 100G,https://www.woolworths.com.au/shop/productdetails/717631/macro-organic-quinoa-tri-colour,https://cdn0.woolworths.media/content/wowproductimages/medium/717631.jpg,2020-09-21 17:27:05,Average product rating out of 5: 4.6. Product score is based on 274 ratings,274,Was $9.99 09/01/2017,True
94f7db72-3cdd-423e-a8b0-4428343f241b,Woolworths Supermarket,Pantry,Woolworths Walnuts Kernel 500g,749540,$11.00,$22.00 / 1KG,https://www.woolworths.com.au/shop/productdetails/749540/woolworths-walnuts-kernel,https://cdn0.woolworths.media/content/wowproductimages/medium/749540.jpg,2020-09-21 17:27:05,Average product rating out of 5: 4.8. Product score is based on 360 ratings,360,,True
34c042eb-a71e-4341-a58c-5d2219b720f2,Woolworths Supermarket,Pantry,Arnott's Monte Carlo 250g,036031,$3.00,$1.20 / 100G,https://www.woolworths.com.au/shop/productdetails/36031/arnott-s-monte-carlo,https://cdn0.woolworths.media/content/wowproductimages/medium/036031.jpg,2020-09-21 17:27:05,,0,,True
abeb352f-2fb1-459d-aa5a-9d20593e58b9,Woolworths Supermarket,Pantry,Queen Organic Vanilla Bean Paste 65g,225399,$11.80,$18.15 / 100G,https://www.woolworths.com.au/shop/productdetails/225399/queen-organic-vanilla-bean-paste,https://cdn0.woolworths.media/content/wowproductimages/medium/225399.jpg,2020-09-21 17:27:05,,0,,True
39f1bcd7-2426-481a-9688-0d77d684a076,Woolworths Supermarket,Pantry,Moccona Freeze Dried Instant Coffee Classic Medium Roast 400g,208575,$24.00,$6.00 / 100G,https://www.woolworths.com.au/shop/productdetails/208575/moccona-freeze-dried-instant-coffee-classic-medium-roast,https://cdn0.woolworths.media/content/wowproductimages/medium/208575.jpg,2020-09-21 17:27:05,,0,,True
b4c1ea10-8e0e-4973-8610-a670ebc24fc4,Woolworths Supermarket,Pantry,Bertolli Extra Virgin Olive Oil Originale 750ml,502951,$6.50,$0.87 / 100ML,https://www.woolworths.com.au/shop/productdetails/502951/bertolli-extra-virgin-olive-oil-originale,https://cdn0.woolworths.media/content/wowproductimages/medium/502951.jpg,2020-09-21 17:27:05,,0,,True
5afd4f2a-134e-479b-9bef-8a442dbffb00,Woolworths Supermarket,Pantry,Nescafe Blend 43 Soluble Instant Coffee 500g,035694,$20.00,$4.00 / 100G,https://www.woolworths.com.au/shop/productdetails/35694/nescafe-blend-43-soluble-instant-coffee,https://cdn0.woolworths.media/content/wowproductimages/medium/035694.jpg,2020-09-21 17:27:05,,0,,True
0a152f29-d6bd-4fb6-8ec8-884d861c27fd,Woolworths Supermarket,Pantry,Beechworth Pure Honey 1.5kg,250371,$22.00,$1.47 / 100G,https://www.woolworths.com.au/shop/productdetails/250371/beechworth-pure-honey,https://cdn0.woolworths.media/content/wowproductimages/medium/250371.jpg,2020-09-21 17:27:05,,0,,True
d50ac8e8-4e14-453a-8d3e-90de930a8d08,Woolworths Supermarket,Pantry,Cadbury Dairy Milk Chocolate Fair Trade 350g,757883,$5.00,$1.43 / 100G,https://www.woolworths.com.au/shop/productdetails/757883/cadbury-dairy-milk-chocolate-fair-trade,https://cdn0.woolworths.media/content/wowproductimages/medium/757883.jpg,2020-09-21 17:27:05,,0,Was $6.30 16/01/2017,True
8874928b-5336-4131-a2bf-4ba0cd9ad935,Woolworths Supermarket,Pantry,Woolworths Diced Italian Tomatoes No Added Salt 400g,770320,$0.80,$2.00 / 1KG,https://www.woolworths.com.au/shop/productdetails/770320/woolworths-diced-italian-tomatoes-no-added-salt,https://cdn0.woolworths.media/content/wowproductimages/medium/770320.jpg,2020-09-21 17:27:05,Average product rating out of 5: 4.7. Product score is based on 311 ratings,311,,True
c9b8ab1a-05f2-4eb7-9d01-d70fbe92ae78,Woolworths Supermarket,Pantry,Woolworths Almond Meal 400g,610610,$7.50,$18.75 / 1KG,https://www.woolworths.com.au/shop/productdetails/610610/woolworths-almond-meal,https://cdn0.woolworths.media/content/wowproductimages/medium/610610.jpg,2020-09-21 17:27:05,Average product rating out of 5: 4.6. Product score is based on 326 ratings,326,Was $9.00 22/07/2020,True
7af3426e-0f40-45fb-a598-3ecc43b707bf,Woolworths Supermarket,Pantry,Mckenzie's Himalayan Salt Rock Pink 400g,749926,$5.95,$0.15 / 10G,https://www.woolworths.com.au/shop/productdetails/749926/mckenzie-s-himalayan-salt-rock-pink,https://cdn0.woolworths.media/content/wowproductimages/medium/749926.jpg,2020-09-21 17:27:05,,0,,True
9029a305-c057-4dce-b326-3cd6e735fb05,Woolworths Supermarket,Pantry,Woolworths White Rice Long Grain 5kg,072779,$6.70,$0.13 / 100G,https://www.woolworths.com.au/shop/productdetails/72779/woolworths-white-rice-long-grain,https://cdn0.woolworths.media/content/wowproductimages/medium/072779.jpg,2020-09-21 17:27:05,Average product rating out of 5: 4.8. Product score is based on 14 ratings,14,,True
317e4fe7-cb20-48fb-8033-f6adcf3ed5be,Woolworths Supermarket,Pantry,Vege Chips Chicken Style 100g,793382,$3.80,$3.80 / 100G,https://www.woolworths.com.au/shop/productdetails/793382/vege-chips-chicken-style,https://cdn0.woolworths.media/content/wowproductimages/medium/793382.jpg,2020-09-21 17:27:05,Average product rating out of 5: 4.7. Product score is based on 20 ratings,20,,True
e745da34-244c-4dcd-b9af-6523c1fab498,Woolworths Supermarket,Pantry,Continental Cup A Soup Creamy Chicken With Lots Of Noodles 2 pack,026649,$2.00,$3.33 / 100G,https://www.woolworths.com.au/shop/productdetails/26649/continental-cup-a-soup-creamy-chicken-with-lots-of-noodles,https://cdn0.woolworths.media/content/wowproductimages/medium/026649.jpg,2020-09-21 17:27:05,,0,,True
6b207ce0-fb64-4eb3-9cfd-2b4b014d0be5,Woolworths Supermarket,Pantry,Ritz Crackers Original 300g,660562,$2.50,$0.83 / 100G,https://www.woolworths.com.au/shop/productdetails/660562/ritz-crackers-original,https://cdn0.woolworths.media/content/wowproductimages/medium/660562.jpg,2020-09-21 17:27:05,,0,,True
a8240bab-9613-4a0d-87cc-823de4645558,Woolworths Supermarket,Pantry,Sanitarium Weet-bix Breakfast Cereal 1.2kg,200695,$5.00,$0.42 / 100G,https://www.woolworths.com.au/shop/productdetails/200695/sanitarium-weet-bix-breakfast-cereal,https://cdn0.woolworths.media/content/wowproductimages/medium/200695.jpg,2020-09-21 17:27:05,,0,,True
f307cd12-dae8-4e91-b7d8-df0f04045a65,Woolworths Supermarket,Pantry,Cobram Estate Extra Virgin Light Olive Oil 750ml,345955,$15.00,$2.00 / 100ML,https://www.woolworths.com.au/shop/productdetails/345955/cobram-estate-extra-virgin-light-olive-oil,https://cdn0.woolworths.media/content/wowproductimages/medium/345955.jpg,2020-09-21 17:27:05,,0,,True
7c24b20a-5e59-458e-a684-f773ccd8ea68,Woolworths Supermarket,Pantry,Woolworths Rolled Traditional Oats 750g,321220,$1.40,$0.19 / 100G,https://www.woolworths.com.au/shop/productdetails/321220/woolworths-rolled-traditional-oats,https://cdn0.woolworths.media/content/wowproductimages/medium/321220.jpg,2020-09-21 17:27:05,Average product rating out of 5: 4.6. Product score is based on 748 ratings,748,,True
13bbfbfb-8cd1-4781-be73-5e90936f3f49,Woolworths Supermarket,Pantry,Woolworths Sunflower Seeds 200g,501763,$1.60,$8.00 / 1KG,https://www.woolworths.com.au/shop/productdetails/501763/woolworths-sunflower-seeds,https://cdn0.woolworths.media/content/wowproductimages/medium/501763.jpg,2020-09-21 17:27:05,Average product rating out of 5: 4.4. Product score is based on 343 ratings,343,,True
1b3a0b9a-55f6-4604-8b25-e9efbde2f2b6,Woolworths Supermarket,Pantry,Woolworths Hazelnut Kernels 110g,501764,$4.25,$38.64 / 1KG,https://www.woolworths.com.au/shop/productdetails/501764/woolworths-hazelnut-kernels,https://cdn0.woolworths.media/content/wowproductimages/medium/501764.jpg,2020-09-21 17:27:05,Average product rating out of 5: 4.2. Product score is based on 482 ratings,482,,True
6f95b0d0-0c03-4eef-95a7-10051de55fd9,Woolworths Supermarket,Pantry,Three Threes Pickled Onions 520g,504615,$3.60,$6.92 / 1KG,https://www.woolworths.com.au/shop/productdetails/504615/three-threes-pickled-onions,https://cdn0.woolworths.media/content/wowproductimages/medium/504615.jpg,2020-09-21 17:27:05,,0,,True
8045174b-0715-4159-bdf8-1fe1195b7a09,Woolworths Supermarket,Pantry,Carman's Coconut & Golden Oat Slice 210g,505088,$6.00,$2.86 / 100G,https://www.woolworths.com.au/shop/productdetails/505088/carman-s-coconut-golden-oat-slice,https://cdn0.woolworths.media/content/wowproductimages/medium/505088.jpg,2020-09-21 17:27:05,,0,,True
feb6e02f-33bb-437f-88ec-e563533e59e5,Woolworths Supermarket,Pantry,Carman's Oat Slice Choc Brownie 210g,505089,$6.00,$2.86 / 100G,https://www.woolworths.com.au/shop/productdetails/505089/carman-s-oat-slice-choc-brownie,https://cdn0.woolworths.media/content/wowproductimages/medium/505089.jpg,2020-09-21 17:27:05,,0,,True
888d6d2e-f600-47e9-b489-d755ea536f6f,Woolworths Supermarket,Pantry,"Carman's Protein Muesli Bars Coconut, Yoghurt & Roasted Nut 200g",505103,$6.30,$3.15 / 100G,https://www.woolworths.com.au/shop/productdetails/505103/carman-s-protein-muesli-bars-coconut-yoghurt-roasted-nut,https://cdn0.woolworths.media/content/wowproductimages/medium/505103.jpg,2020-09-21 17:27:05,,0,,True
e55b329a-240a-4028-9459-aab2528f27ef,Woolworths Supermarket,Pantry,Massel 7's Cubes Gluten Free Vegetable 35g,505355,$1.00,$0.29 / 10G,https://www.woolworths.com.au/shop/productdetails/505355/massel-7-s-cubes-gluten-free-vegetable,https://cdn0.woolworths.media/content/wowproductimages/medium/505355.jpg,2020-09-21 17:27:05,,0,,True
0af85322-14d9-47cc-a9cf-5ab79a7d5b5b,Woolworths Supermarket,Pantry,Kellogg's Lcms Split Stix Snack Bars Variety 345g,505425,$7.00,$2.03 / 100G,https://www.woolworths.com.au/shop/productdetails/505425/kellogg-s-lcms-split-stix-snack-bars-variety,https://cdn0.woolworths.media/content/wowproductimages/medium/505425.jpg,2020-09-21 17:27:05,,0,Was $8.00 09/10/2016,True
4dd55029-3113-4267-b1fd-96b41aa6eea8,Woolworths Supermarket,Pantry,Table Of Plenty Milk Chocolate Snack Pack 84g,505443,$5.50,$6.55 / 100G,https://www.woolworths.com.au/shop/productdetails/505443/table-of-plenty-milk-chocolate-snack-pack,https://cdn0.woolworths.media/content/wowproductimages/medium/505443.jpg,2020-09-21 17:27:05,Average product rating out of 5: 4.9. Product score is based on 27 ratings,27,,True
09aa8be9-4612-4da6-8441-8e77b211bc6a,Woolworths Supermarket,Pantry,Bega Peanut Butter Super Crunchy 470g,506995,$5.90,$1.26 / 100G,https://www.woolworths.com.au/shop/productdetails/506995/bega-peanut-butter-super-crunchy,https://cdn0.woolworths.media/content/wowproductimages/medium/506995.jpg,2020-09-21 17:27:05,,0,,True
0c942465-49eb-4c23-8057-0a4868aaa64d,Woolworths Supermarket,Pantry,Woolworths Salted Peanuts 375g,509458,$2.30,$6.13 / 1KG,https://www.woolworths.com.au/shop/productdetails/509458/woolworths-salted-peanuts,https://cdn0.woolworths.media/content/wowproductimages/medium/509458.jpg,2020-09-21 17:27:05,Average product rating out of 5: 4.2. Product score is based on 545 ratings,545,,True
d9afbe0d-bf26-460b-85c7-24424e5eea9f,Woolworths Supermarket,Pantry,Belvita Strawberry Yoghurt Breakfast Biscuits 5 pack,510428,$3.00,$1.19 / 100G,https://www.woolworths.com.au/shop/productdetails/510428/belvita-strawberry-yoghurt-breakfast-biscuits,https://cdn0.woolworths.media/content/wowproductimages/medium/510428.jpg,2020-09-21 17:27:05,,0,,True
63ddb09a-5ae9-4776-bbca-9362d4ac0a56,Woolworths Supermarket,Pantry,Tasti Made Simple Wholefood Bars Lamington 5 pack,512887,$5.50,$3.67 / 100G,https://www.woolworths.com.au/shop/productdetails/512887/tasti-made-simple-wholefood-bars-lamington,https://cdn0.woolworths.media/content/wowproductimages/medium/512887.jpg,2020-09-21 17:27:05,,0,,True
40c39b1a-c009-4b36-885b-d0941da5e897,Woolworths Supermarket,Pantry,Tasti Made Simple Wholefood Bars Forest Berry 5 pack,513478,$5.50,$3.67 / 100G,https://www.woolworths.com.au/shop/productdetails/513478/tasti-made-simple-wholefood-bars-forest-berry,https://cdn0.woolworths.media/content/wowproductimages/medium/513478.jpg,2020-09-21 17:27:05,,0,,True
71f91710-0e2a-4a9d-9705-5038fa52e60b,Woolworths Supermarket,Pantry,Nestle Kitkat Dark Block 170g,514317,$4.50,$2.65 / 100G,https://www.woolworths.com.au/shop/productdetails/514317/nestle-kitkat-dark-block,https://cdn0.woolworths.media/content/wowproductimages/medium/514317.jpg,2020-09-21 17:27:05,,0,,True
1e80a4f1-686b-4cc5-94d5-e0d5e5cd0605,Woolworths Supermarket,Pantry,Kettle Sweet Potato Chips Sea Salt 135g,514466,$3.50,$2.59 / 100G,https://www.woolworths.com.au/shop/productdetails/514466/kettle-sweet-potato-chips-sea-salt,https://cdn0.woolworths.media/content/wowproductimages/medium/514466.jpg,2020-09-21 17:27:05,,0,,True
3ea88cb3-6210-4903-9b78-35eee7248c06,Woolworths Supermarket,Pantry,Old El Paso Stand 'n Stuff Mini Tortillas 12 pack,514479,$4.80,$3.31 / 100G,https://www.woolworths.com.au/shop/productdetails/514479/old-el-paso-stand-n-stuff-mini-tortillas,https://cdn0.woolworths.media/content/wowproductimages/medium/514479.jpg,2020-09-21 17:27:05,,0,,True
768a9803-ff5e-4a51-b3fc-b7ddac7d5df4,Woolworths Supermarket,Pantry,Old El Paso Taco Shells Shell 156g 12pk,514489,$3.20,$2.05 / 100G,https://www.woolworths.com.au/shop/productdetails/514489/old-el-paso-taco-shells-shell,https://cdn0.woolworths.media/content/wowproductimages/medium/514489.jpg,2020-09-21 17:27:05,,0,,True
477972ca-dc56-447e-bb4a-8a3e27338d6e,Woolworths Supermarket,Pantry,Uncle Tobys Cereal Cheerios Honey 570g,514882,$5.00,$0.88 / 100G,https://www.woolworths.com.au/shop/productdetails/514882/uncle-tobys-cereal-cheerios-honey,https://cdn0.woolworths.media/content/wowproductimages/medium/514882.jpg,2020-09-21 17:27:05,,0,Was $6.29 29/05/2017,True
a86f488e-94e8-4c61-b695-74457d966906,Woolworths Supermarket,Pantry,Terry's Choco Orange Milk Ball 157g,515156,$6.00,$3.82 / 100G,https://www.woolworths.com.au/shop/productdetails/515156/terry-s-choco-orange-milk-ball,https://cdn0.woolworths.media/content/wowproductimages/medium/515156.jpg,2020-09-21 17:27:05,,0,,True
5ad3124f-8cd5-45b8-a438-6d174f0e092f,Woolworths Supermarket,Pantry,Arnott's Shapes Original Pizza 190g,515173,$2.50,$1.32 / 100G,https://www.woolworths.com.au/shop/productdetails/515173/arnott-s-shapes-original-pizza,https://cdn0.woolworths.media/content/wowproductimages/medium/515173.jpg,2020-09-21 17:27:05,,0,,True
4e51afb5-917e-49a0-980b-a3c5e9851b64,Woolworths Supermarket,Pantry,Woolworths Free From Gluten Vanilla Cake Mix 430g,517214,$3.00,$0.70 / 100G,https://www.woolworths.com.au/shop/productdetails/517214/woolworths-free-from-gluten-vanilla-cake-mix,https://cdn0.woolworths.media/content/wowproductimages/medium/517214.jpg,2020-09-21 17:27:05,Average product rating out of 5: 4.6. Product score is based on 28 ratings,28,,True
50005b97-79b9-45a1-ae76-991674eb1bfc,Woolworths Supermarket,Pantry,Woolworths Free From Gluten Chocolate Cake Mix 430g,517215,$3.00,$0.70 / 100G,https://www.woolworths.com.au/shop/productdetails/517215/woolworths-free-from-gluten-chocolate-cake-mix,https://cdn0.woolworths.media/content/wowproductimages/medium/517215.jpg,2020-09-21 17:27:05,Average product rating out of 5: 4.3. Product score is based on 233 ratings,233,,True
54201483-6320-4c42-95fc-6ceaec3cccb1,Woolworths Supermarket,Pantry,Annalisa Diced Tomatoes Basil & Oregano 400g,517467,$1.45,$3.63 / 1KG,https://www.woolworths.com.au/shop/productdetails/517467/annalisa-diced-tomatoes-basil-oregano,https://cdn0.woolworths.media/content/wowproductimages/medium/517467.jpg,2020-09-21 17:27:05,,0,,True
1a64a72c-5e52-4209-87d1-8d423d319dc1,Woolworths Supermarket,Pantry,Nescafe Blend 43 Soluble Instant Coffee 500g,035694,$20.00,$4.00 / 100G,https://www.woolworths.com.au/shop/productdetails/35694/nescafe-blend-43-soluble-instant-coffee,https://cdn0.woolworths.media/content/wowproductimages/medium/035694.jpg,2020-09-21 17:27:05,,0,,True
7f350028-a36e-4193-8d0c-a1210efd377f,Woolworths Supermarket,Pantry,Cobram Estate Extra Virgin Light Olive Oil 750ml,345955,$15.00,$2.00 / 100ML,https://www.woolworths.com.au/shop/productdetails/345955/cobram-estate-extra-virgin-light-olive-oil,https://cdn0.woolworths.media/content/wowproductimages/medium/345955.jpg,2020-09-21 17:27:05,,0,,True
3888d5cf-dec7-4f76-8627-0454a38c4897,Woolworths Supermarket,Pantry,Queen Organic Vanilla Bean Paste 65g,225399,$11.80,$18.15 / 100G,https://www.woolworths.com.au/shop/productdetails/225399/queen-organic-vanilla-bean-paste,https://cdn0.woolworths.media/content/wowproductimages/medium/225399.jpg,2020-09-21 17:27:05,,0,,True
79c7ff3d-8b1d-47e8-8ce9-d5d3561d4264,Woolworths Supermarket,Pantry,Sanitarium Weet-bix Breakfast Cereal 1.2kg,200695,$5.00,$0.42 / 100G,https://www.woolworths.com.au/shop/productdetails/200695/sanitarium-weet-bix-breakfast-cereal,https://cdn0.woolworths.media/content/wowproductimages/medium/200695.jpg,2020-09-21 17:27:05,,0,,True
3b71e917-f8fe-4957-ad84-6cca850ba86c,Woolworths Supermarket,Pantry,Macro Organic Quinoa Tri Colour 500g,717631,$7.00,$1.40 / 100G,https://www.woolworths.com.au/shop/productdetails/717631/macro-organic-quinoa-tri-colour,https://cdn0.woolworths.media/content/wowproductimages/medium/717631.jpg,2020-09-21 17:27:05,Average product rating out of 5: 4.6. Product score is based on 274 ratings,274,Was $9.99 09/01/2017,True
a840c1c9-4d04-4685-b774-f577f18c0904,Woolworths Supermarket,Pantry,Ritz Crackers Original 300g,660562,$2.50,$0.83 / 100G,https://www.woolworths.com.au/shop/productdetails/660562/ritz-crackers-original,https://cdn0.woolworths.media/content/wowproductimages/medium/660562.jpg,2020-09-21 17:27:05,,0,,True
d6067260-bafd-4364-b520-4350885565f7,Woolworths Supermarket,Pantry,Vege Chips Chicken Style 100g,793382,$3.80,$3.80 / 100G,https://www.woolworths.com.au/shop/productdetails/793382/vege-chips-chicken-style,https://cdn0.woolworths.media/content/wowproductimages/medium/793382.jpg,2020-09-21 17:27:05,Average product rating out of 5: 4.7. Product score is based on 20 ratings,20,,True
be4a9c6b-000f-4b0d-a720-9416faa33698,Woolworths Supermarket,Pantry,Mckenzie's Himalayan Salt Rock Pink 400g,749926,$5.95,$0.15 / 10G,https://www.woolworths.com.au/shop/productdetails/749926/mckenzie-s-himalayan-salt-rock-pink,https://cdn0.woolworths.media/content/wowproductimages/medium/749926.jpg,2020-09-21 17:27:05,,0,,True
abbe34e3-a603-40e0-8723-87420315ab47,Woolworths Supermarket,Pantry,Woolworths Diced Italian Tomatoes No Added Salt 400g,770320,$0.80,$2.00 / 1KG,https://www.woolworths.com.au/shop/productdetails/770320/woolworths-diced-italian-tomatoes-no-added-salt,https://cdn0.woolworths.media/content/wowproductimages/medium/770320.jpg,2020-09-21 17:27:05,Average product rating out of 5: 4.7. Product score is based on 311 ratings,311,,True
f32735bb-09fb-481b-8206-4959303a6803,Woolworths Supermarket,Pantry,Bertolli Extra Virgin Olive Oil Originale 750ml,502951,$6.50,$0.87 / 100ML,https://www.woolworths.com.au/shop/productdetails/502951/bertolli-extra-virgin-olive-oil-originale,https://cdn0.woolworths.media/content/wowproductimages/medium/502951.jpg,2020-09-21 17:27:05,,0,,True
0b47f8a9-a3a3-4572-a0fd-ce70c3be2ea6,Woolworths Supermarket,Pantry,Arnott's Monte Carlo 250g,036031,$3.00,$1.20 / 100G,https://www.woolworths.com.au/shop/productdetails/36031/arnott-s-monte-carlo,https://cdn0.woolworths.media/content/wowproductimages/medium/036031.jpg,2020-09-21 17:27:05,,0,,True
54864fa2-22f7-40d4-929c-55211d3d699d,Woolworths Supermarket,Pantry,Beechworth Pure Honey 1.5kg,250371,$22.00,$1.47 / 100G,https://www.woolworths.com.au/shop/productdetails/250371/beechworth-pure-honey,https://cdn0.woolworths.media/content/wowproductimages/medium/250371.jpg,2020-09-21 17:27:05,,0,,True
1db99e73-8f09-48cc-bafd-fae893fb7079,Woolworths Supermarket,Pantry,Sunbites Grain Waves Sour Cream & Chives 5 pack,720220,$3.10,$2.82 / 100G,https://www.woolworths.com.au/shop/productdetails/720220/sunbites-grain-waves-sour-cream-chives,https://cdn0.woolworths.media/content/wowproductimages/medium/720220.jpg,2020-09-21 17:27:05,,0,2 for $5.00,True
2231e526-f2ac-41f3-9705-9e6d3eb6d59c,Woolworths Supermarket,Pantry,Woolworths Almond Meal 400g,610610,$7.50,$18.75 / 1KG,https://www.woolworths.com.au/shop/productdetails/610610/woolworths-almond-meal,https://cdn0.woolworths.media/content/wowproductimages/medium/610610.jpg,2020-09-21 17:27:05,Average product rating out of 5: 4.6. Product score is based on 326 ratings,326,Was $9.00 22/07/2020,True
eb60b6bc-867b-419a-bcfd-eec67084861e,Woolworths Supermarket,Pantry,Cadbury Dairy Milk Chocolate Fair Trade 350g,757883,$5.00,$1.43 / 100G,https://www.woolworths.com.au/shop/productdetails/757883/cadbury-dairy-milk-chocolate-fair-trade,https://cdn0.woolworths.media/content/wowproductimages/medium/757883.jpg,2020-09-21 17:27:05,,0,Was $6.30 16/01/2017,True
973b26a8-0235-471e-8b84-6ddbb8049b74,Woolworths Supermarket,Pantry,Moccona Freeze Dried Instant Coffee Classic Medium Roast 400g,208575,$24.00,$6.00 / 100G,https://www.woolworths.com.au/shop/productdetails/208575/moccona-freeze-dried-instant-coffee-classic-medium-roast,https://cdn0.woolworths.media/content/wowproductimages/medium/208575.jpg,2020-09-21 17:27:05,,0,,True
5a5b67f4-e755-4755-887f-cce1547c9996,Woolworths Supermarket,Pantry,Woolworths Walnuts Kernel 500g,749540,$11.00,$22.00 / 1KG,https://www.woolworths.com.au/shop/productdetails/749540/woolworths-walnuts-kernel,https://cdn0.woolworths.media/content/wowproductimages/medium/749540.jpg,2020-09-21 17:27:05,Average product rating out of 5: 4.8. Product score is based on 360 ratings,360,,True
08026802-e77c-407b-803d-80ea64b3ab62,Woolworths Supermarket,Pantry,Continental Cup A Soup Creamy Chicken With Lots Of Noodles 2 pack,026649,$2.00,$3.33 / 100G,https://www.woolworths.com.au/shop/productdetails/26649/continental-cup-a-soup-creamy-chicken-with-lots-of-noodles,https://cdn0.woolworths.media/content/wowproductimages/medium/026649.jpg,2020-09-21 17:27:05,,0,,True
cffa8309-773f-4a7e-ab25-2b9bdd9f4e52,Woolworths Supermarket,Pantry,Woolworths White Rice Long Grain 5kg,072779,$6.70,$0.13 / 100G,https://www.woolworths.com.au/shop/productdetails/72779/woolworths-white-rice-long-grain,https://cdn0.woolworths.media/content/wowproductimages/medium/072779.jpg,2020-09-21 17:27:05,Average product rating out of 5: 4.8. Product score is based on 14 ratings,14,,True
cf7e01cc-f1d3-4f36-a7ef-e19248600baa,Woolworths Supermarket,Pantry,Woolworths Rolled Traditional Oats 750g,321220,$1.40,$0.19 / 100G,https://www.woolworths.com.au/shop/productdetails/321220/woolworths-rolled-traditional-oats,https://cdn0.woolworths.media/content/wowproductimages/medium/321220.jpg,2020-09-21 17:27:05,Average product rating out of 5: 4.6. Product score is based on 748 ratings,748,,True
85096fe3-7e71-46f3-84ac-1adb4d531e48,Woolworths Supermarket,Pantry,Annalisa Diced Tomatoes Garlic & Basil 400g,517491,$1.45,$3.63 / 1KG,https://www.woolworths.com.au/shop/productdetails/517491/annalisa-diced-tomatoes-garlic-basil,https://cdn0.woolworths.media/content/wowproductimages/medium/517491.jpg,2020-09-21 17:27:05,,0,,True
f6362488-7c9a-418d-8d14-6a02b29cc32a,Woolworths Supermarket,Pantry,Annalisa Diced Tomatoes 800g,517500,$2.00,$2.50 / 1KG,https://www.woolworths.com.au/shop/productdetails/517500/annalisa-diced-tomatoes,https://cdn0.woolworths.media/content/wowproductimages/medium/517500.jpg,2020-09-21 17:27:05,,0,Was $2.50 14/05/2018,True
dbe8be43-de82-4c3b-863b-845377244c3d,Woolworths Supermarket,Pantry,Aeroplane Ready To Eat Jelly Pineapple 120g,518052,$1.20,$1.00 / 100G,https://www.woolworths.com.au/shop/productdetails/518052/aeroplane-ready-to-eat-jelly-pineapple,https://cdn0.woolworths.media/content/wowproductimages/medium/518052.jpg,2020-09-21 17:27:05,,0,,True
686d341f-1420-4511-ae1d-4847a635051c,Woolworths Supermarket,Pantry,Aeroplane Ready To Eat Jelly Blackcurrant 120g,518053,$1.20,$1.00 / 100G,https://www.woolworths.com.au/shop/productdetails/518053/aeroplane-ready-to-eat-jelly-blackcurrant,https://cdn0.woolworths.media/content/wowproductimages/medium/518053.jpg,2020-09-21 17:27:05,,0,,True
147a242f-fd74-4ed8-b588-7baac10d8f19,Woolworths Supermarket,Pantry,Dollevi Extra Virgin Olive Oil 4l,518732,$24.00,$0.60 / 100ML,https://www.woolworths.com.au/shop/productdetails/518732/dollevi-extra-virgin-olive-oil,https://cdn0.woolworths.media/content/wowproductimages/medium/518732.jpg,2020-09-21 17:27:05,,0,,True
cb3d340f-91dc-451c-a607-889f9994d497,Woolworths Supermarket,Pantry,Knorr Liquid Seasoning 835ml,519375,$9.00,$1.08 / 100ML,https://www.woolworths.com.au/shop/productdetails/519375/knorr-liquid-seasoning,https://cdn0.woolworths.media/content/wowproductimages/medium/519375.jpg,2020-09-21 17:27:05,,0,,True
89308115-c124-4003-baf2-a58127dcce8d,Woolworths Supermarket,Pantry,Knorr Yellow Chicken Powder 1kg,519378,$17.00,$17.00 / 1KG,https://www.woolworths.com.au/shop/productdetails/519378/knorr-yellow-chicken-powder,https://cdn0.woolworths.media/content/wowproductimages/medium/519378.jpg,2020-09-21 17:27:05,,0,,True
16b1cb22-835f-4b30-b4fd-15a205fc663c,Woolworths Supermarket,Pantry,Dollevi Classic Olive Oil 4l,520649,$24.00,$0.60 / 100ML,https://www.woolworths.com.au/shop/productdetails/520649/dollevi-classic-olive-oil,https://cdn0.woolworths.media/content/wowproductimages/medium/520649.jpg,2020-09-21 17:27:05,,0,,True
62fbbd8c-845d-4c54-af5d-91ea237caf2b,Woolworths Supermarket,Pantry,Woolworths Sundried Tomato Halves 500g,520727,$4.50,$0.90 / 100G,https://www.woolworths.com.au/shop/productdetails/520727/woolworths-sundried-tomato-halves,https://cdn0.woolworths.media/content/wowproductimages/medium/520727.jpg,2020-09-21 17:27:05,Average product rating out of 5: 4.3. Product score is based on 1061 ratings,1061,,True
0aa231f1-f7f3-46c7-a4ca-72da1c92cb37,Woolworths Supermarket,Pantry,Woolworths Sundried Tomato Strips 270g,520728,$3.35,$1.24 / 100G,https://www.woolworths.com.au/shop/productdetails/520728/woolworths-sundried-tomato-strips,https://cdn0.woolworths.media/content/wowproductimages/medium/520728.jpg,2020-09-21 17:27:05,Average product rating out of 5: 4.3. Product score is based on 686 ratings,686,,True
e0bacc49-ce42-45f5-899a-5c5159822827,Woolworths Supermarket,Pantry,Maggi 2 Minute Instant Wholegrain Noodles Value 12 pack,520851,$8.00,$0.97 / 100G,https://www.woolworths.com.au/shop/productdetails/520851/maggi-2-minute-instant-wholegrain-noodles-value,https://cdn0.woolworths.media/content/wowproductimages/medium/520851.jpg,2020-09-21 17:27:05,,0,Was 9.00 25/07/2016,True
f81361e8-96bd-42c4-ab51-7b6885edcae0,Woolworths Supermarket,Pantry,Choice Chicken Instant Noodles 85g x5 pack,521257,$1.00,$0.24 / 100G,https://www.woolworths.com.au/shop/productdetails/521257/choice-chicken-instant-noodles,https://cdn0.woolworths.media/content/wowproductimages/medium/521257.jpg,2020-09-21 17:27:05,Average product rating out of 5: 4.0. Product score is based on 407 ratings,407,,True
5caf1a25-442d-4b90-94f9-8c3a643c41f9,Woolworths Supermarket,Pantry,Choice Beef Instant Noodles 85g x5 pack,521258,$1.00,$0.24 / 100G,https://www.woolworths.com.au/shop/productdetails/521258/choice-beef-instant-noodles,https://cdn0.woolworths.media/content/wowproductimages/medium/521258.jpg,2020-09-21 17:27:05,Average product rating out of 5: 3.8. Product score is based on 640 ratings,640,,True
5b937f5d-86be-427e-b02a-45ef8cdbca56,Woolworths Supermarket,Pantry,Choice Mi Goreng Instant Noodles 85g x5 pack,521259,$1.50,$0.35 / 100G,https://www.woolworths.com.au/shop/productdetails/521259/choice-mi-goreng-instant-noodles,https://cdn0.woolworths.media/content/wowproductimages/medium/521259.jpg,2020-09-21 17:27:05,,0,,True
1fee6232-dd32-459a-961a-c146bfaff123,Woolworths Supermarket,Pantry,Kellogg's Lcms Yoghurty Split Stix Snack Bars 345g,521371,$7.00,$2.03 / 100G,https://www.woolworths.com.au/shop/productdetails/521371/kellogg-s-lcms-yoghurty-split-stix-snack-bars,https://cdn0.woolworths.media/content/wowproductimages/medium/521371.jpg,2020-09-21 17:27:05,,0,Was $8.00 09/10/2016,True
439df0dd-7bcd-42aa-a94b-4a142af0ec42,Woolworths Supermarket,Pantry,Choice Chicken Noodle Cup 70g,521391,$0.75,$1.07 / 100G,https://www.woolworths.com.au/shop/productdetails/521391/choice-chicken-noodle-cup,https://cdn0.woolworths.media/content/wowproductimages/medium/521391.jpg,2020-09-21 17:27:05,,0,,True
aeecf7f8-5807-47e6-a759-eb243b119648,Woolworths Supermarket,Pantry,Choice Oriental Noodle Cup 70g,521392,$0.75,$1.07 / 100G,https://www.woolworths.com.au/shop/productdetails/521392/choice-oriental-noodle-cup,https://cdn0.woolworths.media/content/wowproductimages/medium/521392.jpg,2020-09-21 17:27:05,,0,,True
7911f0cb-8716-4de1-bf9e-ba5f0000df4b,Woolworths Supermarket,Pantry,Safcol Tuna In Oil Italian Style 185g,522288,$2.20,$11.89 / 1KG,https://www.woolworths.com.au/shop/productdetails/522288/safcol-tuna-in-oil-italian-style,https://cdn0.woolworths.media/content/wowproductimages/medium/522288.jpg,2020-09-21 17:27:05,,0,,True
49f3efed-fd1b-4a41-b38e-10217637034d,Woolworths Supermarket,Pantry,Safcol Tuna In Springwater 185g,522306,$2.20,$11.89 / 1KG,https://www.woolworths.com.au/shop/productdetails/522306/safcol-tuna-in-springwater,https://cdn0.woolworths.media/content/wowproductimages/medium/522306.jpg,2020-09-21 17:27:05,,0,,True
aed199a0-57f3-4a8f-a966-ce6bba0ee1aa,Woolworths Supermarket,Pantry,Heinz American Mustard 220ml,522639,$2.75,$1.25 / 100ML,https://www.woolworths.com.au/shop/productdetails/522639/heinz-american-mustard,https://cdn0.woolworths.media/content/wowproductimages/medium/522639.jpg,2020-09-21 17:27:05,,0,,True
41f9ffe5-9f8b-4267-ab26-6d61d19287f3,Woolworths Supermarket,Pantry,Nature Valley Peanut & Chocolate Protein Nut Bars 4 pack,522701,$5.30,$3.31 / 100G,https://www.woolworths.com.au/shop/productdetails/522701/nature-valley-peanut-chocolate-protein-nut-bars,https://cdn0.woolworths.media/content/wowproductimages/medium/522701.jpg,2020-09-21 17:27:05,,0,,True
f33a7af6-0889-4de4-9095-89aec60ced88,Woolworths Supermarket,Pantry,Nature Valley Salted Caramel Protein Nut Bars 4 pack,522704,$5.30,$3.31 / 100G,https://www.woolworths.com.au/shop/productdetails/522704/nature-valley-salted-caramel-protein-nut-bars,https://cdn0.woolworths.media/content/wowproductimages/medium/522704.jpg,2020-09-21 17:27:05,,0,,True
c9a105f5-c6b7-450b-b50a-2630df775238,Woolworths Supermarket,Pantry,Be Natural Cinnamon Mini Bites Cereal 460g,522818,$5.20,$1.13 / 100G,https://www.woolworths.com.au/shop/productdetails/522818/be-natural-cinnamon-mini-bites-cereal,https://cdn0.woolworths.media/content/wowproductimages/medium/522818.jpg,2020-09-21 17:27:05,,0,,True
9d904cd4-303b-44ed-9cf4-5ad24974ad39,Woolworths Supermarket,Pantry,Woolworths Green Stuffed Olives 450g,524430,$2.00,$0.44 / 100G,https://www.woolworths.com.au/shop/productdetails/524430/woolworths-green-stuffed-olives,https://cdn0.woolworths.media/content/wowproductimages/medium/524430.jpg,2020-09-21 17:27:05,Average product rating out of 5: 4.3. Product score is based on 250 ratings,250,,True
1036cbae-cff1-4dc2-b6ea-deabf9615648,Woolworths Supermarket,Pantry,Arnott's Shapes Chicken Crimpy 175g,384245,$2.50,$1.43 / 100G,https://www.woolworths.com.au/shop/productdetails/384245/arnott-s-shapes-chicken-crimpy,https://cdn0.woolworths.media/content/wowproductimages/medium/384245.jpg,2020-09-21 17:27:05,,0,,True
04dffe07-b83d-4944-b0cd-7a6cc122ac38,Woolworths Supermarket,Pantry,Woolworths Diced Italian Tomatoes No Added Salt 400g,770320,$0.80,$2.00 / 1KG,https://www.woolworths.com.au/shop/productdetails/770320/woolworths-diced-italian-tomatoes-no-added-salt,https://cdn0.woolworths.media/content/wowproductimages/medium/770320.jpg,2020-09-21 17:27:05,Average product rating out of 5: 4.7. Product score is based on 311 ratings,311,,True
267b086e-5ed7-42f7-85fd-bf2ebf080891,Woolworths Supermarket,Pantry,Essentials Pasta Penne 500g,188800,$0.80,$0.16 / 100G,https://www.woolworths.com.au/shop/productdetails/188800/essentials-pasta-penne,https://cdn0.woolworths.media/content/wowproductimages/medium/188800.jpg,2020-09-21 17:27:05,,0,,True
6b358393-6c0b-4ad7-8d9f-ff5409238861,Woolworths Supermarket,Pantry,Indomie Mi Goreng Instant Noodles 5pk 425g,177972,$2.75,$0.65 / 100G,https://www.woolworths.com.au/shop/productdetails/177972/indomie-mi-goreng-instant-noodles,https://cdn0.woolworths.media/content/wowproductimages/medium/177972.jpg,2020-09-21 17:27:05,,0,,True
d50726c4-b30a-40e8-ac56-544341e23f43,Woolworths Supermarket,Pantry,Ritz Crackers Original 300g,660562,$2.50,$0.83 / 100G,https://www.woolworths.com.au/shop/productdetails/660562/ritz-crackers-original,https://cdn0.woolworths.media/content/wowproductimages/medium/660562.jpg,2020-09-21 17:27:05,,0,,True
1f1c323b-9116-467e-aade-d13fb40bd242,Woolworths Supermarket,Pantry,Woolworths Rolled Traditional Oats 750g,321220,$1.40,$0.19 / 100G,https://www.woolworths.com.au/shop/productdetails/321220/woolworths-rolled-traditional-oats,https://cdn0.woolworths.media/content/wowproductimages/medium/321220.jpg,2020-09-21 17:27:05,Average product rating out of 5: 4.6. Product score is based on 748 ratings,748,,True
c5e709b1-fa87-465d-8c51-038a05cb310c,Woolworths Supermarket,Pantry,Ardmona Tomatoes Diced No Added Salt 400g,226849,$1.40,$3.50 / 1KG,https://www.woolworths.com.au/shop/productdetails/226849/ardmona-tomatoes-diced-no-added-salt,https://cdn0.woolworths.media/content/wowproductimages/medium/226849.jpg,2020-09-21 17:27:05,,0,,True
6d62994a-d249-48e9-963b-fa0be5e61705,Woolworths Supermarket,Pantry,Macro Organic Quinoa Tri Colour 500g,717631,$7.00,$1.40 / 100G,https://www.woolworths.com.au/shop/productdetails/717631/macro-organic-quinoa-tri-colour,https://cdn0.woolworths.media/content/wowproductimages/medium/717631.jpg,2020-09-21 17:27:05,Average product rating out of 5: 4.6. Product score is based on 274 ratings,274,Was $9.99 09/01/2017,True
12df27a6-d9bf-4d9c-a006-9a2c947b70ee,Woolworths Supermarket,Pantry,Cadbury Fry's Turkish Delight 55g bar,098390,$1.00,$1.82 / 100G,https://www.woolworths.com.au/shop/productdetails/98390/cadbury-fry-s-turkish-delight,https://cdn0.woolworths.media/content/wowproductimages/medium/098390.jpg,2020-09-21 17:27:05,,0,,True
08552cac-88c7-4079-bb49-99fa9c87fd48,Woolworths Supermarket,Pantry,Sunbites Grain Waves Sour Cream & Chives 170g,082361,$3.50,$2.06 / 100G,https://www.woolworths.com.au/shop/productdetails/82361/sunbites-grain-waves-sour-cream-chives,https://cdn0.woolworths.media/content/wowproductimages/medium/082361.jpg,2020-09-21 17:27:05,,0,,True
fe7b8752-6d66-4341-b855-8776be06a10e,Woolworths Supermarket,Pantry,Mckenzie's Rice Flour 375g,094275,$1.50,$4.00 / 1KG,https://www.woolworths.com.au/shop/productdetails/94275/mckenzie-s-rice-flour,https://cdn0.woolworths.media/content/wowproductimages/medium/094275.jpg,2020-09-21 17:27:05,,0,,True
35143b61-6b5a-46a1-aa87-c17e0f718fbd,Woolworths Supermarket,Pantry,Heinz Canned Soup Big Red Tomato 420g,034331,$2.20,$0.52 / 100G,https://www.woolworths.com.au/shop/productdetails/34331/heinz-canned-soup-big-red-tomato,https://cdn0.woolworths.media/content/wowproductimages/medium/034331.jpg,2020-09-21 17:27:05,,0,,True
70f1dcb0-9d25-4d0c-ab29-5f7f4d97489f,Woolworths Supermarket,Pantry,Arnott's Monte Carlo 250g,036031,$3.00,$1.20 / 100G,https://www.woolworths.com.au/shop/productdetails/36031/arnott-s-monte-carlo,https://cdn0.woolworths.media/content/wowproductimages/medium/036031.jpg,2020-09-21 17:27:05,,0,,True
989e0265-241e-48ee-9b4d-5d9576e6b3b1,Woolworths Supermarket,Pantry,Essentials Raw Sugar 2kg,018174,$2.10,$0.11 / 100G,https://www.woolworths.com.au/shop/productdetails/18174/essentials-raw-sugar,https://cdn0.woolworths.media/content/wowproductimages/medium/018174.jpg,2020-09-21 17:27:05,,0,,True
301ef2bb-6240-43d1-9a55-0ed2caa272c7,Woolworths Supermarket,Pantry,Continental Cup A Soup Creamy Chicken With Lots Of Noodles 2 pack,026649,$2.00,$3.33 / 100G,https://www.woolworths.com.au/shop/productdetails/26649/continental-cup-a-soup-creamy-chicken-with-lots-of-noodles,https://cdn0.woolworths.media/content/wowproductimages/medium/026649.jpg,2020-09-21 17:27:05,,0,,True
e261a3ad-bc8a-42fe-8a5e-a04fdf10ceb2,Woolworths Supermarket,Pantry,Cadbury Dairy Milk Chocolate Fair Trade 350g,757883,$5.00,$1.43 / 100G,https://www.woolworths.com.au/shop/productdetails/757883/cadbury-dairy-milk-chocolate-fair-trade,https://cdn0.woolworths.media/content/wowproductimages/medium/757883.jpg,2020-09-21 17:27:05,,0,Was $6.30 16/01/2017,True
68f51bd4-55a7-46c3-bb78-538b64f47803,Woolworths Supermarket,Pantry,Fantastic Rice Crackers Original 100g,035231,$1.50,$1.50 / 100G,https://www.woolworths.com.au/shop/productdetails/35231/fantastic-rice-crackers-original,https://cdn0.woolworths.media/content/wowproductimages/medium/035231.jpg,2020-09-21 17:27:05,,0,,True
8bc91c6f-23e5-477a-99ed-4a05308ad95c,Woolworths Supermarket,Pantry,Masterfoods Barbecue Sauce 500ml,099696,$2.50,$0.50 / 100ML,https://www.woolworths.com.au/shop/productdetails/99696/masterfoods-barbecue-sauce,https://cdn0.woolworths.media/content/wowproductimages/medium/099696.jpg,2020-09-21 17:27:05,,0,,True
30bd2078-1d6b-40a5-8a09-4d74dc40cdfd,Woolworths Supermarket,Pantry,Mckenzie's Himalayan Salt Rock Pink 400g,749926,$5.95,$0.15 / 10G,https://www.woolworths.com.au/shop/productdetails/749926/mckenzie-s-himalayan-salt-rock-pink,https://cdn0.woolworths.media/content/wowproductimages/medium/749926.jpg,2020-09-21 17:27:05,,0,,True
7f64dbda-47ca-4fd6-861a-0e6353860a73,Woolworths Supermarket,Pantry,Sunbites Grain Waves Sour Cream & Chives 5 pack,720220,$3.10,$2.82 / 100G,https://www.woolworths.com.au/shop/productdetails/720220/sunbites-grain-waves-sour-cream-chives,https://cdn0.woolworths.media/content/wowproductimages/medium/720220.jpg,2020-09-21 17:27:05,,0,2 for $5.00,True
f245bbfe-a30d-4a94-bb38-1d2c243fc0ad,Woolworths Supermarket,Pantry,Woolworths Green Stuffed Olives 935g,524431,$4.00,$0.43 / 100G,https://www.woolworths.com.au/shop/productdetails/524431/woolworths-green-stuffed-olives,https://cdn0.woolworths.media/content/wowproductimages/medium/524431.jpg,2020-09-21 17:27:05,Average product rating out of 5: 4.3. Product score is based on 437 ratings,437,,True
3651831e-9b5c-4d80-b81f-7ca4331040a0,Woolworths Supermarket,Pantry,Woolworths Black Sliced Olives 430g,524432,$1.90,$0.44 / 100G,https://www.woolworths.com.au/shop/productdetails/524432/woolworths-black-sliced-olives,https://cdn0.woolworths.media/content/wowproductimages/medium/524432.jpg,2020-09-21 17:27:05,Average product rating out of 5: 4.0. Product score is based on 347 ratings,347,,True
7be7d53f-39eb-4484-9007-f0f9a7a6ce64,Woolworths Supermarket,Pantry,Splenda Sweetener Tablets 200 pack,524676,$6.50,$3.25 / 100EA,https://www.woolworths.com.au/shop/productdetails/524676/splenda-sweetener-tablets,https://cdn0.woolworths.media/content/wowproductimages/medium/524676.jpg,2020-09-21 17:27:05,,0,,True
dcee527d-b578-49a2-9cd5-a7c9ef301124,Woolworths Supermarket,Pantry,Woolworths Peach In Strawberry Jelly 4pk 480g,526015,$2.20,$4.58 / 1KG,https://www.woolworths.com.au/shop/productdetails/526015/woolworths-peach-in-strawberry-jelly,https://cdn0.woolworths.media/content/wowproductimages/medium/526015.jpg,2020-09-21 17:27:05,,0,Was $3.49 08/08/16,True
137a4895-a69c-46dc-8d63-fc74f8753a71,Woolworths Supermarket,Pantry,Woolworths Mango In Mango Jelly 480g 4pk,526016,$2.20,$4.58 / 1KG,https://www.woolworths.com.au/shop/productdetails/526016/woolworths-mango-in-mango-jelly,https://cdn0.woolworths.media/content/wowproductimages/medium/526016.jpg,2020-09-21 17:27:05,,0,Was $2.50 09/07/2018,True
5d67b864-84b7-495d-b349-c7b9a6f805c5,Woolworths Supermarket,Pantry,Frey Chocolate Block Sea Salt Caramel 100g,526222,$2.50,$2.50 / 100G,https://www.woolworths.com.au/shop/productdetails/526222/frey-chocolate-block-sea-salt-caramel,https://cdn0.woolworths.media/content/wowproductimages/medium/526222.jpg,2020-09-21 17:27:05,Average product rating out of 5: 3.5. Product score is based on 4744 ratings,4744,,True
eebafde6-d835-46e0-97ca-77b68b89c36c,Woolworths Supermarket,Pantry,Woolworths Chocolate & Nut Mix 200g,526256,$6.00,$30.00 / 1KG,https://www.woolworths.com.au/shop/productdetails/526256/woolworths-chocolate-nut-mix,https://cdn0.woolworths.media/content/wowproductimages/medium/526256.jpg,2020-09-21 17:27:05,Average product rating out of 5: 3.4. Product score is based on 603 ratings,603,2 for $10.00,True
c3a020a6-7218-4fbb-909b-d31938ce591b,Woolworths Supermarket,Pantry,Woolworths Natural Almonds 70g,526259,$2.00,$28.57 / 1KG,https://www.woolworths.com.au/shop/productdetails/526259/woolworths-natural-almonds,https://cdn0.woolworths.media/content/wowproductimages/medium/526259.jpg,2020-09-21 17:27:05,Average product rating out of 5: 4.4. Product score is based on 293 ratings,293,,True
0d247e94-5884-41a4-850f-54160196dbf0,Woolworths Supermarket,Pantry,Woolworths Roasted & Salted Mixed Nuts 80g,526471,$2.00,$25.00 / 1KG,https://www.woolworths.com.au/shop/productdetails/526471/woolworths-roasted-salted-mixed-nuts,https://cdn0.woolworths.media/content/wowproductimages/medium/526471.jpg,2020-09-21 17:27:05,Average product rating out of 5: 4.1. Product score is based on 511 ratings,511,,True
5df19ca8-1715-4e58-8e74-03504bf3f37a,Woolworths Supermarket,Pantry,Woolworths Superfood Mix 70g,526472,$2.00,$28.57 / 1KG,https://www.woolworths.com.au/shop/productdetails/526472/woolworths-superfood-mix,https://cdn0.woolworths.media/content/wowproductimages/medium/526472.jpg,2020-09-21 17:27:05,Average product rating out of 5: 3.9. Product score is based on 635 ratings,635,,True
5d7afc46-e3f8-4ed4-8f0a-4ec3f623159d,Woolworths Supermarket,Pantry,Frey Chocolate Block Milk 100g,526838,$2.50,$2.50 / 100G,https://www.woolworths.com.au/shop/productdetails/526838/frey-chocolate-block-milk,https://cdn0.woolworths.media/content/wowproductimages/medium/526838.jpg,2020-09-21 17:27:05,Average product rating out of 5: 4.2. Product score is based on 55 ratings,55,,True
f1466611-a329-49a5-abab-2ee8095f2ac3,Woolworths Supermarket,Pantry,Frey Dark Chocolate Block 69% 100g,526840,$2.50,$2.50 / 100G,https://www.woolworths.com.au/shop/productdetails/526840/frey-dark-chocolate-block-69-,https://cdn0.woolworths.media/content/wowproductimages/medium/526840.jpg,2020-09-21 17:27:05,Average product rating out of 5: 4.6. Product score is based on 435 ratings,435,,True
9b2b2dca-3dcd-4f4b-b991-8cac2a0c4de7,Woolworths Supermarket,Pantry,Frey Dark Chocolate Block 85% 100g,526940,$2.50,$2.50 / 100G,https://www.woolworths.com.au/shop/productdetails/526940/frey-dark-chocolate-block-85-,https://cdn0.woolworths.media/content/wowproductimages/medium/526940.jpg,2020-09-21 17:27:05,Average product rating out of 5: 3.1. Product score is based on 4270 ratings,4270,,True
e1cf2f44-a106-476a-aa98-eefcd0873253,Woolworths Supermarket,Pantry,Beak & Sons Stirfry Sauce Honey & Soy 175g,527174,$3.50,$2.00 / 100G,https://www.woolworths.com.au/shop/productdetails/527174/beak-sons-stirfry-sauce-honey-soy,https://cdn0.woolworths.media/content/wowproductimages/medium/527174.jpg,2020-09-21 17:27:05,,0,,True
ea6df348-58bb-475c-8e45-6d59f805bb7e,Woolworths Supermarket,Pantry,Beak & Sons Stirfry Sauce Chinese Bbq 175g,527189,$3.50,$2.00 / 100G,https://www.woolworths.com.au/shop/productdetails/527189/beak-sons-stirfry-sauce-chinese-bbq,https://cdn0.woolworths.media/content/wowproductimages/medium/527189.jpg,2020-09-21 17:27:05,,0,,True
1ee7ea79-b630-4b91-932f-8303402097d4,Woolworths Supermarket,Pantry,Beak & Sons Stirfry Sauce Teriyaki 175g,527271,$3.50,$2.00 / 100G,https://www.woolworths.com.au/shop/productdetails/527271/beak-sons-stirfry-sauce-teriyaki,https://cdn0.woolworths.media/content/wowproductimages/medium/527271.jpg,2020-09-21 17:27:05,,0,,True
bf996042-fa2d-4c3f-8630-3f316274aec3,Woolworths Supermarket,Pantry,Woolworths Soy Sauce 500ml,527329,$1.50,$0.30 / 100ML,https://www.woolworths.com.au/shop/productdetails/527329/woolworths-soy-sauce,https://cdn0.woolworths.media/content/wowproductimages/medium/527329.jpg,2020-09-21 17:27:05,Average product rating out of 5: 4.1. Product score is based on 341 ratings,341,,True
ddbb79bc-ab7c-4285-9cef-f21c131b3d01,Woolworths Supermarket,Pantry,Smith's Thinly Cut Chips Sweet Chilli Sour Cream 175g,528441,$2.00,$1.14 / 100G,https://www.woolworths.com.au/shop/productdetails/528441/smith-s-thinly-cut-chips-sweet-chilli-sour-cream,https://cdn0.woolworths.media/content/wowproductimages/medium/528441.jpg,2020-09-21 17:27:05,,0,Was $3.29 10/10/16,True
90dd3415-0660-4030-bd46-c9b51d4c31bb,Woolworths Supermarket,Pantry,Ocean Spray Reduced Sugar Craisins 250g,528827,$6.00,$24.00 / 1KG,https://www.woolworths.com.au/shop/productdetails/528827/ocean-spray-reduced-sugar-craisins,https://cdn0.woolworths.media/content/wowproductimages/medium/528827.jpg,2020-09-21 17:27:05,,0,,True
4f225fec-33b0-4ffa-a0d9-5eaa5d4871bf,Woolworths Supermarket,Pantry,Hellmann's Mayo Squeeze 400g,529030,$6.20,$1.55 / 100G,https://www.woolworths.com.au/shop/productdetails/529030/hellmann-s-mayo-squeeze,https://cdn0.woolworths.media/content/wowproductimages/medium/529030.jpg,2020-09-21 17:27:05,,0,,True
984ae5fc-5692-4318-af59-9e4cec2d4767,Woolworths Supermarket,Pantry,Barilla Pasta Sauce Red Wine & Garlic 400g,529632,$2.00,$0.50 / 100G,https://www.woolworths.com.au/shop/productdetails/529632/barilla-pasta-sauce-red-wine-garlic,https://cdn0.woolworths.media/content/wowproductimages/medium/529632.jpg,2020-09-21 17:27:05,,0,,True
cbf863ef-e251-40a2-b6ac-536e30caf2d6,Woolworths Supermarket,Pantry,Kinder Bueno White 39g,532344,$1.00,$2.56 / 100G,https://www.woolworths.com.au/shop/productdetails/532344/kinder-bueno-white,https://cdn0.woolworths.media/content/wowproductimages/medium/532344.jpg,2020-09-21 17:27:05,,0,,True
9f7e8f9f-8c50-4c6f-9b91-a686f12d2ed9,Woolworths Supermarket,Pantry,Kellogg's Corn Flakes Breakfast Cereal Value Pack 920g,532675,$5.50,$0.60 / 100G,https://www.woolworths.com.au/shop/productdetails/532675/kellogg-s-corn-flakes-breakfast-cereal-value-pack,https://cdn0.woolworths.media/content/wowproductimages/medium/532675.jpg,2020-09-21 17:27:05,,0,,True
88b547b0-730a-45d1-a53e-cafa17f220a6,Woolworths Supermarket,Pantry,Kellogg's Corn Flakes Breakfast Cereal 450g,532770,$4.40,$0.98 / 100G,https://www.woolworths.com.au/shop/productdetails/532770/kellogg-s-corn-flakes-breakfast-cereal,https://cdn0.woolworths.media/content/wowproductimages/medium/532770.jpg,2020-09-21 17:27:05,,0,,True
1110dd85-b55f-477d-8a41-94dfb67eae6e,Woolworths Supermarket,Pantry,Masterfoods Barbecue Sauce 500ml,099696,$2.50,$0.50 / 100ML,https://www.woolworths.com.au/shop/productdetails/99696/masterfoods-barbecue-sauce,https://cdn0.woolworths.media/content/wowproductimages/medium/099696.jpg,2020-09-21 17:27:05,,0,,True
861ea795-14c7-4647-b857-86cca049ced1,Woolworths Supermarket,Pantry,Doritos Share Pack Cheese Supreme 170g,826731,$2.75,$1.62 / 100G,https://www.woolworths.com.au/shop/productdetails/826731/doritos-share-pack-cheese-supreme,https://cdn0.woolworths.media/content/wowproductimages/medium/826731.jpg,2020-09-21 17:27:05,,0,,True
90557cfb-efe1-4e7a-a269-ca497d3b1fe6,Woolworths Supermarket,Pantry,Arnott's Shortbread 250g,008838,$2.50,$1.00 / 100G,https://www.woolworths.com.au/shop/productdetails/8838/arnott-s-shortbread,https://cdn0.woolworths.media/content/wowproductimages/medium/008838.jpg,2020-09-21 17:27:05,,0,,True
219e2220-d90c-412c-8c45-d442849f2cb5,Woolworths Supermarket,Pantry,Twisties Cheese Chips 90g,081659,$2.00,$2.22 / 100G,https://www.woolworths.com.au/shop/productdetails/81659/twisties-cheese-chips,https://cdn0.woolworths.media/content/wowproductimages/medium/081659.jpg,2020-09-21 17:27:05,,0,,True
02c6946c-492a-4b66-a7f7-a1abf6859c70,Woolworths Supermarket,Pantry,Bertolli Extra Virgin Olive Oil Originale 750ml,502951,$6.50,$0.87 / 100ML,https://www.woolworths.com.au/shop/productdetails/502951/bertolli-extra-virgin-olive-oil-originale,https://cdn0.woolworths.media/content/wowproductimages/medium/502951.jpg,2020-09-21 17:27:05,,0,,True
181e7f56-c909-4b06-82fd-b9df067a06bc,Woolworths Supermarket,Pantry,Valcom Canned Bamboo Shoots Sliced 225g,097730,$1.10,$4.89 / 1KG,https://www.woolworths.com.au/shop/productdetails/97730/valcom-canned-bamboo-shoots-sliced,https://cdn0.woolworths.media/content/wowproductimages/medium/097730.jpg,2020-09-21 17:27:05,,0,,True
fa6c0dae-c68c-4c34-8bf4-03868352ca28,Woolworths Supermarket,Pantry,Kellogg's Nutri-grain Protein Breakfast Cereal 290g,701706,$4.95,$1.71 / 100G,https://www.woolworths.com.au/shop/productdetails/701706/kellogg-s-nutri-grain-protein-breakfast-cereal,https://cdn0.woolworths.media/content/wowproductimages/medium/701706.jpg,2020-09-21 17:27:05,,0,,True
f14ff428-b5bb-45f3-924c-9c2f0fb2b58a,Woolworths Supermarket,Pantry,Arnott's Malt O' Milk 250g,036036,$2.50,$1.00 / 100G,https://www.woolworths.com.au/shop/productdetails/36036/arnott-s-malt-o-milk,https://cdn0.woolworths.media/content/wowproductimages/medium/036036.jpg,2020-09-21 17:27:05,,0,,True
775d8587-b420-42a0-9f20-d7cff8a689f3,Woolworths Supermarket,Pantry,Smith's Share Pack Crinkle Cut Salt & Vinegar 170g,826738,$2.75,$1.62 / 100G,https://www.woolworths.com.au/shop/productdetails/826738/smith-s-share-pack-crinkle-cut-salt-vinegar,https://cdn0.woolworths.media/content/wowproductimages/medium/826738.jpg,2020-09-21 17:27:05,,0,,True
9cc22313-60ef-4793-85ef-c57145c6b4a7,Woolworths Supermarket,Pantry,Arnott's Snack Right Sultana 250g,182697,$3.00,$1.20 / 100G,https://www.woolworths.com.au/shop/productdetails/182697/arnott-s-snack-right-sultana,https://cdn0.woolworths.media/content/wowproductimages/medium/182697.jpg,2020-09-21 17:27:05,,0,Was $4.20 11/02/2019,True
bb6909e7-95d4-47ec-9e0b-736954212cb9,Woolworths Supermarket,Pantry,Toblerone Milk Chocolate Bar 50g,047011,$1.00,$2.00 / 100G,https://www.woolworths.com.au/shop/productdetails/47011/toblerone-milk-chocolate-bar,https://cdn0.woolworths.media/content/wowproductimages/medium/047011.jpg,2020-09-21 17:27:05,,0,,True
6fb5ee14-619c-4042-b24c-d8be9bc2b36b,Woolworths Supermarket,Pantry,Kooka's Country Cookies Lemon 200g,347837,$2.00,$1.00 / 100G,https://www.woolworths.com.au/shop/productdetails/347837/kooka-s-country-cookies-lemon,https://cdn0.woolworths.media/content/wowproductimages/medium/347837.jpg,2020-09-21 17:27:05,,0,,True
118ab1f6-d37e-4c6e-a66b-6df93055c9b6,Woolworths Supermarket,Pantry,Uncle Tobys Roll-ups Strawberry Fun Prints 6 pack,324231,$4.00,$4.26 / 100G,https://www.woolworths.com.au/shop/productdetails/324231/uncle-tobys-roll-ups-strawberry-fun-prints,https://cdn0.woolworths.media/content/wowproductimages/medium/324231.jpg,2020-09-21 17:27:05,,0,,True
71e183df-b204-4891-9e3e-bda48cbe3a94,Woolworths Supermarket,Pantry,Woolworths Corn Sweet Kernels 420g,218926,$1.00,$2.38 / 1KG,https://www.woolworths.com.au/shop/productdetails/218926/woolworths-corn-sweet-kernels,https://cdn0.woolworths.media/content/wowproductimages/medium/218926.jpg,2020-09-21 17:27:05,Average product rating out of 5: 4.1. Product score is based on 215 ratings,215,,True
d8cb46fd-7202-47f0-89e0-fe7f959d6ff1,Woolworths Supermarket,Pantry,Moccona Freeze Dried Instant Coffee Classic Medium Roast 400g,208575,$24.00,$6.00 / 100G,https://www.woolworths.com.au/shop/productdetails/208575/moccona-freeze-dried-instant-coffee-classic-medium-roast,https://cdn0.woolworths.media/content/wowproductimages/medium/208575.jpg,2020-09-21 17:27:05,,0,,True
5b894c27-49ca-439e-9020-a00257130b2f,Woolworths Supermarket,Pantry,Macro Organic Quinoa Tri Colour 500g,717631,$7.00,$1.40 / 100G,https://www.woolworths.com.au/shop/productdetails/717631/macro-organic-quinoa-tri-colour,https://cdn0.woolworths.media/content/wowproductimages/medium/717631.jpg,2020-09-21 17:27:05,Average product rating out of 5: 4.6. Product score is based on 274 ratings,274,Was $9.99 09/01/2017,True
45e99ed8-ef63-4e53-9123-eee9bb0a7fa4,Woolworths Supermarket,Pantry,Arnott's Shapes Cheddar 175g,384244,$2.50,$1.43 / 100G,https://www.woolworths.com.au/shop/productdetails/384244/arnott-s-shapes-cheddar,https://cdn0.woolworths.media/content/wowproductimages/medium/384244.jpg,2020-09-21 17:27:05,,0,,True
3f5bd22a-30ff-4339-b4c4-2f4275bc1f31,Woolworths Supermarket,Pantry,Uncle Ben's Microwave Mexican Style Brown Rice 250g,727257,$3.00,$1.20 / 100G,https://www.woolworths.com.au/shop/productdetails/727257/uncle-ben-s-microwave-mexican-style-brown-rice,https://cdn0.woolworths.media/content/wowproductimages/medium/727257.jpg,2020-09-21 17:27:05,,0,,True
ed6b4aea-fd0f-46b5-bb62-314ced5a1e60,Woolworths Supermarket,Pantry,Pringles Sour Cream And Onion Chips 134g,479502,$2.50,$1.87 / 100G,https://www.woolworths.com.au/shop/productdetails/479502/pringles-sour-cream-and-onion-chips,https://cdn0.woolworths.media/content/wowproductimages/medium/479502.jpg,2020-09-21 17:27:05,,0,,True
7d96e38f-a5e7-463e-a2cb-42fc8d4c2368,Woolworths Supermarket,Pantry,Tasti Smooshed Brazen Berry 6 Wholefood Balls 69g,534185,$3.30,$4.78 / 100G,https://www.woolworths.com.au/shop/productdetails/534185/tasti-smooshed-brazen-berry-6-wholefood-balls,https://cdn0.woolworths.media/content/wowproductimages/medium/534185.jpg,2020-09-21 17:27:05,Average product rating out of 5: 4.6. Product score is based on 19 ratings,19,,True
0099c3b4-d880-444b-ac81-ec83b7c20948,Woolworths Supermarket,Pantry,Natvia 100% Natural Sweetener 300g,534207,$6.50,$2.17 / 100G,https://www.woolworths.com.au/shop/productdetails/534207/natvia-100-natural-sweetener,https://cdn0.woolworths.media/content/wowproductimages/medium/534207.jpg,2020-09-21 17:27:05,,0,,True
c8813834-8245-4fb0-87d6-9c8c9f5b7dd3,Woolworths Supermarket,Pantry,Woolworths Whole Green Olives 450g,534878,$2.00,$0.44 / 100G,https://www.woolworths.com.au/shop/productdetails/534878/woolworths-whole-green-olives,https://cdn0.woolworths.media/content/wowproductimages/medium/534878.jpg,2020-09-21 17:27:05,,0,,True
1ed1ed90-cf57-40a0-b9f8-76163358d745,Woolworths Supermarket,Pantry,Woolworths Apple In Pineapple Jelly 4pk 480g,535524,$2.20,$4.58 / 1KG,https://www.woolworths.com.au/shop/productdetails/535524/woolworths-apple-in-pineapple-jelly,https://cdn0.woolworths.media/content/wowproductimages/medium/535524.jpg,2020-09-21 17:27:05,Average product rating out of 5: 3.6. Product score is based on 48 ratings,48,Was $3.49 08/08/16,True
250ce0a4-6a04-4411-a674-e17988ddbd51,Woolworths Supermarket,Pantry,Woolworths Canned Shredded Chicken Peri Peri 85g,535603,$1.29,$15.18 / 1KG,https://www.woolworths.com.au/shop/productdetails/535603/woolworths-canned-shredded-chicken-peri-peri,https://cdn0.woolworths.media/content/wowproductimages/medium/535603.jpg,2020-09-21 17:27:05,,0,,True
3557df06-a745-4696-bcae-492419dc4a6a,Woolworths Supermarket,Pantry,Woolworths Wholemeal Plain Flour 1kg,535605,$2.00,$2.00 / 1KG,https://www.woolworths.com.au/shop/productdetails/535605/woolworths-wholemeal-plain-flour,https://cdn0.woolworths.media/content/wowproductimages/medium/535605.jpg,2020-09-21 17:27:05,Average product rating out of 5: 4.6. Product score is based on 523 ratings,523,,True
7edad34c-8daf-4295-a780-deb764aea8fc,Woolworths Supermarket,Pantry,Woolworths Wholemeal Self Raising Flour 1kg,535606,$2.00,$2.00 / 1KG,https://www.woolworths.com.au/shop/productdetails/535606/woolworths-wholemeal-self-raising-flour,https://cdn0.woolworths.media/content/wowproductimages/medium/535606.jpg,2020-09-21 17:27:05,Average product rating out of 5: 4.7. Product score is based on 645 ratings,645,,True
07924368-0bfd-4e39-8bca-527dffefeb57,Woolworths Supermarket,Pantry,Heinz Seriously Good Aioli Garlic Lover Squeezy Bottle 295ml,535642,$4.00,$1.36 / 100ML,https://www.woolworths.com.au/shop/productdetails/535642/heinz-seriously-good-aioli-garlic-lover-squeezy-bottle,https://cdn0.woolworths.media/content/wowproductimages/medium/535642.jpg,2020-09-21 17:27:05,,0,,True
519b91ff-7d69-410d-9b09-60d1eba19aff,Woolworths Supermarket,Pantry,Fibre One Chocolate Fudge Brownies 5 pack,536100,$5.50,$4.58 / 100G,https://www.woolworths.com.au/shop/productdetails/536100/fibre-one-chocolate-fudge-brownies,https://cdn0.woolworths.media/content/wowproductimages/medium/536100.jpg,2020-09-21 17:27:05,,0,,True
74640ab9-77e9-405c-aba0-c48d4ec69547,Woolworths Supermarket,Pantry,Three Threes Peppered Pickled Onions 500g,540885,$4.00,$8.00 / 1KG,https://www.woolworths.com.au/shop/productdetails/540885/three-threes-peppered-pickled-onions,https://cdn0.woolworths.media/content/wowproductimages/medium/540885.jpg,2020-09-21 17:27:05,,0,,True
261a4784-b946-4209-ab61-80499a04029c,Woolworths Supermarket,Pantry,John West Street Asian Tuna Malaysian Curry 95g,541542,$1.15,$12.11 / 1KG,https://www.woolworths.com.au/shop/productdetails/541542/john-west-street-asian-tuna-malaysian-curry,https://cdn0.woolworths.media/content/wowproductimages/medium/541542.jpg,2020-09-21 17:27:05,,0,,True
1b3ee089-d4ab-4b5d-ae4c-8c5f4d9594a2,Woolworths Supermarket,Pantry,San Remo Cannelloni 250g,543758,$2.50,$1.00 / 100G,https://www.woolworths.com.au/shop/productdetails/543758/san-remo-cannelloni,https://cdn0.woolworths.media/content/wowproductimages/medium/543758.jpg,2020-09-21 17:27:05,,0,,True
c1262281-ce07-485e-be8b-a7895c31d7b6,Woolworths Supermarket,Pantry,Gullon No Added Sugar Choc Twin Biscuits 147g,544980,$3.00,$2.04 / 100G,https://www.woolworths.com.au/shop/productdetails/544980/gullon-no-added-sugar-choc-twin-biscuits,https://cdn0.woolworths.media/content/wowproductimages/medium/544980.jpg,2020-09-21 17:27:05,Average product rating out of 5: 4.9. Product score is based on 11 ratings,11,,True
0f2d37ff-9ba6-4c35-8aa5-655915f20c9a,Woolworths Supermarket,Pantry,Woolworths Choccy Slams 200g,545457,$1.65,$0.83 / 100G,https://www.woolworths.com.au/shop/productdetails/545457/woolworths-choccy-slams,https://cdn0.woolworths.media/content/wowproductimages/medium/545457.jpg,2020-09-21 17:27:05,Average product rating out of 5: 3.7. Product score is based on 632 ratings,632,,True
25c043b8-f264-4996-abb4-80bfa35b3ad7,Woolworths Supermarket,Pantry,John West Sardines Lemon Garlic & Chilli 110g,549096,$2.80,$25.45 / 1KG,https://www.woolworths.com.au/shop/productdetails/549096/john-west-sardines-lemon-garlic-chilli,https://cdn0.woolworths.media/content/wowproductimages/medium/549096.jpg,2020-09-21 17:27:05,,0,,True
dbe789e6-e5e2-4515-bbb5-c4ecbf2c156d,Woolworths Supermarket,Pantry,John West Sardines Sea Salt & Rosemary 110g,549132,$2.80,$25.45 / 1KG,https://www.woolworths.com.au/shop/productdetails/549132/john-west-sardines-sea-salt-rosemary,https://cdn0.woolworths.media/content/wowproductimages/medium/549132.jpg,2020-09-21 17:27:05,,0,,True
d947967c-a593-42a0-8d43-3d7ef660aae0,Woolworths Supermarket,Pantry,Nescafe Coffee Sachets Cappucino 26pk,549559,$11.00,$0.42 / 1EA,https://www.woolworths.com.au/shop/productdetails/549559/nescafe-coffee-sachets-cappucino,https://cdn0.woolworths.media/content/wowproductimages/medium/549559.jpg,2020-09-21 17:27:05,,0,,True
971c1a5c-987d-4dca-a42a-830a8a34726a,Woolworths Supermarket,Pantry,Nescafe Coffee Sachets Mocha 26pk,549621,$11.00,$0.42 / 1EA,https://www.woolworths.com.au/shop/productdetails/549621/nescafe-coffee-sachets-mocha,https://cdn0.woolworths.media/content/wowproductimages/medium/549621.jpg,2020-09-21 17:27:05,,0,,True
dc350d43-feea-41b2-9d2a-7e636b1f22a2,Woolworths Supermarket,Pantry,Nescafe Coffee Sachets Strong 26pk,549624,$11.00,$0.42 / 1EA,https://www.woolworths.com.au/shop/productdetails/549624/nescafe-coffee-sachets-strong,https://cdn0.woolworths.media/content/wowproductimages/medium/549624.jpg,2020-09-21 17:27:05,,0,,True
3de354e7-0d74-48ef-8824-681fcd899e0d,Woolworths Supermarket,Pantry,Nescafe Coffee Sachets Skim Cappucino 26pk,549626,$11.00,$0.42 / 1EA,https://www.woolworths.com.au/shop/productdetails/549626/nescafe-coffee-sachets-skim-cappucino,https://cdn0.woolworths.media/content/wowproductimages/medium/549626.jpg,2020-09-21 17:27:05,,0,,True
1b0083c5-6e6a-4047-8207-20b49aafdc4c,Woolworths Supermarket,Pantry,Mccormicks Produce Partner Italian Herb Potatoes 40g,550385,$1.50,$3.75 / 100G,https://www.woolworths.com.au/shop/productdetails/550385/mccormicks-produce-partner-italian-herb-potatoes,https://cdn0.woolworths.media/content/wowproductimages/medium/550385.jpg,2020-09-21 17:27:05,,0,,True
6b959295-3a17-4287-9244-c868587d2955,Woolworths Supermarket,Pantry,Lavazza Deciso Coffee Capsules 10 pack,551867,$6.00,$0.60 / 1EA,https://www.woolworths.com.au/shop/productdetails/551867/lavazza-deciso-coffee-capsules,https://cdn0.woolworths.media/content/wowproductimages/medium/551867.jpg,2020-09-21 17:27:05,,0,,True
510d9241-c137-4d5c-99f7-73018ec7c6c0,Woolworths Supermarket,Pantry,Lavazza Prontissimo! Intenso Premium Instant Coffee 95g,551886,$10.00,$10.53 / 100G,https://www.woolworths.com.au/shop/productdetails/551886/lavazza-prontissimo-intenso-premium-instant-coffee,https://cdn0.woolworths.media/content/wowproductimages/medium/551886.jpg,2020-09-21 17:27:05,,0,,True
7513452f-40f2-41fd-a826-ba9bd04dedfa,Woolworths Supermarket,Pantry,Woolworths Brown Rice Microwave Cups 2 pack,552488,$2.00,$0.80 / 100G,https://www.woolworths.com.au/shop/productdetails/552488/woolworths-brown-rice-microwave-cups,https://cdn0.woolworths.media/content/wowproductimages/medium/552488.jpg,2020-09-21 17:27:05,Average product rating out of 5: 4.1. Product score is based on 866 ratings,866,,True
d7de7681-97cc-43a2-a352-91a0a3d1eae4,Woolworths Supermarket,Pantry,Masterfoods Barbecue Sauce 500ml,099696,$2.50,$0.50 / 100ML,https://www.woolworths.com.au/shop/productdetails/99696/masterfoods-barbecue-sauce,https://cdn0.woolworths.media/content/wowproductimages/medium/099696.jpg,2020-09-21 17:27:05,,0,,True
b856b6de-b1b3-40da-b4cc-610ddb31755c,Woolworths Supermarket,Pantry,Doritos Share Pack Cheese Supreme 170g,826731,$2.75,$1.62 / 100G,https://www.woolworths.com.au/shop/productdetails/826731/doritos-share-pack-cheese-supreme,https://cdn0.woolworths.media/content/wowproductimages/medium/826731.jpg,2020-09-21 17:27:05,,0,,True
4a0fcc95-d625-4374-bd29-c9ad3cad60bb,Woolworths Supermarket,Pantry,Arnott's Shortbread 250g,008838,$2.50,$1.00 / 100G,https://www.woolworths.com.au/shop/productdetails/8838/arnott-s-shortbread,https://cdn0.woolworths.media/content/wowproductimages/medium/008838.jpg,2020-09-21 17:27:05,,0,,True
c92d0c29-9015-42a2-a659-7424718ac1a3,Woolworths Supermarket,Pantry,Twisties Cheese Chips 90g,081659,$2.00,$2.22 / 100G,https://www.woolworths.com.au/shop/productdetails/81659/twisties-cheese-chips,https://cdn0.woolworths.media/content/wowproductimages/medium/081659.jpg,2020-09-21 17:27:05,,0,,True
a6713d2d-3c8f-48ef-a3bf-6d90428eb0ac,Woolworths Supermarket,Pantry,Bertolli Extra Virgin Olive Oil Originale 750ml,502951,$6.50,$0.87 / 100ML,https://www.woolworths.com.au/shop/productdetails/502951/bertolli-extra-virgin-olive-oil-originale,https://cdn0.woolworths.media/content/wowproductimages/medium/502951.jpg,2020-09-21 17:27:05,,0,,True
ce2eea72-d2f0-47c4-a757-fd2475e9f833,Woolworths Supermarket,Pantry,Valcom Canned Bamboo Shoots Sliced 225g,097730,$1.10,$4.89 / 1KG,https://www.woolworths.com.au/shop/productdetails/97730/valcom-canned-bamboo-shoots-sliced,https://cdn0.woolworths.media/content/wowproductimages/medium/097730.jpg,2020-09-21 17:27:05,,0,,True
a1225288-43b0-4593-adb3-b544c44a2199,Woolworths Supermarket,Pantry,Kellogg's Nutri-grain Protein Breakfast Cereal 290g,701706,$4.95,$1.71 / 100G,https://www.woolworths.com.au/shop/productdetails/701706/kellogg-s-nutri-grain-protein-breakfast-cereal,https://cdn0.woolworths.media/content/wowproductimages/medium/701706.jpg,2020-09-21 17:27:05,,0,,True
d9c54b93-11e3-422d-b3c5-7d75306000c1,Woolworths Supermarket,Pantry,Arnott's Malt O' Milk 250g,036036,$2.50,$1.00 / 100G,https://www.woolworths.com.au/shop/productdetails/36036/arnott-s-malt-o-milk,https://cdn0.woolworths.media/content/wowproductimages/medium/036036.jpg,2020-09-21 17:27:05,,0,,True
19822183-7c2d-4d3b-b4b0-5a5ceb9c62c0,Woolworths Supermarket,Pantry,Smith's Share Pack Crinkle Cut Salt & Vinegar 170g,826738,$2.75,$1.62 / 100G,https://www.woolworths.com.au/shop/productdetails/826738/smith-s-share-pack-crinkle-cut-salt-vinegar,https://cdn0.woolworths.media/content/wowproductimages/medium/826738.jpg,2020-09-21 17:27:05,,0,,True
2662c296-2d27-4dab-aa2c-cc95ebd7b7e3,Woolworths Supermarket,Pantry,Arnott's Snack Right Sultana 250g,182697,$3.00,$1.20 / 100G,https://www.woolworths.com.au/shop/productdetails/182697/arnott-s-snack-right-sultana,https://cdn0.woolworths.media/content/wowproductimages/medium/182697.jpg,2020-09-21 17:27:05,,0,Was $4.20 11/02/2019,True
86e23678-ba95-4392-8708-f83941e08a4c,Woolworths Supermarket,Pantry,Toblerone Milk Chocolate Bar 50g,047011,$1.00,$2.00 / 100G,https://www.woolworths.com.au/shop/productdetails/47011/toblerone-milk-chocolate-bar,https://cdn0.woolworths.media/content/wowproductimages/medium/047011.jpg,2020-09-21 17:27:05,,0,,True
a54e9cc9-0835-4cbc-b380-ef7bc272a194,Woolworths Supermarket,Pantry,Kooka's Country Cookies Lemon 200g,347837,$2.00,$1.00 / 100G,https://www.woolworths.com.au/shop/productdetails/347837/kooka-s-country-cookies-lemon,https://cdn0.woolworths.media/content/wowproductimages/medium/347837.jpg,2020-09-21 17:27:05,,0,,True
32006c47-011c-4ce5-8994-85ca6673961f,Woolworths Supermarket,Pantry,Uncle Tobys Roll-ups Strawberry Fun Prints 6 pack,324231,$4.00,$4.26 / 100G,https://www.woolworths.com.au/shop/productdetails/324231/uncle-tobys-roll-ups-strawberry-fun-prints,https://cdn0.woolworths.media/content/wowproductimages/medium/324231.jpg,2020-09-21 17:27:05,,0,,True
b419c0c3-a346-4b78-bdd4-95f8d312faf3,Woolworths Supermarket,Pantry,Woolworths Corn Sweet Kernels 420g,218926,$1.00,$2.38 / 1KG,https://www.woolworths.com.au/shop/productdetails/218926/woolworths-corn-sweet-kernels,https://cdn0.woolworths.media/content/wowproductimages/medium/218926.jpg,2020-09-21 17:27:05,Average product rating out of 5: 4.1. Product score is based on 215 ratings,215,,True
e02573f5-19cd-43a6-802e-1a7246daa1f5,Woolworths Supermarket,Pantry,Moccona Freeze Dried Instant Coffee Classic Medium Roast 400g,208575,$24.00,$6.00 / 100G,https://www.woolworths.com.au/shop/productdetails/208575/moccona-freeze-dried-instant-coffee-classic-medium-roast,https://cdn0.woolworths.media/content/wowproductimages/medium/208575.jpg,2020-09-21 17:27:05,,0,,True
73dae8e4-b51e-4f92-8c3f-59bcfc849b88,Woolworths Supermarket,Pantry,Macro Organic Quinoa Tri Colour 500g,717631,$7.00,$1.40 / 100G,https://www.woolworths.com.au/shop/productdetails/717631/macro-organic-quinoa-tri-colour,https://cdn0.woolworths.media/content/wowproductimages/medium/717631.jpg,2020-09-21 17:27:05,Average product rating out of 5: 4.6. Product score is based on 274 ratings,274,Was $9.99 09/01/2017,True
8f0fada1-00ec-46c0-be8a-1a5118be8841,Woolworths Supermarket,Pantry,Arnott's Shapes Cheddar 175g,384244,$2.50,$1.43 / 100G,https://www.woolworths.com.au/shop/productdetails/384244/arnott-s-shapes-cheddar,https://cdn0.woolworths.media/content/wowproductimages/medium/384244.jpg,2020-09-21 17:27:05,,0,,True
b9dea71b-ef19-4078-b7be-1ec0bc7dd7d3,Woolworths Supermarket,Pantry,Uncle Ben's Microwave Mexican Style Brown Rice 250g,727257,$3.00,$1.20 / 100G,https://www.woolworths.com.au/shop/productdetails/727257/uncle-ben-s-microwave-mexican-style-brown-rice,https://cdn0.woolworths.media/content/wowproductimages/medium/727257.jpg,2020-09-21 17:27:05,,0,,True
869b9bce-4f67-4516-9f26-3fef719a6dda,Woolworths Supermarket,Pantry,Pringles Sour Cream And Onion Chips 134g,479502,$2.50,$1.87 / 100G,https://www.woolworths.com.au/shop/productdetails/479502/pringles-sour-cream-and-onion-chips,https://cdn0.woolworths.media/content/wowproductimages/medium/479502.jpg,2020-09-21 17:27:05,,0,,True
29a1f7c3-94f2-4a68-b6fc-8d96b36ea396,Woolworths Supermarket,Pantry,Woolworths Long Grain Rice Microwave Cups 2 pack,552489,$2.00,$0.80 / 100G,https://www.woolworths.com.au/shop/productdetails/552489/woolworths-long-grain-rice-microwave-cups,https://cdn0.woolworths.media/content/wowproductimages/medium/552489.jpg,2020-09-21 17:27:05,Average product rating out of 5: 3.4. Product score is based on 752 ratings,752,,True
f59d4d1d-a1ca-41e8-abc4-be6a8ab22d9f,Woolworths Supermarket,Pantry,Passage To Thailand Massaman Curry Simmer Sauce 200g,552563,$2.50,$1.25 / 100G,https://www.woolworths.com.au/shop/productdetails/552563/passage-to-thailand-massaman-curry-simmer-sauce,https://cdn0.woolworths.media/content/wowproductimages/medium/552563.jpg,2020-09-21 17:27:05,,0,Was $2.99 22/08/2016,True
bbbe9e70-d3bd-40a8-874e-c0311fa46b2c,Woolworths Supermarket,Pantry,Macro Organic Smooth Peanut Butter 375g,553057,$5.00,$1.33 / 100G,https://www.woolworths.com.au/shop/productdetails/553057/macro-organic-smooth-peanut-butter,https://cdn0.woolworths.media/content/wowproductimages/medium/553057.jpg,2020-09-21 17:27:05,,0,,True
2bc0ce09-e0fa-456b-8fde-5e513ca7aa74,Woolworths Supermarket,Pantry,Macro Organic Crunchy Peanut Butter 375g,553058,$5.00,$1.33 / 100G,https://www.woolworths.com.au/shop/productdetails/553058/macro-organic-crunchy-peanut-butter,https://cdn0.woolworths.media/content/wowproductimages/medium/553058.jpg,2020-09-21 17:27:05,,0,,True
0a67204a-c668-4a2b-adf5-3d109bc026eb,Woolworths Supermarket,Pantry,Lavazza A Modo Mio Delizioso Coffee Capsules 16 pack,554677,$11.00,$0.69 / 1EA,https://www.woolworths.com.au/shop/productdetails/554677/lavazza-a-modo-mio-delizioso-coffee-capsules,https://cdn0.woolworths.media/content/wowproductimages/medium/554677.jpg,2020-09-21 17:27:05,,0,,True
adc77bd4-a41b-40cf-bbd7-113ac7310e9a,Woolworths Supermarket,Pantry,Lavazza A Modo Mio Passionale Coffee Capsules 16 pack,554892,$11.00,$0.69 / 1EA,https://www.woolworths.com.au/shop/productdetails/554892/lavazza-a-modo-mio-passionale-coffee-capsules,https://cdn0.woolworths.media/content/wowproductimages/medium/554892.jpg,2020-09-21 17:27:05,,0,,True
acac88a7-be4c-4ec6-9e37-1302ca28d0cd,Woolworths Supermarket,Pantry,Gourmet Garden Lightly Dried Chives 4g,555398,$3.50,$8.75 / 10G,https://www.woolworths.com.au/shop/productdetails/555398/gourmet-garden-lightly-dried-chives,https://cdn0.woolworths.media/content/wowproductimages/medium/555398.jpg,2020-09-21 17:27:05,,0,,True
4c59295c-54d4-4742-b597-532d8de412aa,Woolworths Supermarket,Pantry,Woolworths English Breakfast Tea 50 pack,559267,$2.20,$0.04 / 1EA,https://www.woolworths.com.au/shop/productdetails/559267/woolworths-english-breakfast-tea,https://cdn0.woolworths.media/content/wowproductimages/medium/559267.jpg,2020-09-21 17:27:05,Average product rating out of 5: 4.1. Product score is based on 409 ratings,409,,True
f51bd544-cc7e-4816-8602-1e3699968053,Woolworths Supermarket,Pantry,Woolworths Pineapple Slices In Juice 425g,563001,$1.10,$2.59 / 1KG,https://www.woolworths.com.au/shop/productdetails/563001/woolworths-pineapple-slices-in-juice,https://cdn0.woolworths.media/content/wowproductimages/medium/563001.jpg,2020-09-21 17:27:05,Average product rating out of 5: 4.3. Product score is based on 394 ratings,394,,True
1b29eac0-5eca-4d74-b0e2-6de43f061e47,Woolworths Supermarket,Pantry,Birch & Waite Thai Lime & Coriander Dressing 250ml,563316,$5.00,$2.00 / 100ML,https://www.woolworths.com.au/shop/productdetails/563316/birch-waite-thai-lime-coriander-dressing,https://cdn0.woolworths.media/content/wowproductimages/medium/563316.jpg,2020-09-21 17:27:05,,0,,True
71afbc67-5441-4757-b02f-74801b44ded4,Woolworths Supermarket,Pantry,Woolworths Sweet Chilli Sauce 700ml,563932,$2.00,$0.29 / 100ML,https://www.woolworths.com.au/shop/productdetails/563932/woolworths-sweet-chilli-sauce,https://cdn0.woolworths.media/content/wowproductimages/medium/563932.jpg,2020-09-21 17:27:05,Average product rating out of 5: 4.0. Product score is based on 438 ratings,438,Was $2.50 15/01/2018,True
594ba8fc-96f8-4351-92d9-d3280b0ef115,Woolworths Supermarket,Pantry,Woolworths Wasabi Peas 175g,567599,$2.50,$14.29 / 1KG,https://www.woolworths.com.au/shop/productdetails/567599/woolworths-wasabi-peas,https://cdn0.woolworths.media/content/wowproductimages/medium/567599.jpg,2020-09-21 17:27:05,Average product rating out of 5: 3.5. Product score is based on 487 ratings,487,,True
a956cf71-773e-4378-a79c-28f4d981b036,Woolworths Supermarket,Pantry,Woolworths Garlic Aioli 250ml,567738,$1.95,$0.78 / 100ML,https://www.woolworths.com.au/shop/productdetails/567738/woolworths-garlic-aioli,https://cdn0.woolworths.media/content/wowproductimages/medium/567738.jpg,2020-09-21 17:27:05,Average product rating out of 5: 4.3. Product score is based on 352 ratings,352,,True
28ff4208-c08f-4fe4-96e9-52eabe4b0e9e,Woolworths Supermarket,Pantry,Harvest Rice Bran Oil 3l,569368,$8.50,$0.28 / 100ML,https://www.woolworths.com.au/shop/productdetails/569368/harvest-rice-bran-oil,https://cdn0.woolworths.media/content/wowproductimages/medium/569368.jpg,2020-09-21 17:27:05,,0,Was $16.00 23/10/2017,True
7d8a1dd8-704a-49db-94c1-522cc1268c6f,Woolworths Supermarket,Pantry,Woolworths Pineapple In Juice 4x125g,569807,$2.20,$4.40 / 1KG,https://www.woolworths.com.au/shop/productdetails/569807/woolworths-pineapple-in-juice,https://cdn0.woolworths.media/content/wowproductimages/medium/569807.jpg,2020-09-21 17:27:05,Average product rating out of 5: 3.7. Product score is based on 547 ratings,547,Was $2.50 09/07/2018,True
363b1ae8-f669-4c91-b8ae-b048e08395ea,Woolworths Supermarket,Pantry,Woolworths Peach Slices In Juice 695g,572473,$3.50,$5.04 / 1KG,https://www.woolworths.com.au/shop/productdetails/572473/woolworths-peach-slices-in-juice,https://cdn0.woolworths.media/content/wowproductimages/medium/572473.jpg,2020-09-21 17:27:05,Average product rating out of 5: 4.7. Product score is based on 220 ratings,220,,True
7ef03e6e-2a6f-4d51-b4d8-a309d4d783b0,Woolworths Supermarket,Pantry,Woolworths Two Fruits In Juice In Juice 695g,572474,$3.50,$5.04 / 1KG,https://www.woolworths.com.au/shop/productdetails/572474/woolworths-two-fruits-in-juice-in-juice,https://cdn0.woolworths.media/content/wowproductimages/medium/572474.jpg,2020-09-21 17:27:05,,0,,True
bf0108cd-8af4-4787-b465-7739a5ff27d0,Woolworths Supermarket,Pantry,Woolworths Fruit Salad In Juice 695g,572475,$3.50,$5.04 / 1KG,https://www.woolworths.com.au/shop/productdetails/572475/woolworths-fruit-salad-in-juice,https://cdn0.woolworths.media/content/wowproductimages/medium/572475.jpg,2020-09-21 17:27:05,Average product rating out of 5: 4.2. Product score is based on 336 ratings,336,,True
9fa6678e-0abc-45e8-96f0-520b4a3dfa7f,Woolworths Supermarket,Pantry,Woolworths Pear Slices In Juice 695g,572476,$3.50,$5.04 / 1KG,https://www.woolworths.com.au/shop/productdetails/572476/woolworths-pear-slices-in-juice,https://cdn0.woolworths.media/content/wowproductimages/medium/572476.jpg,2020-09-21 17:27:05,Average product rating out of 5: 4.2. Product score is based on 341 ratings,341,,True
e214c1bd-9553-4b93-a1d1-d6f07aceeece,Woolworths Supermarket,Pantry,Woolworths Chicken Bolognese With Spaghetti 305g,572973,$4.00,$1.31 / 100G,https://www.woolworths.com.au/shop/productdetails/572973/woolworths-chicken-bolognese-with-spaghetti,https://cdn0.woolworths.media/content/wowproductimages/medium/572973.jpg,2020-09-21 17:27:05,Average product rating out of 5: 2.6. Product score is based on 49 ratings,49,,True
52b0b0c9-d73a-4bb1-a853-adb85b6fdc22,Woolworths Supermarket,Pantry,Woolworths Sweet & Sour Chicken With Rice 350g,572974,$4.00,$1.14 / 100G,https://www.woolworths.com.au/shop/productdetails/572974/woolworths-sweet-sour-chicken-with-rice,https://cdn0.woolworths.media/content/wowproductimages/medium/572974.jpg,2020-09-21 17:27:05,Average product rating out of 5: 2.7. Product score is based on 42 ratings,42,,True
c00471af-e04a-44e6-8ada-32a6881e30d9,Woolworths Supermarket,Pantry,Kinder Surprise Chocolate Egg Blue 20g,573137,$2.20,$11.00 / 100G,https://www.woolworths.com.au/shop/productdetails/573137/kinder-surprise-chocolate-egg-blue,https://cdn0.woolworths.media/content/wowproductimages/medium/573137.jpg,2020-09-21 17:27:05,,0,,True
774235d2-c424-47c7-9a3f-c61456cb85eb,Woolworths Supermarket,Pantry,Only Organic Extra Virgin Coconut Oil 300g,573467,$4.40,$1.47 / 100G,https://www.woolworths.com.au/shop/productdetails/573467/only-organic-extra-virgin-coconut-oil,https://cdn0.woolworths.media/content/wowproductimages/medium/573467.jpg,2020-09-21 17:27:05,,0,Was $5.00 11/02/2019,True
7b380fc2-1434-4fd3-b895-ca85a2d64b71,Woolworths Supermarket,Pantry,Macro Lentil Corn Chips Tzatziki Gluten Free 175g,573472,$3.50,$2.00 / 100G,https://www.woolworths.com.au/shop/productdetails/573472/macro-lentil-corn-chips-tzatziki-gluten-free,https://cdn0.woolworths.media/content/wowproductimages/medium/573472.jpg,2020-09-21 17:27:05,Average product rating out of 5: 3.7. Product score is based on 85 ratings,85,Was $4.00 26/11/2018,True
1951f91e-f610-45c1-8b1d-801bb23dc508,Woolworths Supermarket,Pantry,Masterfoods Barbecue Sauce 500ml,099696,$2.50,$0.50 / 100ML,https://www.woolworths.com.au/shop/productdetails/99696/masterfoods-barbecue-sauce,https://cdn0.woolworths.media/content/wowproductimages/medium/099696.jpg,2020-09-21 17:27:05,,0,,True
ebb447e0-df12-48ec-bdbe-e95b11fe6821,Woolworths Supermarket,Pantry,Doritos Share Pack Cheese Supreme 170g,826731,$2.75,$1.62 / 100G,https://www.woolworths.com.au/shop/productdetails/826731/doritos-share-pack-cheese-supreme,https://cdn0.woolworths.media/content/wowproductimages/medium/826731.jpg,2020-09-21 17:27:05,,0,,True
51e17b87-fc70-430f-bd2b-584dc69f05a4,Woolworths Supermarket,Pantry,Arnott's Shortbread 250g,008838,$2.50,$1.00 / 100G,https://www.woolworths.com.au/shop/productdetails/8838/arnott-s-shortbread,https://cdn0.woolworths.media/content/wowproductimages/medium/008838.jpg,2020-09-21 17:27:05,,0,,True
e5fbe65c-346e-47b3-a803-852cd254e1d2,Woolworths Supermarket,Pantry,Twisties Cheese Chips 90g,081659,$2.00,$2.22 / 100G,https://www.woolworths.com.au/shop/productdetails/81659/twisties-cheese-chips,https://cdn0.woolworths.media/content/wowproductimages/medium/081659.jpg,2020-09-21 17:27:05,,0,,True
5c35fcb6-6b19-43d3-827c-85feb6d87fb0,Woolworths Supermarket,Pantry,Bertolli Extra Virgin Olive Oil Originale 750ml,502951,$6.50,$0.87 / 100ML,https://www.woolworths.com.au/shop/productdetails/502951/bertolli-extra-virgin-olive-oil-originale,https://cdn0.woolworths.media/content/wowproductimages/medium/502951.jpg,2020-09-21 17:27:05,,0,,True
e8156590-de2f-4d6b-92d0-ad5bdeb37f03,Woolworths Supermarket,Pantry,Valcom Canned Bamboo Shoots Sliced 225g,097730,$1.10,$4.89 / 1KG,https://www.woolworths.com.au/shop/productdetails/97730/valcom-canned-bamboo-shoots-sliced,https://cdn0.woolworths.media/content/wowproductimages/medium/097730.jpg,2020-09-21 17:27:05,,0,,True
30f747ea-1168-4c9e-b0d9-f20545f4fa5d,Woolworths Supermarket,Pantry,Kellogg's Nutri-grain Protein Breakfast Cereal 290g,701706,$4.95,$1.71 / 100G,https://www.woolworths.com.au/shop/productdetails/701706/kellogg-s-nutri-grain-protein-breakfast-cereal,https://cdn0.woolworths.media/content/wowproductimages/medium/701706.jpg,2020-09-21 17:27:05,,0,,True
c6a555ce-c2ab-47e3-9a86-6ab666b83800,Woolworths Supermarket,Pantry,Arnott's Malt O' Milk 250g,036036,$2.50,$1.00 / 100G,https://www.woolworths.com.au/shop/productdetails/36036/arnott-s-malt-o-milk,https://cdn0.woolworths.media/content/wowproductimages/medium/036036.jpg,2020-09-21 17:27:05,,0,,True
ebd3120a-661a-4b89-9c94-4a56da472de2,Woolworths Supermarket,Pantry,Smith's Share Pack Crinkle Cut Salt & Vinegar 170g,826738,$2.75,$1.62 / 100G,https://www.woolworths.com.au/shop/productdetails/826738/smith-s-share-pack-crinkle-cut-salt-vinegar,https://cdn0.woolworths.media/content/wowproductimages/medium/826738.jpg,2020-09-21 17:27:05,,0,,True
2c4bebd8-f319-4fa1-8d41-20fae23905c6,Woolworths Supermarket,Pantry,Arnott's Snack Right Sultana 250g,182697,$3.00,$1.20 / 100G,https://www.woolworths.com.au/shop/productdetails/182697/arnott-s-snack-right-sultana,https://cdn0.woolworths.media/content/wowproductimages/medium/182697.jpg,2020-09-21 17:27:05,,0,Was $4.20 11/02/2019,True
ae1a5499-8027-41e5-a2f6-7a4c5b98b1a3,Woolworths Supermarket,Pantry,Toblerone Milk Chocolate Bar 50g,047011,$1.00,$2.00 / 100G,https://www.woolworths.com.au/shop/productdetails/47011/toblerone-milk-chocolate-bar,https://cdn0.woolworths.media/content/wowproductimages/medium/047011.jpg,2020-09-21 17:27:05,,0,,True
45239cd0-996f-4593-9c55-5aa4cf2f3267,Woolworths Supermarket,Pantry,Kooka's Country Cookies Lemon 200g,347837,$2.00,$1.00 / 100G,https://www.woolworths.com.au/shop/productdetails/347837/kooka-s-country-cookies-lemon,https://cdn0.woolworths.media/content/wowproductimages/medium/347837.jpg,2020-09-21 17:27:05,,0,,True
d35a76e2-c454-43b2-ac8f-cd0183bf8ed8,Woolworths Supermarket,Pantry,Uncle Tobys Roll-ups Strawberry Fun Prints 6 pack,324231,$4.00,$4.26 / 100G,https://www.woolworths.com.au/shop/productdetails/324231/uncle-tobys-roll-ups-strawberry-fun-prints,https://cdn0.woolworths.media/content/wowproductimages/medium/324231.jpg,2020-09-21 17:27:05,,0,,True
e143febe-ef8e-4bfa-aec5-62d2c51e9ad1,Woolworths Supermarket,Pantry,Woolworths Corn Sweet Kernels 420g,218926,$1.00,$2.38 / 1KG,https://www.woolworths.com.au/shop/productdetails/218926/woolworths-corn-sweet-kernels,https://cdn0.woolworths.media/content/wowproductimages/medium/218926.jpg,2020-09-21 17:27:05,Average product rating out of 5: 4.1. Product score is based on 215 ratings,215,,True
7811cf26-690f-4fb9-bfd7-fb8bd2d5d502,Woolworths Supermarket,Pantry,Moccona Freeze Dried Instant Coffee Classic Medium Roast 400g,208575,$24.00,$6.00 / 100G,https://www.woolworths.com.au/shop/productdetails/208575/moccona-freeze-dried-instant-coffee-classic-medium-roast,https://cdn0.woolworths.media/content/wowproductimages/medium/208575.jpg,2020-09-21 17:27:05,,0,,True
e36a70a5-3005-44a0-be55-d37f672bf17d,Woolworths Supermarket,Pantry,Macro Organic Quinoa Tri Colour 500g,717631,$7.00,$1.40 / 100G,https://www.woolworths.com.au/shop/productdetails/717631/macro-organic-quinoa-tri-colour,https://cdn0.woolworths.media/content/wowproductimages/medium/717631.jpg,2020-09-21 17:27:05,Average product rating out of 5: 4.6. Product score is based on 274 ratings,274,Was $9.99 09/01/2017,True
e4345066-b80b-471a-8553-cac3c9adeba7,Woolworths Supermarket,Pantry,Arnott's Shapes Cheddar 175g,384244,$2.50,$1.43 / 100G,https://www.woolworths.com.au/shop/productdetails/384244/arnott-s-shapes-cheddar,https://cdn0.woolworths.media/content/wowproductimages/medium/384244.jpg,2020-09-21 17:27:05,,0,,True
575860f1-c432-45b4-bca6-4fa061a3c79e,Woolworths Supermarket,Pantry,Uncle Ben's Microwave Mexican Style Brown Rice 250g,727257,$3.00,$1.20 / 100G,https://www.woolworths.com.au/shop/productdetails/727257/uncle-ben-s-microwave-mexican-style-brown-rice,https://cdn0.woolworths.media/content/wowproductimages/medium/727257.jpg,2020-09-21 17:27:05,,0,,True
b53b153f-cfa6-476e-855c-b791df52e49c,Woolworths Supermarket,Pantry,Pringles Sour Cream And Onion Chips 134g,479502,$2.50,$1.87 / 100G,https://www.woolworths.com.au/shop/productdetails/479502/pringles-sour-cream-and-onion-chips,https://cdn0.woolworths.media/content/wowproductimages/medium/479502.jpg,2020-09-21 17:27:05,,0,,True
b95d4f0b-2da8-4e1c-afdd-f86e543e93a1,Woolworths Supermarket,Pantry,Macro Chickpea Corn Chips Spicy Tomato Salsa 175g,573473,$3.50,$2.00 / 100G,https://www.woolworths.com.au/shop/productdetails/573473/macro-chickpea-corn-chips-spicy-tomato-salsa,https://cdn0.woolworths.media/content/wowproductimages/medium/573473.jpg,2020-09-21 17:27:05,Average product rating out of 5: 3.9. Product score is based on 50 ratings,50,Was $4.00 26/11/2018,True
14e0ebcc-79a2-48e3-95ac-ff6a7019b9c6,Woolworths Supermarket,Pantry,Woolworths Salted Mixed Nut 375g,573505,$3.00,$8.00 / 1KG,https://www.woolworths.com.au/shop/productdetails/573505/woolworths-salted-mixed-nut,https://cdn0.woolworths.media/content/wowproductimages/medium/573505.jpg,2020-09-21 17:27:05,,0,,True
0f81ce1f-c024-45ab-9fc5-6a2c1b5b21ed,Woolworths Supermarket,Pantry,Woolworths Milk Chocolate Liquorice Bullets 270g,573766,$1.60,$0.59 / 100G,https://www.woolworths.com.au/shop/productdetails/573766/woolworths-milk-chocolate-liquorice-bullets,https://cdn0.woolworths.media/content/wowproductimages/medium/573766.jpg,2020-09-21 17:27:05,Average product rating out of 5: 4.1. Product score is based on 1700 ratings,1700,,True
4bb50377-a983-4761-9f03-8339691daf07,Woolworths Supermarket,Pantry,Arnott's Tim Tam Dark Family Pack 330g,574325,$3.60,$1.09 / 100G,https://www.woolworths.com.au/shop/productdetails/574325/arnott-s-tim-tam-dark-family-pack,https://cdn0.woolworths.media/content/wowproductimages/medium/574325.jpg,2020-09-21 17:27:05,,0,Was $4.19 01/08/16,True
c493ac3b-8c01-4574-8c5d-3df72e62df44,Woolworths Supermarket,Pantry,Arnott's Tim Tam Choc Mint 160g,574338,$3.65,$2.28 / 100G,https://www.woolworths.com.au/shop/productdetails/574338/arnott-s-tim-tam-choc-mint,https://cdn0.woolworths.media/content/wowproductimages/medium/574338.jpg,2020-09-21 17:27:05,,0,,True
949d36d8-ea3d-4e34-8dc0-df933bbe2dd8,Woolworths Supermarket,Pantry,Lindt Excellence Rich Dark Chocolate 78% Cocoa 100g block,574478,$2.70,$2.70 / 100G,https://www.woolworths.com.au/shop/productdetails/574478/lindt-excellence-rich-dark-chocolate-78-cocoa,https://cdn0.woolworths.media/content/wowproductimages/medium/574478.jpg,2020-09-21 17:27:05,,0,,True
57d5e1f3-f4cf-4f7a-90ea-2d5183031873,Woolworths Supermarket,Pantry,Lindt Excellence Milk Chocolate Seasalt & Caramel 100g block,574482,$3.00,$3.00 / 100G,https://www.woolworths.com.au/shop/productdetails/574482/lindt-excellence-milk-chocolate-seasalt-caramel,https://cdn0.woolworths.media/content/wowproductimages/medium/574482.jpg,2020-09-21 17:27:05,,0,,True
829fbdd4-6872-45b8-a158-d82b91b60de1,Woolworths Supermarket,Pantry,Saxa Pink Himalayan Cooking Salt 750g,574748,$2.99,$0.04 / 10G,https://www.woolworths.com.au/shop/productdetails/574748/saxa-pink-himalayan-cooking-salt,https://cdn0.woolworths.media/content/wowproductimages/medium/574748.jpg,2020-09-21 17:27:05,,0,,True
33748306-29ea-474b-b556-118391e09f37,Woolworths Supermarket,Pantry,Saxa Natural Pink Himalayan Table Salt 500g,574749,$5.00,$0.10 / 10G,https://www.woolworths.com.au/shop/productdetails/574749/saxa-natural-pink-himalayan-table-salt,https://cdn0.woolworths.media/content/wowproductimages/medium/574749.jpg,2020-09-21 17:27:05,,0,,True
ae77b426-33e9-4fec-b004-ccd87048a64a,Woolworths Supermarket,Pantry,Gravox Bearnaise Sauce Finishing Sauce 165g,574752,$2.00,$1.21 / 100G,https://www.woolworths.com.au/shop/productdetails/574752/gravox-bearnaise-sauce-finishing-sauce,https://cdn0.woolworths.media/content/wowproductimages/medium/574752.jpg,2020-09-21 17:27:05,,0,,True
e1b0216e-d601-4f9c-a8d0-4d9ae90b579f,Woolworths Supermarket,Pantry,Gravox Gravy Mix Pork 29g,574753,$1.10,$3.79 / 100G,https://www.woolworths.com.au/shop/productdetails/574753/gravox-gravy-mix-pork,https://cdn0.woolworths.media/content/wowproductimages/medium/574753.jpg,2020-09-21 17:27:05,,0,,True
cf36d2fb-51b0-4d55-8fbe-6a8004a1c2c0,Woolworths Supermarket,Pantry,Tetley Tagless Tea Bags 100 pack,574769,$3.30,$0.03 / 1EA,https://www.woolworths.com.au/shop/productdetails/574769/tetley-tagless-tea-bags,https://cdn0.woolworths.media/content/wowproductimages/medium/574769.jpg,2020-09-21 17:27:05,,0,Was $4.80 04/09/2017,True
75847226-78d8-4d23-aef2-b38444a59d2a,Woolworths Supermarket,Pantry,Tetley Tea Bags 100 pack,574821,$3.30,$0.03 / 1EA,https://www.woolworths.com.au/shop/productdetails/574821/tetley-tea-bags,https://cdn0.woolworths.media/content/wowproductimages/medium/574821.jpg,2020-09-21 17:27:05,,0,,True
d0d5f8ce-255d-4bf5-91ea-eb62cf741b05,Woolworths Supermarket,Pantry,Tetley Tagless Tea Bags 200 pack,574822,$6.00,$0.03 / 1EA,https://www.woolworths.com.au/shop/productdetails/574822/tetley-tagless-tea-bags,https://cdn0.woolworths.media/content/wowproductimages/medium/574822.jpg,2020-09-21 17:27:05,,0,Was $7.50 04/09/2017,True
7dd822d6-20f2-480c-9748-6d57a39e4b0e,Woolworths Supermarket,Pantry,Tetley Extra Strong Tea Bags 100 pack,574823,$4.00,$0.04 / 1EA,https://www.woolworths.com.au/shop/productdetails/574823/tetley-extra-strong-tea-bags,https://cdn0.woolworths.media/content/wowproductimages/medium/574823.jpg,2020-09-21 17:27:05,,0,Was $5.30 04/09/2017,True
76fc4ef4-473f-4812-8e12-eebc3585f5ab,Woolworths Supermarket,Pantry,Hoyt's Cinnamon Sticks 45g,574874,$5.09,$1.13 / 10G,https://www.woolworths.com.au/shop/productdetails/574874/hoyt-s-cinnamon-sticks,https://cdn0.woolworths.media/content/wowproductimages/medium/574874.jpg,2020-09-21 17:27:05,,0,,True
68d0a48f-e165-4971-9ea5-fe9806f5881e,Woolworths Supermarket,Pantry,Hoyt's Italian Herb Mix 140g,574876,$5.00,$0.36 / 10G,https://www.woolworths.com.au/shop/productdetails/574876/hoyt-s-italian-herb-mix,https://cdn0.woolworths.media/content/wowproductimages/medium/574876.jpg,2020-09-21 17:27:05,,0,,True
17648bff-81f9-4592-906b-a5ee4e304b94,Woolworths Supermarket,Pantry,Hoyt's Turmeric 140g,574896,$4.50,$0.32 / 10G,https://www.woolworths.com.au/shop/productdetails/574896/hoyt-s-turmeric,https://cdn0.woolworths.media/content/wowproductimages/medium/574896.jpg,2020-09-21 17:27:05,,0,,True
1066bdb5-a26b-42e3-aef4-5584843e531f,Woolworths Supermarket,Pantry,White Wings Cake In A Cup Double Chocolate 55g,575654,$2.00,$3.64 / 100G,https://www.woolworths.com.au/shop/productdetails/575654/white-wings-cake-in-a-cup-double-chocolate,https://cdn0.woolworths.media/content/wowproductimages/medium/575654.jpg,2020-09-21 17:27:05,,0,,True
e50cd119-e533-4dda-b733-1f5d70ceac01,Woolworths Supermarket,Pantry,White Wings Cake In A Cup Triple Choc Brownie 4pk 220g,575689,$5.00,$2.27 / 100G,https://www.woolworths.com.au/shop/productdetails/575689/white-wings-cake-in-a-cup-triple-choc-brownie,https://cdn0.woolworths.media/content/wowproductimages/medium/575689.jpg,2020-09-21 17:27:05,,0,,True
ce98d47f-9fb4-47ef-8b71-65675056e9ea,Woolworths Supermarket,Pantry,Green's Raspberry Crumble Slice 380g,575821,$3.20,$0.84 / 100G,https://www.woolworths.com.au/shop/productdetails/575821/green-s-raspberry-crumble-slice,https://cdn0.woolworths.media/content/wowproductimages/medium/575821.jpg,2020-09-21 17:27:05,,0,,True
065a8e15-aa0b-4f23-8ebc-3ef522758b67,Woolworths Supermarket,Pantry,Green's Brownie Mix Triple Chocolate Fudge 500g,575822,$3.20,$0.64 / 100G,https://www.woolworths.com.au/shop/productdetails/575822/green-s-brownie-mix-triple-chocolate-fudge,https://cdn0.woolworths.media/content/wowproductimages/medium/575822.jpg,2020-09-21 17:27:05,,0,,True
bd1081ba-ad1b-48de-abbc-a3c935610494,Woolworths Supermarket,Pantry,Twinings Morning Tea 100 pack,575832,$11.00,$0.11 / 1EA,https://www.woolworths.com.au/shop/productdetails/575832/twinings-morning-tea,https://cdn0.woolworths.media/content/wowproductimages/medium/575832.jpg,2020-09-21 17:27:05,,0,,True
d1473799-62d4-4602-9c25-b93caadbef19,Woolworths Supermarket,Pantry,Mayver's Dark Roast Smooth Peanut Butter 375g,575837,$5.00,$1.33 / 100G,https://www.woolworths.com.au/shop/productdetails/575837/mayver-s-dark-roast-smooth-peanut-butter,https://cdn0.woolworths.media/content/wowproductimages/medium/575837.jpg,2020-09-21 17:27:05,,0,,True
badb3d0d-e2ef-490a-94d7-cdbf7929c5eb,Woolworths Supermarket,Pantry,Sunbites Grain Waves Sour Cream & Chives 5 pack,720220,$3.10,$2.82 / 100G,https://www.woolworths.com.au/shop/productdetails/720220/sunbites-grain-waves-sour-cream-chives,https://cdn0.woolworths.media/content/wowproductimages/medium/720220.jpg,2020-09-21 17:27:05,,0,2 for $5.00,True
25562860-f4a6-40ff-ada2-dec25b7bf005,Woolworths Supermarket,Pantry,Cobram Estate Extra Virgin Light Olive Oil 750ml,345955,$15.00,$2.00 / 100ML,https://www.woolworths.com.au/shop/productdetails/345955/cobram-estate-extra-virgin-light-olive-oil,https://cdn0.woolworths.media/content/wowproductimages/medium/345955.jpg,2020-09-21 17:27:05,,0,,True
f5b2ee4e-43f2-4ab3-b273-2d286c21390d,Woolworths Supermarket,Pantry,Woolworths Rolled Traditional Oats 750g,321220,$1.40,$0.19 / 100G,https://www.woolworths.com.au/shop/productdetails/321220/woolworths-rolled-traditional-oats,https://cdn0.woolworths.media/content/wowproductimages/medium/321220.jpg,2020-09-21 17:27:05,Average product rating out of 5: 4.6. Product score is based on 748 ratings,748,,True
d73b1415-00d1-4e3d-bf35-3c1fd35b02bd,Woolworths Supermarket,Pantry,Moccona Freeze Dried Instant Coffee Classic Medium Roast 400g,208575,$24.00,$6.00 / 100G,https://www.woolworths.com.au/shop/productdetails/208575/moccona-freeze-dried-instant-coffee-classic-medium-roast,https://cdn0.woolworths.media/content/wowproductimages/medium/208575.jpg,2020-09-21 17:27:05,,0,,True
d2a9f4ce-7625-465d-aeb2-f90a75786f7f,Woolworths Supermarket,Pantry,Ritz Crackers Original 300g,660562,$2.50,$0.83 / 100G,https://www.woolworths.com.au/shop/productdetails/660562/ritz-crackers-original,https://cdn0.woolworths.media/content/wowproductimages/medium/660562.jpg,2020-09-21 17:27:05,,0,,True
38c3e33b-1306-4770-a31e-087441c2d3bb,Woolworths Supermarket,Pantry,Continental Cup A Soup Creamy Chicken With Lots Of Noodles 2 pack,026649,$2.00,$3.33 / 100G,https://www.woolworths.com.au/shop/productdetails/26649/continental-cup-a-soup-creamy-chicken-with-lots-of-noodles,https://cdn0.woolworths.media/content/wowproductimages/medium/026649.jpg,2020-09-21 17:27:05,,0,,True
2a1f1110-6a2d-464b-a06a-48361dfb09d0,Woolworths Supermarket,Pantry,Arnott's Monte Carlo 250g,036031,$3.00,$1.20 / 100G,https://www.woolworths.com.au/shop/productdetails/36031/arnott-s-monte-carlo,https://cdn0.woolworths.media/content/wowproductimages/medium/036031.jpg,2020-09-21 17:27:05,,0,,True
27686c49-c2fd-4a68-94fb-eb057fb9a043,Woolworths Supermarket,Pantry,Woolworths Almond Meal 400g,610610,$7.50,$18.75 / 1KG,https://www.woolworths.com.au/shop/productdetails/610610/woolworths-almond-meal,https://cdn0.woolworths.media/content/wowproductimages/medium/610610.jpg,2020-09-21 17:27:05,Average product rating out of 5: 4.6. Product score is based on 326 ratings,326,Was $9.00 22/07/2020,True
b892644b-9855-478f-95d7-e82cdf7de84c,Woolworths Supermarket,Pantry,Cadbury Dairy Milk Chocolate Fair Trade 350g,757883,$5.00,$1.43 / 100G,https://www.woolworths.com.au/shop/productdetails/757883/cadbury-dairy-milk-chocolate-fair-trade,https://cdn0.woolworths.media/content/wowproductimages/medium/757883.jpg,2020-09-21 17:27:05,,0,Was $6.30 16/01/2017,True
3a6b5b66-7519-475e-aece-f541a9f76af3,Woolworths Supermarket,Pantry,Macro Organic Quinoa Tri Colour 500g,717631,$7.00,$1.40 / 100G,https://www.woolworths.com.au/shop/productdetails/717631/macro-organic-quinoa-tri-colour,https://cdn0.woolworths.media/content/wowproductimages/medium/717631.jpg,2020-09-21 17:27:05,Average product rating out of 5: 4.6. Product score is based on 274 ratings,274,Was $9.99 09/01/2017,True
49279367-c744-4a8d-b8e0-9e33e9651908,Woolworths Supermarket,Pantry,Queen Organic Vanilla Bean Paste 65g,225399,$11.80,$18.15 / 100G,https://www.woolworths.com.au/shop/productdetails/225399/queen-organic-vanilla-bean-paste,https://cdn0.woolworths.media/content/wowproductimages/medium/225399.jpg,2020-09-21 17:27:05,,0,,True
21b3b680-653d-4647-a6cb-199b369e8988,Woolworths Supermarket,Pantry,Sanitarium Weet-bix Breakfast Cereal 1.2kg,200695,$5.00,$0.42 / 100G,https://www.woolworths.com.au/shop/productdetails/200695/sanitarium-weet-bix-breakfast-cereal,https://cdn0.woolworths.media/content/wowproductimages/medium/200695.jpg,2020-09-21 17:27:05,,0,,True
32135b35-22cb-435e-94dc-526eadfd99b0,Woolworths Supermarket,Pantry,Bertolli Extra Virgin Olive Oil Originale 750ml,502951,$6.50,$0.87 / 100ML,https://www.woolworths.com.au/shop/productdetails/502951/bertolli-extra-virgin-olive-oil-originale,https://cdn0.woolworths.media/content/wowproductimages/medium/502951.jpg,2020-09-21 17:27:05,,0,,True
e9f91169-4706-444b-b95e-7ef4cc7bd3dc,Woolworths Supermarket,Pantry,Woolworths White Rice Long Grain 5kg,072779,$6.70,$0.13 / 100G,https://www.woolworths.com.au/shop/productdetails/72779/woolworths-white-rice-long-grain,https://cdn0.woolworths.media/content/wowproductimages/medium/072779.jpg,2020-09-21 17:27:05,Average product rating out of 5: 4.8. Product score is based on 14 ratings,14,,True
9c455ba9-026a-4103-bfca-f2c7d0f4cb38,Woolworths Supermarket,Pantry,Mckenzie's Himalayan Salt Rock Pink 400g,749926,$5.95,$0.15 / 10G,https://www.woolworths.com.au/shop/productdetails/749926/mckenzie-s-himalayan-salt-rock-pink,https://cdn0.woolworths.media/content/wowproductimages/medium/749926.jpg,2020-09-21 17:27:05,,0,,True
23801468-c253-47e4-9783-8a7b9daede33,Woolworths Supermarket,Pantry,Vege Chips Chicken Style 100g,793382,$3.80,$3.80 / 100G,https://www.woolworths.com.au/shop/productdetails/793382/vege-chips-chicken-style,https://cdn0.woolworths.media/content/wowproductimages/medium/793382.jpg,2020-09-21 17:27:05,Average product rating out of 5: 4.7. Product score is based on 20 ratings,20,,True
e80002c3-6dcb-4fd3-9a41-13a4d6e2436d,Woolworths Supermarket,Pantry,Woolworths Diced Italian Tomatoes No Added Salt 400g,770320,$0.80,$2.00 / 1KG,https://www.woolworths.com.au/shop/productdetails/770320/woolworths-diced-italian-tomatoes-no-added-salt,https://cdn0.woolworths.media/content/wowproductimages/medium/770320.jpg,2020-09-21 17:27:05,Average product rating out of 5: 4.7. Product score is based on 311 ratings,311,,True
46175d3b-1f88-495a-9308-86fa4fa44ae6,Woolworths Supermarket,Pantry,Woolworths Walnuts Kernel 500g,749540,$11.00,$22.00 / 1KG,https://www.woolworths.com.au/shop/productdetails/749540/woolworths-walnuts-kernel,https://cdn0.woolworths.media/content/wowproductimages/medium/749540.jpg,2020-09-21 17:27:05,Average product rating out of 5: 4.8. Product score is based on 360 ratings,360,,True
5fedd30a-dee7-4efe-aaa8-d6148b54eea9,Woolworths Supermarket,Pantry,Beechworth Pure Honey 1.5kg,250371,$22.00,$1.47 / 100G,https://www.woolworths.com.au/shop/productdetails/250371/beechworth-pure-honey,https://cdn0.woolworths.media/content/wowproductimages/medium/250371.jpg,2020-09-21 17:27:05,,0,,True
7f6db3c1-4e89-4be4-b57c-407c10bdc6a5,Woolworths Supermarket,Pantry,Nescafe Blend 43 Soluble Instant Coffee 500g,035694,$20.00,$4.00 / 100G,https://www.woolworths.com.au/shop/productdetails/35694/nescafe-blend-43-soluble-instant-coffee,https://cdn0.woolworths.media/content/wowproductimages/medium/035694.jpg,2020-09-21 17:27:05,,0,,True
94ef8a2d-f222-4eec-bf3a-8b9c6fbad284,Woolworths Supermarket,Pantry,Mayver's Dark Peanut Butter Crunchy 375g,575838,$5.00,$1.33 / 100G,https://www.woolworths.com.au/shop/productdetails/575838/mayver-s-dark-peanut-butter-crunchy,https://cdn0.woolworths.media/content/wowproductimages/medium/575838.jpg,2020-09-21 17:27:05,,0,,True
fc3bf8f5-f421-44e1-86b8-77bc2e17b218,Woolworths Supermarket,Pantry,Queen Celebrating 120 Years Pure Vanilla Extract 100ml,575974,$13.50,$13.50 / 100ML,https://www.woolworths.com.au/shop/productdetails/575974/queen-celebrating-120-years-pure-vanilla-extract,https://cdn0.woolworths.media/content/wowproductimages/medium/575974.jpg,2020-09-21 17:27:05,,0,,True
39b16402-709a-449c-a747-2fdc03698eea,Woolworths Supermarket,Pantry,Queen Finest Vanilla Bean Pods 4g,576098,$8.00,$200.00 / 100G,https://www.woolworths.com.au/shop/productdetails/576098/queen-finest-vanilla-bean-pods,https://cdn0.woolworths.media/content/wowproductimages/medium/576098.jpg,2020-09-21 17:27:05,,0,,True
d49a72d2-49ca-4c46-af1e-84d44313816d,Woolworths Supermarket,Pantry,Taylors Of Harrogate Yorkshire Extra Strong Tea Bags 100 pack,576100,$6.00,$0.06 / 1EA,https://www.woolworths.com.au/shop/productdetails/576100/taylors-of-harrogate-yorkshire-extra-strong-tea-bags,https://cdn0.woolworths.media/content/wowproductimages/medium/576100.jpg,2020-09-21 17:27:05,,0,,True
d306dc40-26f3-4415-a44b-fc8a705275e8,Woolworths Supermarket,Pantry,Woolworths Diced Tomatoes 400g,576220,$1.00,$2.50 / 1KG,https://www.woolworths.com.au/shop/productdetails/576220/woolworths-diced-tomatoes,https://cdn0.woolworths.media/content/wowproductimages/medium/576220.jpg,2020-09-21 17:27:05,Average product rating out of 5: 4.8. Product score is based on 331 ratings,331,,True
3f22edfd-cd5b-486e-8ae1-cee67548f70e,Woolworths Supermarket,Pantry,Haribo Gold Bears 150g,576360,$2.40,$1.60 / 100G,https://www.woolworths.com.au/shop/productdetails/576360/haribo-gold-bears,https://cdn0.woolworths.media/content/wowproductimages/medium/576360.jpg,2020-09-21 17:27:05,,0,,True
a6704ee3-744e-4b69-abde-f61d061d6c39,Woolworths Supermarket,Pantry,Haribo Sweet & Sour Bears 140g,576362,$2.40,$1.71 / 100G,https://www.woolworths.com.au/shop/productdetails/576362/haribo-sweet-sour-bears,https://cdn0.woolworths.media/content/wowproductimages/medium/576362.jpg,2020-09-21 17:27:05,,0,,True
51fc95ba-e048-4a3a-aded-73dd3aae1e0a,Woolworths Supermarket,Pantry,Calbee Harvest Snaps Lightly Salted 93g,576372,$3.00,$32.26 / 1KG,https://www.woolworths.com.au/shop/productdetails/576372/calbee-harvest-snaps-lightly-salted,https://cdn0.woolworths.media/content/wowproductimages/medium/576372.jpg,2020-09-21 17:27:05,,0,,True
b40b811b-b306-49d6-a9db-e249aa889a51,Woolworths Supermarket,Pantry,Calbee Harvest Snaps Wasabi 93g,576374,$3.00,$32.26 / 1KG,https://www.woolworths.com.au/shop/productdetails/576374/calbee-harvest-snaps-wasabi,https://cdn0.woolworths.media/content/wowproductimages/medium/576374.jpg,2020-09-21 17:27:05,,0,,True
e023eaef-7009-41f3-8d92-b8a9d36ad6a9,Woolworths Supermarket,Pantry,Hart & Soul Coconut Pumpkin Soup Pouch 400g,576390,$4.00,$1.00 / 100G,https://www.woolworths.com.au/shop/productdetails/576390/hart-soul-coconut-pumpkin-soup-pouch,https://cdn0.woolworths.media/content/wowproductimages/medium/576390.jpg,2020-09-21 17:27:05,,0,,True
92474a7a-0682-41ea-ae3b-4e75d6074b04,Woolworths Supermarket,Pantry,Calbee Harvest Snaps Chilli 93g,576392,$3.00,$32.26 / 1KG,https://www.woolworths.com.au/shop/productdetails/576392/calbee-harvest-snaps-chilli,https://cdn0.woolworths.media/content/wowproductimages/medium/576392.jpg,2020-09-21 17:27:05,,0,,True
48c297e6-b7b0-4869-8d80-249aa62d4e5c,Woolworths Supermarket,Pantry,Arkadia Chai Tea Spice Sachets 20 pack,577085,$13.00,$0.65 / 1EA,https://www.woolworths.com.au/shop/productdetails/577085/arkadia-chai-tea-spice-sachets,https://cdn0.woolworths.media/content/wowproductimages/medium/577085.jpg,2020-09-21 17:27:05,,0,,True
95f4d36a-d0a2-4c3d-a341-91b9934aeb2e,Woolworths Supermarket,Pantry,Mckenzie's Minestrone Soup Kit 180g,577126,$2.49,$1.38 / 100G,https://www.woolworths.com.au/shop/productdetails/577126/mckenzie-s-minestrone-soup-kit,https://cdn0.woolworths.media/content/wowproductimages/medium/577126.jpg,2020-09-21 17:27:05,,0,,True
3fce41ef-efb4-44f4-9939-9636620bda21,Woolworths Supermarket,Pantry,White Wings Banana Muffin 455g,577127,$4.00,$0.88 / 100G,https://www.woolworths.com.au/shop/productdetails/577127/white-wings-banana-muffin,https://cdn0.woolworths.media/content/wowproductimages/medium/577127.jpg,2020-09-21 17:27:05,,0,Was $5.00 31/10/16,True
a9a797dd-31ab-4a96-ba82-121825b07d94,Woolworths Supermarket,Pantry,The Spice Tailor Bengali Coconut Daal 400g,578067,$5.50,$1.38 / 100G,https://www.woolworths.com.au/shop/productdetails/578067/the-spice-tailor-bengali-coconut-daal,https://cdn0.woolworths.media/content/wowproductimages/medium/578067.jpg,2020-09-21 17:27:05,,0,,True
de56ea2f-6d41-4a65-9d9b-b4844a422cd8,Woolworths Supermarket,Pantry,The Spice Tailor Classic Tarka Daal 500g,578151,$5.50,$1.10 / 100G,https://www.woolworths.com.au/shop/productdetails/578151/the-spice-tailor-classic-tarka-daal,https://cdn0.woolworths.media/content/wowproductimages/medium/578151.jpg,2020-09-21 17:27:05,,0,,True
183cf1eb-ee1f-467f-a62f-29975065695a,Woolworths Supermarket,Pantry,Kurrajong Kitchen Lavosh Snack Twin Pack 2pk 100g,578418,$3.20,$3.20 / 100G,https://www.woolworths.com.au/shop/productdetails/578418/kurrajong-kitchen-lavosh-snack-twin-pack,https://cdn0.woolworths.media/content/wowproductimages/medium/578418.jpg,2020-09-21 17:27:05,,0,,True
48003f16-d759-48e4-8388-b2f16d653575,Woolworths Supermarket,Pantry,Peckish Rice Crackers Garden Veg 100g,578626,$2.50,$2.50 / 100G,https://www.woolworths.com.au/shop/productdetails/578626/peckish-rice-crackers-garden-veg,https://cdn0.woolworths.media/content/wowproductimages/medium/578626.jpg,2020-09-21 17:27:05,,0,,True
85cbc074-80a4-47be-b04c-b0e4872a9e42,Woolworths Supermarket,Pantry,Massel Reduced Salt Chicken Stock Powder 140g,579057,$2.50,$0.18 / 10G,https://www.woolworths.com.au/shop/productdetails/579057/massel-reduced-salt-chicken-stock-powder,https://cdn0.woolworths.media/content/wowproductimages/medium/579057.jpg,2020-09-21 17:27:05,,0,,True
bbbd9ace-543b-4a3b-a42b-afa397485840,Woolworths Supermarket,Pantry,Macro Organic Buckwheat Flour 500g,579236,$5.00,$1.00 / 100G,https://www.woolworths.com.au/shop/productdetails/579236/macro-organic-buckwheat-flour,https://cdn0.woolworths.media/content/wowproductimages/medium/579236.jpg,2020-09-21 17:27:05,,0,,True
6028f02b-2e96-400d-8aa8-c644162de20d,Woolworths Supermarket,Pantry,Capilano Manuka Honey Mgo30+ Upside Down Honey 340g,579712,$10.00,$2.94 / 100G,https://www.woolworths.com.au/shop/productdetails/579712/capilano-manuka-honey-mgo30-upside-down-honey,https://cdn0.woolworths.media/content/wowproductimages/medium/579712.jpg,2020-09-21 17:27:05,,0,,True
c513e2ff-d730-4d3c-b7de-2f11d3a264ca,Woolworths Supermarket,Pantry,Maggi Side Dish Cheese & Cauliflower Flavoured Potato Bake 30g,579716,$1.75,$5.83 / 100G,https://www.woolworths.com.au/shop/productdetails/579716/maggi-side-dish-cheese-cauliflower-flavoured-potato-bake,https://cdn0.woolworths.media/content/wowproductimages/medium/579716.jpg,2020-09-21 17:27:05,,0,3 for $3.99,True
a786984c-4ee0-4a86-a20c-c92996aee170,Woolworths Supermarket,Pantry,Maggi Side Dish Creamy Cheese Garlic Potato Bake 24g,579719,$1.75,$7.29 / 100G,https://www.woolworths.com.au/shop/productdetails/579719/maggi-side-dish-creamy-cheese-garlic-potato-bake,https://cdn0.woolworths.media/content/wowproductimages/medium/579719.jpg,2020-09-21 17:27:05,,0,3 for $3.99,True
8c433d00-d122-408d-9e16-089bd866377a,Woolworths Supermarket,Pantry,Maggi Side Dish Three Cheese Flavoured Potato Bake 21g,579734,$1.75,$8.33 / 100G,https://www.woolworths.com.au/shop/productdetails/579734/maggi-side-dish-three-cheese-flavoured-potato-bake,https://cdn0.woolworths.media/content/wowproductimages/medium/579734.jpg,2020-09-21 17:27:05,,0,3 for $3.99,True
59c0db97-e978-442c-a7bf-776e53f61045,Woolworths Supermarket,Pantry,Sunbites Grain Waves Sour Cream & Chives 5 pack,720220,$3.10,$2.82 / 100G,https://www.woolworths.com.au/shop/productdetails/720220/sunbites-grain-waves-sour-cream-chives,https://cdn0.woolworths.media/content/wowproductimages/medium/720220.jpg,2020-09-21 17:27:05,,0,2 for $5.00,True
b3851647-7be5-4c96-af3c-37e6ce2e4e79,Woolworths Supermarket,Pantry,Mckenzie's Himalayan Salt Rock Pink 400g,749926,$5.95,$0.15 / 10G,https://www.woolworths.com.au/shop/productdetails/749926/mckenzie-s-himalayan-salt-rock-pink,https://cdn0.woolworths.media/content/wowproductimages/medium/749926.jpg,2020-09-21 17:27:05,,0,,True
26aaf027-007a-48d5-bb77-48fe6328bf45,Woolworths Supermarket,Pantry,Nescafe Blend 43 Soluble Instant Coffee 500g,035694,$20.00,$4.00 / 100G,https://www.woolworths.com.au/shop/productdetails/35694/nescafe-blend-43-soluble-instant-coffee,https://cdn0.woolworths.media/content/wowproductimages/medium/035694.jpg,2020-09-21 17:27:05,,0,,True
4496d00e-a180-48e0-89b9-ef8d4e5dd61d,Woolworths Supermarket,Pantry,Arnott's Monte Carlo 250g,036031,$3.00,$1.20 / 100G,https://www.woolworths.com.au/shop/productdetails/36031/arnott-s-monte-carlo,https://cdn0.woolworths.media/content/wowproductimages/medium/036031.jpg,2020-09-21 17:27:05,,0,,True
f991e7bc-2f1d-4a39-b6d0-17a3a2d0c5f5,Woolworths Supermarket,Pantry,Woolworths Diced Italian Tomatoes No Added Salt 400g,770320,$0.80,$2.00 / 1KG,https://www.woolworths.com.au/shop/productdetails/770320/woolworths-diced-italian-tomatoes-no-added-salt,https://cdn0.woolworths.media/content/wowproductimages/medium/770320.jpg,2020-09-21 17:27:05,Average product rating out of 5: 4.7. Product score is based on 311 ratings,311,,True
24de4e55-ba5a-435b-a188-c512ff47a1ba,Woolworths Supermarket,Pantry,Vege Chips Chicken Style 100g,793382,$3.80,$3.80 / 100G,https://www.woolworths.com.au/shop/productdetails/793382/vege-chips-chicken-style,https://cdn0.woolworths.media/content/wowproductimages/medium/793382.jpg,2020-09-21 17:27:05,Average product rating out of 5: 4.7. Product score is based on 20 ratings,20,,True
76f94a3b-2072-4d7b-b26e-bc49bc298dcc,Woolworths Supermarket,Pantry,Bertolli Extra Virgin Olive Oil Originale 750ml,502951,$6.50,$0.87 / 100ML,https://www.woolworths.com.au/shop/productdetails/502951/bertolli-extra-virgin-olive-oil-originale,https://cdn0.woolworths.media/content/wowproductimages/medium/502951.jpg,2020-09-21 17:27:05,,0,,True
2dacb607-f164-45e3-9410-0ca99402020d,Woolworths Supermarket,Pantry,Cadbury Dairy Milk Chocolate Fair Trade 350g,757883,$5.00,$1.43 / 100G,https://www.woolworths.com.au/shop/productdetails/757883/cadbury-dairy-milk-chocolate-fair-trade,https://cdn0.woolworths.media/content/wowproductimages/medium/757883.jpg,2020-09-21 17:27:05,,0,Was $6.30 16/01/2017,True
42e472db-8841-4d2c-87f9-1ceb852f4066,Woolworths Supermarket,Pantry,Continental Cup A Soup Creamy Chicken With Lots Of Noodles 2 pack,026649,$2.00,$3.33 / 100G,https://www.woolworths.com.au/shop/productdetails/26649/continental-cup-a-soup-creamy-chicken-with-lots-of-noodles,https://cdn0.woolworths.media/content/wowproductimages/medium/026649.jpg,2020-09-21 17:27:05,,0,,True
38ca8a6d-d61a-4e2f-af19-fd22ba8f3dd1,Woolworths Supermarket,Pantry,Queen Organic Vanilla Bean Paste 65g,225399,$11.80,$18.15 / 100G,https://www.woolworths.com.au/shop/productdetails/225399/queen-organic-vanilla-bean-paste,https://cdn0.woolworths.media/content/wowproductimages/medium/225399.jpg,2020-09-21 17:27:05,,0,,True
1e0bb566-8817-4d76-979c-8d5aec5cd4dc,Woolworths Supermarket,Pantry,Ritz Crackers Original 300g,660562,$2.50,$0.83 / 100G,https://www.woolworths.com.au/shop/productdetails/660562/ritz-crackers-original,https://cdn0.woolworths.media/content/wowproductimages/medium/660562.jpg,2020-09-21 17:27:05,,0,,True
76c4aec3-3a27-4446-b40a-6ab1b1360807,Woolworths Supermarket,Pantry,Moccona Freeze Dried Instant Coffee Classic Medium Roast 400g,208575,$24.00,$6.00 / 100G,https://www.woolworths.com.au/shop/productdetails/208575/moccona-freeze-dried-instant-coffee-classic-medium-roast,https://cdn0.woolworths.media/content/wowproductimages/medium/208575.jpg,2020-09-21 17:27:05,,0,,True
b3614388-062c-4c26-91a3-80573bcc6517,Woolworths Supermarket,Pantry,Sanitarium Weet-bix Breakfast Cereal 1.2kg,200695,$5.00,$0.42 / 100G,https://www.woolworths.com.au/shop/productdetails/200695/sanitarium-weet-bix-breakfast-cereal,https://cdn0.woolworths.media/content/wowproductimages/medium/200695.jpg,2020-09-21 17:27:05,,0,,True
7ba14374-b41e-4491-848e-7b1ce4ffb662,Woolworths Supermarket,Pantry,Woolworths White Rice Long Grain 5kg,072779,$6.70,$0.13 / 100G,https://www.woolworths.com.au/shop/productdetails/72779/woolworths-white-rice-long-grain,https://cdn0.woolworths.media/content/wowproductimages/medium/072779.jpg,2020-09-21 17:27:05,Average product rating out of 5: 4.8. Product score is based on 14 ratings,14,,True
463b98a5-05f6-4646-9301-a82ab48317c7,Woolworths Supermarket,Pantry,Cobram Estate Extra Virgin Light Olive Oil 750ml,345955,$15.00,$2.00 / 100ML,https://www.woolworths.com.au/shop/productdetails/345955/cobram-estate-extra-virgin-light-olive-oil,https://cdn0.woolworths.media/content/wowproductimages/medium/345955.jpg,2020-09-21 17:27:05,,0,,True
22493d64-c7c1-462f-9004-229dd42aa6f0,Woolworths Supermarket,Pantry,Woolworths Almond Meal 400g,610610,$7.50,$18.75 / 1KG,https://www.woolworths.com.au/shop/productdetails/610610/woolworths-almond-meal,https://cdn0.woolworths.media/content/wowproductimages/medium/610610.jpg,2020-09-21 17:27:05,Average product rating out of 5: 4.6. Product score is based on 326 ratings,326,Was $9.00 22/07/2020,True
65ef1334-d010-4935-ad93-2d68f5a51221,Woolworths Supermarket,Pantry,Beechworth Pure Honey 1.5kg,250371,$22.00,$1.47 / 100G,https://www.woolworths.com.au/shop/productdetails/250371/beechworth-pure-honey,https://cdn0.woolworths.media/content/wowproductimages/medium/250371.jpg,2020-09-21 17:27:05,,0,,True
5a9c0b9e-314a-4b61-ab87-cbe577a80af1,Woolworths Supermarket,Pantry,Woolworths Walnuts Kernel 500g,749540,$11.00,$22.00 / 1KG,https://www.woolworths.com.au/shop/productdetails/749540/woolworths-walnuts-kernel,https://cdn0.woolworths.media/content/wowproductimages/medium/749540.jpg,2020-09-21 17:27:05,Average product rating out of 5: 4.8. Product score is based on 360 ratings,360,,True
29ca00ee-c791-4f3e-b54c-a3fde5fc6e6d,Woolworths Supermarket,Pantry,Macro Organic Quinoa Tri Colour 500g,717631,$7.00,$1.40 / 100G,https://www.woolworths.com.au/shop/productdetails/717631/macro-organic-quinoa-tri-colour,https://cdn0.woolworths.media/content/wowproductimages/medium/717631.jpg,2020-09-21 17:27:05,Average product rating out of 5: 4.6. Product score is based on 274 ratings,274,Was $9.99 09/01/2017,True
d80c2f4b-9a08-47c0-9c41-848a311e965a,Woolworths Supermarket,Pantry,Woolworths Rolled Traditional Oats 750g,321220,$1.40,$0.19 / 100G,https://www.woolworths.com.au/shop/productdetails/321220/woolworths-rolled-traditional-oats,https://cdn0.woolworths.media/content/wowproductimages/medium/321220.jpg,2020-09-21 17:27:05,Average product rating out of 5: 4.6. Product score is based on 748 ratings,748,,True
da7f39f7-621b-42ac-91d7-5f2c7ba221bf,Woolworths Supermarket,Pantry,Maggi Side Dish Cheese Bacon Flavoured Potato Bake 21g,579736,$1.75,$8.33 / 100G,https://www.woolworths.com.au/shop/productdetails/579736/maggi-side-dish-cheese-bacon-flavoured-potato-bake,https://cdn0.woolworths.media/content/wowproductimages/medium/579736.jpg,2020-09-21 17:27:05,,0,3 for $3.99,True
37470426-e80d-4704-8b03-a42ccc972637,Woolworths Supermarket,Pantry,The Spice Tailor Fiery Goan Curry 300g,580245,,,https://www.woolworths.com.au/shop/productdetails/580245/the-spice-tailor-fiery-goan-curry,https://cdn0.woolworths.media/content/wowproductimages/medium/580245.jpg,2020-09-21 17:27:05,,0,,False
41e99925-91e4-4d03-85c2-fab622d55ee0,Woolworths Supermarket,Pantry,Masterfoods Smoked Paprika 35g,580620,$3.25,$0.93 / 10G,https://www.woolworths.com.au/shop/productdetails/580620/masterfoods-smoked-paprika,https://cdn0.woolworths.media/content/wowproductimages/medium/580620.jpg,2020-09-21 17:27:05,,0,,True
21f298de-3f48-4ef2-8cca-34bcd778d634,Woolworths Supermarket,Pantry,Patak's Mild Butter Chicken Simmer Sauce 450g,580621,$2.50,$0.56 / 100G,https://www.woolworths.com.au/shop/productdetails/580621/patak-s-mild-butter-chicken-simmer-sauce,https://cdn0.woolworths.media/content/wowproductimages/medium/580621.jpg,2020-09-21 17:27:05,,0,,True
f2326e60-2c77-4cbd-8f1e-b7753ab3487d,Woolworths Supermarket,Pantry,Patak's Korma Curry Simmer Sauce Sauce 450g,580625,$2.50,$0.56 / 100G,https://www.woolworths.com.au/shop/productdetails/580625/patak-s-korma-curry-simmer-sauce-sauce,https://cdn0.woolworths.media/content/wowproductimages/medium/580625.jpg,2020-09-21 17:27:05,,0,,True
bd9e292f-72af-4e51-8ceb-e1586b8ce943,Woolworths Supermarket,Pantry,Patak's Spicy Butter Chicken Simmer Sauce 450g,580634,$2.50,$0.56 / 100G,https://www.woolworths.com.au/shop/productdetails/580634/patak-s-spicy-butter-chicken-simmer-sauce,https://cdn0.woolworths.media/content/wowproductimages/medium/580634.jpg,2020-09-21 17:27:05,,0,,True
9d549046-5897-4412-bdf5-d8f28bb95653,Woolworths Supermarket,Pantry,Patak's Mango Chicken Curry Simmer Sauce 450g,580636,$2.50,$0.56 / 100G,https://www.woolworths.com.au/shop/productdetails/580636/patak-s-mango-chicken-curry-simmer-sauce,https://cdn0.woolworths.media/content/wowproductimages/medium/580636.jpg,2020-09-21 17:27:05,,0,,True
ee0ee1c3-50e1-4f84-9d3c-15f74773197a,Woolworths Supermarket,Pantry,Patak's Tikka Masala Simmer Sauce 450g,580638,$2.50,$0.56 / 100G,https://www.woolworths.com.au/shop/productdetails/580638/patak-s-tikka-masala-simmer-sauce,https://cdn0.woolworths.media/content/wowproductimages/medium/580638.jpg,2020-09-21 17:27:05,,0,,True
c9307987-6d6e-4997-9114-16002ef07bc1,Woolworths Supermarket,Pantry,Patak's Rogan Josh Curry Simmer Sauce Simmer Sauce 450g,580680,$2.50,$0.56 / 100G,https://www.woolworths.com.au/shop/productdetails/580680/patak-s-rogan-josh-curry-simmer-sauce-simmer-sauce,https://cdn0.woolworths.media/content/wowproductimages/medium/580680.jpg,2020-09-21 17:27:05,,0,,True
c1f4f402-cf05-45b5-bdfb-1da15bfb39e1,Woolworths Supermarket,Pantry,Patak's Cashew Masala Curry Simmer Sauce 450g,580683,$2.50,$0.56 / 100G,https://www.woolworths.com.au/shop/productdetails/580683/patak-s-cashew-masala-curry-simmer-sauce,https://cdn0.woolworths.media/content/wowproductimages/medium/580683.jpg,2020-09-21 17:27:05,,0,,True
8ce686fd-13cb-4aef-b9b7-8118d971dc69,Woolworths Supermarket,Pantry,Nestle Jaffas 340g,580738,$5.00,$1.47 / 100G,https://www.woolworths.com.au/shop/productdetails/580738/nestle-jaffas,https://cdn0.woolworths.media/content/wowproductimages/medium/580738.jpg,2020-09-21 17:27:05,,0,2 for $8.00,True
190aed69-97cc-4ebd-8b7f-4981fa7a5118,Woolworths Supermarket,Pantry,Woolworths Bananas 170g,580989,$1.00,$0.59 / 100G,https://www.woolworths.com.au/shop/productdetails/580989/woolworths-bananas,https://cdn0.woolworths.media/content/wowproductimages/medium/580989.jpg,2020-09-21 17:27:05,Average product rating out of 5: 4.2. Product score is based on 383 ratings,383,,True
33a7243a-828b-40d3-ae24-ef7afdf39d99,Woolworths Supermarket,Pantry,Nando's Rubs Peri Peri Lemon & Herb 25g,581135,$2.99,$1.20 / 10G,https://www.woolworths.com.au/shop/productdetails/581135/nando-s-rubs-peri-peri-lemon-herb,https://cdn0.woolworths.media/content/wowproductimages/medium/581135.jpg,2020-09-21 17:27:05,,0,,True
b25bbd6a-b587-4dbc-bbcd-90bc945348c0,Woolworths Supermarket,Pantry,Nando's Peri Peri Rub Medium 25g,581165,$2.99,$1.20 / 10G,https://www.woolworths.com.au/shop/productdetails/581165/nando-s-peri-peri-rub-medium,https://cdn0.woolworths.media/content/wowproductimages/medium/581165.jpg,2020-09-21 17:27:05,,0,,True
75a31ab4-3777-48a3-9a85-5a8d17471abd,Woolworths Supermarket,Pantry,Woolworths Potato Bake Chilled Meal 650g,581283,$9.00,$1.38 / 100G,https://www.woolworths.com.au/shop/productdetails/581283/woolworths-potato-bake-chilled-meal,https://cdn0.woolworths.media/content/wowproductimages/medium/581283.jpg,2020-09-21 17:27:05,,0,,True
fc28abae-a175-40d2-934c-8634d298f42e,Woolworths Supermarket,Pantry,Eclipse Chewy Mints Spearmint Bottle Spearmint Bottle 93g,581338,$4.00,$4.30 / 100G,https://www.woolworths.com.au/shop/productdetails/581338/eclipse-chewy-mints-spearmint-bottle-spearmint-bottle,https://cdn0.woolworths.media/content/wowproductimages/medium/581338.jpg,2020-09-21 17:27:05,,0,,True
fde19420-7f04-46cf-a48e-e08cb492c622,Woolworths Supermarket,Pantry,Eclipse Chewy Mints Peppermint Bottle Peppermint Bottle 93g,581349,$4.00,$4.30 / 100G,https://www.woolworths.com.au/shop/productdetails/581349/eclipse-chewy-mints-peppermint-bottle-peppermint-bottle,https://cdn0.woolworths.media/content/wowproductimages/medium/581349.jpg,2020-09-21 17:27:05,,0,,True
45fb532c-bf44-4d82-a4d9-e08f2bfa0f1c,Woolworths Supermarket,Pantry,Bonne Maman Conserve Blackberry 370g,582094,$5.20,$1.41 / 100G,https://www.woolworths.com.au/shop/productdetails/582094/bonne-maman-conserve-blackberry,https://cdn0.woolworths.media/content/wowproductimages/medium/582094.jpg,2020-09-21 17:27:05,,0,,True
3f440e0b-06f2-444c-92c3-806f1f917ad0,Woolworths Supermarket,Pantry,Heinz Big N Chunky Canned Tomato & Chicken Curry 535g,582579,$2.50,$0.47 / 100G,https://www.woolworths.com.au/shop/productdetails/582579/heinz-big-n-chunky-canned-tomato-chicken-curry,https://cdn0.woolworths.media/content/wowproductimages/medium/582579.jpg,2020-09-21 17:27:05,,0,Was $3.89 17/04/2017,True
09227b83-6219-4b6b-b584-8fb4f8e67f1e,Woolworths Supermarket,Pantry,Poppin Microwave Popcorn Sea Salt Flavour 100g,582661,$1.75,$1.75 / 100G,https://www.woolworths.com.au/shop/productdetails/582661/poppin-microwave-popcorn-sea-salt-flavour,https://cdn0.woolworths.media/content/wowproductimages/medium/582661.jpg,2020-09-21 17:27:05,,0,,True
aabdfde8-8254-4643-a1bd-825360072796,Woolworths Supermarket,Pantry,Heinz Big N Chunky Canned Mexican Bean 535g,582786,$2.50,$0.47 / 100G,https://www.woolworths.com.au/shop/productdetails/582786/heinz-big-n-chunky-canned-mexican-bean,https://cdn0.woolworths.media/content/wowproductimages/medium/582786.jpg,2020-09-21 17:27:05,,0,Was $3.89 17/04/2017,True
1d11371d-f707-4de5-800f-c8f96a3b261b,Woolworths Supermarket,Pantry,Extra Strawberry Chewing Gum Sugar Free Bottle 64g,583399,$3.50,$5.47 / 100G,https://www.woolworths.com.au/shop/productdetails/583399/extra-strawberry-chewing-gum-sugar-free-bottle,https://cdn0.woolworths.media/content/wowproductimages/medium/583399.jpg,2020-09-21 17:27:05,,0,,True
ddc305ed-1f2a-4e47-b886-e370848d28d1,Woolworths Supermarket,Pantry,Woolworths Barley Sugar 225g,583491,$1.60,$0.71 / 100G,https://www.woolworths.com.au/shop/productdetails/583491/woolworths-barley-sugar,https://cdn0.woolworths.media/content/wowproductimages/medium/583491.jpg,2020-09-21 17:27:05,,0,,True
2079609c-c756-437b-82fb-98d159caebe2,Woolworths Supermarket,Pantry,Woolworths Butterscotch 225g,583492,$1.60,$0.71 / 100G,https://www.woolworths.com.au/shop/productdetails/583492/woolworths-butterscotch,https://cdn0.woolworths.media/content/wowproductimages/medium/583492.jpg,2020-09-21 17:27:05,Average product rating out of 5: 4.0. Product score is based on 79 ratings,79,,True
82d84d53-ac57-43a9-a535-b2ee3a744e25,Woolworths Supermarket,Pantry,Arnott's Shapes Chicken Crimpy 175g,384245,$2.50,$1.43 / 100G,https://www.woolworths.com.au/shop/productdetails/384245/arnott-s-shapes-chicken-crimpy,https://cdn0.woolworths.media/content/wowproductimages/medium/384245.jpg,2020-09-21 17:27:05,,0,,True
dbbe578c-346d-4cd8-b879-5e9d75fd97bd,Woolworths Supermarket,Pantry,Sunbites Grain Waves Sour Cream & Chives 5 pack,720220,$3.10,$2.82 / 100G,https://www.woolworths.com.au/shop/productdetails/720220/sunbites-grain-waves-sour-cream-chives,https://cdn0.woolworths.media/content/wowproductimages/medium/720220.jpg,2020-09-21 17:27:05,,0,2 for $5.00,True
f09e4fb6-20db-4c4b-bc7b-dd65da270f37,Woolworths Supermarket,Pantry,Essentials Pasta Penne 500g,188800,$0.80,$0.16 / 100G,https://www.woolworths.com.au/shop/productdetails/188800/essentials-pasta-penne,https://cdn0.woolworths.media/content/wowproductimages/medium/188800.jpg,2020-09-21 17:27:05,,0,,True
318d236d-2373-43da-bd7a-e2a29306f518,Woolworths Supermarket,Pantry,Fantastic Rice Crackers Original 100g,035231,$1.50,$1.50 / 100G,https://www.woolworths.com.au/shop/productdetails/35231/fantastic-rice-crackers-original,https://cdn0.woolworths.media/content/wowproductimages/medium/035231.jpg,2020-09-21 17:27:05,,0,,True
f3c2a9ba-7c13-45b2-a894-336b4a7cf0ad,Woolworths Supermarket,Pantry,Essentials Raw Sugar 2kg,018174,$2.10,$0.11 / 100G,https://www.woolworths.com.au/shop/productdetails/18174/essentials-raw-sugar,https://cdn0.woolworths.media/content/wowproductimages/medium/018174.jpg,2020-09-21 17:27:05,,0,,True
dc3d50a7-426f-4388-a4f0-90e715ad49cd,Woolworths Supermarket,Pantry,Mckenzie's Himalayan Salt Rock Pink 400g,749926,$5.95,$0.15 / 10G,https://www.woolworths.com.au/shop/productdetails/749926/mckenzie-s-himalayan-salt-rock-pink,https://cdn0.woolworths.media/content/wowproductimages/medium/749926.jpg,2020-09-21 17:27:05,,0,,True
9cfb558a-916e-4370-bc31-1d061b10084d,Woolworths Supermarket,Pantry,Macro Organic Quinoa Tri Colour 500g,717631,$7.00,$1.40 / 100G,https://www.woolworths.com.au/shop/productdetails/717631/macro-organic-quinoa-tri-colour,https://cdn0.woolworths.media/content/wowproductimages/medium/717631.jpg,2020-09-21 17:27:05,Average product rating out of 5: 4.6. Product score is based on 274 ratings,274,Was $9.99 09/01/2017,True
f2dd7e28-19f5-4a4c-90bf-0aca0a23d0a9,Woolworths Supermarket,Pantry,Woolworths Rolled Traditional Oats 750g,321220,$1.40,$0.19 / 100G,https://www.woolworths.com.au/shop/productdetails/321220/woolworths-rolled-traditional-oats,https://cdn0.woolworths.media/content/wowproductimages/medium/321220.jpg,2020-09-21 17:27:05,Average product rating out of 5: 4.6. Product score is based on 748 ratings,748,,True
c8f196ef-4bdc-4d9e-b762-ef765240fce3,Woolworths Supermarket,Pantry,Ritz Crackers Original 300g,660562,$2.50,$0.83 / 100G,https://www.woolworths.com.au/shop/productdetails/660562/ritz-crackers-original,https://cdn0.woolworths.media/content/wowproductimages/medium/660562.jpg,2020-09-21 17:27:05,,0,,True
a45c0306-be34-4b02-b624-ce2cada0af4d,Woolworths Supermarket,Pantry,Cadbury Fry's Turkish Delight 55g bar,098390,$1.00,$1.82 / 100G,https://www.woolworths.com.au/shop/productdetails/98390/cadbury-fry-s-turkish-delight,https://cdn0.woolworths.media/content/wowproductimages/medium/098390.jpg,2020-09-21 17:27:05,,0,,True
a17f026e-6954-44b0-a7cd-c5ddb59a4f82,Woolworths Supermarket,Pantry,Arnott's Monte Carlo 250g,036031,$3.00,$1.20 / 100G,https://www.woolworths.com.au/shop/productdetails/36031/arnott-s-monte-carlo,https://cdn0.woolworths.media/content/wowproductimages/medium/036031.jpg,2020-09-21 17:27:05,,0,,True
884b26df-56d9-48bd-be05-78dff2f0d4b5,Woolworths Supermarket,Pantry,Woolworths Diced Italian Tomatoes No Added Salt 400g,770320,$0.80,$2.00 / 1KG,https://www.woolworths.com.au/shop/productdetails/770320/woolworths-diced-italian-tomatoes-no-added-salt,https://cdn0.woolworths.media/content/wowproductimages/medium/770320.jpg,2020-09-21 17:27:05,Average product rating out of 5: 4.7. Product score is based on 311 ratings,311,,True
cad34660-1cda-4afd-921c-0c453f7cff97,Woolworths Supermarket,Pantry,Masterfoods Barbecue Sauce 500ml,099696,$2.50,$0.50 / 100ML,https://www.woolworths.com.au/shop/productdetails/99696/masterfoods-barbecue-sauce,https://cdn0.woolworths.media/content/wowproductimages/medium/099696.jpg,2020-09-21 17:27:05,,0,,True
86e634ce-7a65-4f04-bb3c-7a1df72cd1cc,Woolworths Supermarket,Pantry,Ardmona Tomatoes Diced No Added Salt 400g,226849,$1.40,$3.50 / 1KG,https://www.woolworths.com.au/shop/productdetails/226849/ardmona-tomatoes-diced-no-added-salt,https://cdn0.woolworths.media/content/wowproductimages/medium/226849.jpg,2020-09-21 17:27:05,,0,,True
fb4b975f-e387-49aa-95e8-d886659243fd,Woolworths Supermarket,Pantry,Continental Cup A Soup Creamy Chicken With Lots Of Noodles 2 pack,026649,$2.00,$3.33 / 100G,https://www.woolworths.com.au/shop/productdetails/26649/continental-cup-a-soup-creamy-chicken-with-lots-of-noodles,https://cdn0.woolworths.media/content/wowproductimages/medium/026649.jpg,2020-09-21 17:27:05,,0,,True
053b5c80-8fba-4069-86bf-d04a37da8c14,Woolworths Supermarket,Pantry,Heinz Canned Soup Big Red Tomato 420g,034331,$2.20,$0.52 / 100G,https://www.woolworths.com.au/shop/productdetails/34331/heinz-canned-soup-big-red-tomato,https://cdn0.woolworths.media/content/wowproductimages/medium/034331.jpg,2020-09-21 17:27:05,,0,,True
3991694f-0f69-4fed-b3b7-a9fa6d4a72cc,Woolworths Supermarket,Pantry,Mckenzie's Rice Flour 375g,094275,$1.50,$4.00 / 1KG,https://www.woolworths.com.au/shop/productdetails/94275/mckenzie-s-rice-flour,https://cdn0.woolworths.media/content/wowproductimages/medium/094275.jpg,2020-09-21 17:27:05,,0,,True
d321c1cd-670b-4d4a-82ac-cc0c8aeefd97,Woolworths Supermarket,Pantry,Cadbury Dairy Milk Chocolate Fair Trade 350g,757883,$5.00,$1.43 / 100G,https://www.woolworths.com.au/shop/productdetails/757883/cadbury-dairy-milk-chocolate-fair-trade,https://cdn0.woolworths.media/content/wowproductimages/medium/757883.jpg,2020-09-21 17:27:05,,0,Was $6.30 16/01/2017,True
0ea72c5f-1c61-4c99-acd0-a1710e8b899e,Woolworths Supermarket,Pantry,Sunbites Grain Waves Sour Cream & Chives 170g,082361,$3.50,$2.06 / 100G,https://www.woolworths.com.au/shop/productdetails/82361/sunbites-grain-waves-sour-cream-chives,https://cdn0.woolworths.media/content/wowproductimages/medium/082361.jpg,2020-09-21 17:27:05,,0,,True
984669d0-186e-4ae1-98e7-6d4ab797a64d,Woolworths Supermarket,Pantry,Indomie Mi Goreng Instant Noodles 5pk 425g,177972,$2.75,$0.65 / 100G,https://www.woolworths.com.au/shop/productdetails/177972/indomie-mi-goreng-instant-noodles,https://cdn0.woolworths.media/content/wowproductimages/medium/177972.jpg,2020-09-21 17:27:05,,0,,True
cc8f1357-f0d4-48f2-9813-cd056c5ee31f,Woolworths Supermarket,Pantry,Woolworths Chocolate Eclair 200g,583494,$1.60,$0.80 / 100G,https://www.woolworths.com.au/shop/productdetails/583494/woolworths-chocolate-eclair,https://cdn0.woolworths.media/content/wowproductimages/medium/583494.jpg,2020-09-21 17:27:05,Average product rating out of 5: 4.2. Product score is based on 784 ratings,784,,True
1e770f5f-93fa-4b58-8529-46a09f64bcde,Woolworths Supermarket,Pantry,Woolworths Liquorice Allsorts 380g,583495,$1.60,$0.42 / 100G,https://www.woolworths.com.au/shop/productdetails/583495/woolworths-liquorice-allsorts,https://cdn0.woolworths.media/content/wowproductimages/medium/583495.jpg,2020-09-21 17:27:05,,0,,True
83ca03e7-819b-4566-a0c8-c0b20deb66e1,Woolworths Supermarket,Pantry,Aeroplane Dessert Mix Vanilla 100g,583774,$1.50,$1.50 / 100G,https://www.woolworths.com.au/shop/productdetails/583774/aeroplane-dessert-mix-vanilla,https://cdn0.woolworths.media/content/wowproductimages/medium/583774.jpg,2020-09-21 17:27:05,,0,Was $1.90 06/11/2017,True
6d6741c0-a8e3-4e1f-9033-13422ab403ad,Woolworths Supermarket,Pantry,Edgell Four Bean Mix 400g,584285,$1.50,$3.75 / 1KG,https://www.woolworths.com.au/shop/productdetails/584285/edgell-four-bean-mix,https://cdn0.woolworths.media/content/wowproductimages/medium/584285.jpg,2020-09-21 17:27:05,,0,Was $1.80 14/05/2018,True
330b3f1d-d4ea-4da2-926a-40cb7bf6c5df,Woolworths Supermarket,Pantry,Edgell Red Kidney Beans 400g,584315,$1.50,$3.75 / 1KG,https://www.woolworths.com.au/shop/productdetails/584315/edgell-red-kidney-beans,https://cdn0.woolworths.media/content/wowproductimages/medium/584315.jpg,2020-09-21 17:27:05,,0,Was $1.79 14/05/2018,True
f2172a97-eacd-46da-b54e-b2df56de7712,Woolworths Supermarket,Pantry,Smith's Cheese & Onion 60g,586678,$2.10,$3.50 / 100G,https://www.woolworths.com.au/shop/productdetails/586678/smith-s-cheese-onion,https://cdn0.woolworths.media/content/wowproductimages/medium/586678.jpg,2020-09-21 17:27:05,,0,,True
9f97b035-b231-49ff-aa34-0a2b1d3afe4d,Woolworths Supermarket,Pantry,Twisties Cheese Party Bag 270g,586679,$3.00,$1.11 / 100G,https://www.woolworths.com.au/shop/productdetails/586679/twisties-cheese-party-bag,https://cdn0.woolworths.media/content/wowproductimages/medium/586679.jpg,2020-09-21 17:27:05,,0,Was $4.00 5/06/2017,True
6ad062f7-4133-4cea-857a-0b0b7cd13d63,Woolworths Supermarket,Pantry,Burger Rings Party Bag 220g,586794,$3.00,$1.36 / 100G,https://www.woolworths.com.au/shop/productdetails/586794/burger-rings-party-bag,https://cdn0.woolworths.media/content/wowproductimages/medium/586794.jpg,2020-09-21 17:27:05,,0,Was $4.00 5/06/2017,True
9666f1cd-02ba-404d-b45d-1b026d78af44,Woolworths Supermarket,Pantry,Cheetos Cheese & Bacon Balls Party Bag 190g,586798,$3.00,$1.58 / 100G,https://www.woolworths.com.au/shop/productdetails/586798/cheetos-cheese-bacon-balls-party-bag,https://cdn0.woolworths.media/content/wowproductimages/medium/586798.jpg,2020-09-21 17:27:05,,0,Was $4.00 5/06/2017,True
99be6a67-133e-4da2-918a-257ecc71dafe,Woolworths Supermarket,Pantry,Twisties Chicken Party Bag 270g,586811,$3.00,$1.11 / 100G,https://www.woolworths.com.au/shop/productdetails/586811/twisties-chicken-party-bag,https://cdn0.woolworths.media/content/wowproductimages/medium/586811.jpg,2020-09-21 17:27:05,,0,Was $4.00 5/06/2017,True
feb4d5c9-1072-453a-bba9-fa67c2b04dc6,Woolworths Supermarket,Pantry,Red Rock Deli Roasted Peanuts Honey & Sea Salt 130g,586814,$2.00,$15.38 / 1KG,https://www.woolworths.com.au/shop/productdetails/586814/red-rock-deli-roasted-peanuts-honey-sea-salt,https://cdn0.woolworths.media/content/wowproductimages/medium/586814.jpg,2020-09-21 17:27:05,,0,,True
ad9e4c93-d42d-4d90-a20b-59a3017bf9a3,Woolworths Supermarket,Pantry,Smith's Salt & Vinegar 60g,586815,$2.10,$3.50 / 100G,https://www.woolworths.com.au/shop/productdetails/586815/smith-s-salt-vinegar,https://cdn0.woolworths.media/content/wowproductimages/medium/586815.jpg,2020-09-21 17:27:05,,0,,True
873d9d8f-a1b3-4bd2-8174-7ba92a7e09a5,Woolworths Supermarket,Pantry,Smith's Chicken 60g,586821,$2.10,$3.50 / 100G,https://www.woolworths.com.au/shop/productdetails/586821/smith-s-chicken,https://cdn0.woolworths.media/content/wowproductimages/medium/586821.jpg,2020-09-21 17:27:05,,0,,True
270676df-ad7c-4687-b18b-a6a7aa83699b,Woolworths Supermarket,Pantry,Doritos Cheese Supreme 60g,586822,$2.10,$3.50 / 100G,https://www.woolworths.com.au/shop/productdetails/586822/doritos-cheese-supreme,https://cdn0.woolworths.media/content/wowproductimages/medium/586822.jpg,2020-09-21 17:27:05,,0,,True
5a2fb340-abc9-4de7-acfb-1c65c4c70cfc,Woolworths Supermarket,Pantry,Woolworths Rice Cracker Seaweed 100g,587190,$0.90,$0.90 / 100G,https://www.woolworths.com.au/shop/productdetails/587190/woolworths-rice-cracker-seaweed,https://cdn0.woolworths.media/content/wowproductimages/medium/587190.jpg,2020-09-21 17:27:05,Average product rating out of 5: 4.0. Product score is based on 397 ratings,397,,True
09afc610-b514-4e12-9980-315d8d5af325,Woolworths Supermarket,Pantry,Woolworths Sweet & Salty Microwave Popcorn 100g,587191,$0.95,$9.50 / 1KG,https://www.woolworths.com.au/shop/productdetails/587191/woolworths-sweet-salty-microwave-popcorn,https://cdn0.woolworths.media/content/wowproductimages/medium/587191.jpg,2020-09-21 17:27:05,Average product rating out of 5: 3.8. Product score is based on 300 ratings,300,,True
bcece867-b8e8-45d4-9659-ef062e592590,Woolworths Supermarket,Pantry,Kettle Chilli Chips 175g,587293,$4.65,$2.66 / 100G,https://www.woolworths.com.au/shop/productdetails/587293/kettle-chilli-chips,https://cdn0.woolworths.media/content/wowproductimages/medium/587293.jpg,2020-09-21 17:27:05,,0,,True
92337690-7d6b-4acd-9965-551886c01b7f,Woolworths Supermarket,Pantry,Kettle Original Sea Salt Chips 175g,587294,$4.65,$2.66 / 100G,https://www.woolworths.com.au/shop/productdetails/587294/kettle-original-sea-salt-chips,https://cdn0.woolworths.media/content/wowproductimages/medium/587294.jpg,2020-09-21 17:27:05,,0,,True
efd9e0eb-1e44-494d-8193-b5fbfd3d099c,Woolworths Supermarket,Pantry,Kettle Honey Soy Chicken 175g,587302,$4.65,$2.66 / 100G,https://www.woolworths.com.au/shop/productdetails/587302/kettle-honey-soy-chicken,https://cdn0.woolworths.media/content/wowproductimages/medium/587302.jpg,2020-09-21 17:27:05,,0,,True
b915e2cb-359d-4338-a679-657f5f2cee8c,Woolworths Supermarket,Pantry,Kettle Sea Salt & Vinegar Chips 175g,587304,$4.65,$2.66 / 100G,https://www.woolworths.com.au/shop/productdetails/587304/kettle-sea-salt-vinegar-chips,https://cdn0.woolworths.media/content/wowproductimages/medium/587304.jpg,2020-09-21 17:27:05,,0,,True
085f7a80-93c6-4cf3-b01a-080a654fc354,Woolworths Supermarket,Pantry,Kettle Sweet Chilli & Sour Cream 175g,587305,$4.65,$2.66 / 100G,https://www.woolworths.com.au/shop/productdetails/587305/kettle-sweet-chilli-sour-cream,https://cdn0.woolworths.media/content/wowproductimages/medium/587305.jpg,2020-09-21 17:27:05,,0,,True
1218d791-9c55-4558-a892-906db9bddca6,Woolworths Supermarket,Pantry,Lipton Quality Black Tea Bags 200 pack,587903,$7.50,$0.04 / 1EA,https://www.woolworths.com.au/shop/productdetails/587903/lipton-quality-black-tea-bags,https://cdn0.woolworths.media/content/wowproductimages/medium/587903.jpg,2020-09-21 17:27:05,,0,,True
48cb7b23-d1ca-4877-a3b5-9cce2202317f,Woolworths Supermarket,Pantry,Lipton Quality Black Tea Bags 100 pack,587911,$5.00,$0.05 / 1EA,https://www.woolworths.com.au/shop/productdetails/587911/lipton-quality-black-tea-bags,https://cdn0.woolworths.media/content/wowproductimages/medium/587911.jpg,2020-09-21 17:27:05,,0,,True
b5f7ed9f-5dbc-4447-b813-fb107437d61d,Woolworths Supermarket,Pantry,Lipton Quality Black Tea 25 pack,591358,$2.20,$0.09 / 1EA,https://www.woolworths.com.au/shop/productdetails/591358/lipton-quality-black-tea,https://cdn0.woolworths.media/content/wowproductimages/medium/591358.jpg,2020-09-21 17:27:05,,0,,True
80d227dd-a078-4476-8f5a-e8b60d330706,Woolworths Supermarket,Pantry,Arnott's Shapes Chicken Crimpy 175g,384245,$2.50,$1.43 / 100G,https://www.woolworths.com.au/shop/productdetails/384245/arnott-s-shapes-chicken-crimpy,https://cdn0.woolworths.media/content/wowproductimages/medium/384245.jpg,2020-09-21 17:27:05,,0,,True
43b123d7-e305-44ce-8551-e0f20cfe0705,Woolworths Supermarket,Pantry,Cadbury Dairy Milk Chocolate Fair Trade 350g,757883,$5.00,$1.43 / 100G,https://www.woolworths.com.au/shop/productdetails/757883/cadbury-dairy-milk-chocolate-fair-trade,https://cdn0.woolworths.media/content/wowproductimages/medium/757883.jpg,2020-09-21 17:27:05,,0,Was $6.30 16/01/2017,True
03281a7c-eb92-4508-bf64-d8155ee9f51b,Woolworths Supermarket,Pantry,Sunbites Grain Waves Sour Cream & Chives 170g,082361,$3.50,$2.06 / 100G,https://www.woolworths.com.au/shop/productdetails/82361/sunbites-grain-waves-sour-cream-chives,https://cdn0.woolworths.media/content/wowproductimages/medium/082361.jpg,2020-09-21 17:27:05,,0,,True
cf34842a-5ef0-4273-a9a0-3be9185e24bb,Woolworths Supermarket,Pantry,Essentials Pasta Penne 500g,188800,$0.80,$0.16 / 100G,https://www.woolworths.com.au/shop/productdetails/188800/essentials-pasta-penne,https://cdn0.woolworths.media/content/wowproductimages/medium/188800.jpg,2020-09-21 17:27:05,,0,,True
4388c1dd-f950-496d-bc42-34e22b67be37,Woolworths Supermarket,Pantry,Fantastic Rice Crackers Original 100g,035231,$1.50,$1.50 / 100G,https://www.woolworths.com.au/shop/productdetails/35231/fantastic-rice-crackers-original,https://cdn0.woolworths.media/content/wowproductimages/medium/035231.jpg,2020-09-21 17:27:05,,0,,True
a1db8ebe-c4c1-47be-add3-b435b0b4b673,Woolworths Supermarket,Pantry,Ardmona Tomatoes Diced No Added Salt 400g,226849,$1.40,$3.50 / 1KG,https://www.woolworths.com.au/shop/productdetails/226849/ardmona-tomatoes-diced-no-added-salt,https://cdn0.woolworths.media/content/wowproductimages/medium/226849.jpg,2020-09-21 17:27:05,,0,,True
bfc2c9fb-ef46-4234-acc6-7d74a4a0ad07,Woolworths Supermarket,Pantry,Cadbury Fry's Turkish Delight 55g bar,098390,$1.00,$1.82 / 100G,https://www.woolworths.com.au/shop/productdetails/98390/cadbury-fry-s-turkish-delight,https://cdn0.woolworths.media/content/wowproductimages/medium/098390.jpg,2020-09-21 17:27:05,,0,,True
34e8cad1-11af-4613-986c-650855a9a18d,Woolworths Supermarket,Pantry,Continental Cup A Soup Creamy Chicken With Lots Of Noodles 2 pack,026649,$2.00,$3.33 / 100G,https://www.woolworths.com.au/shop/productdetails/26649/continental-cup-a-soup-creamy-chicken-with-lots-of-noodles,https://cdn0.woolworths.media/content/wowproductimages/medium/026649.jpg,2020-09-21 17:27:05,,0,,True
51239962-a8aa-4752-8706-4caaa44d46b1,Woolworths Supermarket,Pantry,Arnott's Monte Carlo 250g,036031,$3.00,$1.20 / 100G,https://www.woolworths.com.au/shop/productdetails/36031/arnott-s-monte-carlo,https://cdn0.woolworths.media/content/wowproductimages/medium/036031.jpg,2020-09-21 17:27:05,,0,,True
e6da2b0b-9c28-400f-b0ea-55f23c9700b1,Woolworths Supermarket,Pantry,Mckenzie's Himalayan Salt Rock Pink 400g,749926,$5.95,$0.15 / 10G,https://www.woolworths.com.au/shop/productdetails/749926/mckenzie-s-himalayan-salt-rock-pink,https://cdn0.woolworths.media/content/wowproductimages/medium/749926.jpg,2020-09-21 17:27:05,,0,,True
dc17e581-4fd7-447d-8ba5-be0fa2a2d3d0,Woolworths Supermarket,Pantry,Woolworths Rolled Traditional Oats 750g,321220,$1.40,$0.19 / 100G,https://www.woolworths.com.au/shop/productdetails/321220/woolworths-rolled-traditional-oats,https://cdn0.woolworths.media/content/wowproductimages/medium/321220.jpg,2020-09-21 17:27:05,Average product rating out of 5: 4.6. Product score is based on 748 ratings,748,,True
4b29cd92-8396-4f2b-95de-35e7b17f4fd0,Woolworths Supermarket,Pantry,Macro Organic Quinoa Tri Colour 500g,717631,$7.00,$1.40 / 100G,https://www.woolworths.com.au/shop/productdetails/717631/macro-organic-quinoa-tri-colour,https://cdn0.woolworths.media/content/wowproductimages/medium/717631.jpg,2020-09-21 17:27:05,Average product rating out of 5: 4.6. Product score is based on 274 ratings,274,Was $9.99 09/01/2017,True
864773d5-220d-4d14-93c8-04deb6ccb1d1,Woolworths Supermarket,Pantry,Mckenzie's Rice Flour 375g,094275,$1.50,$4.00 / 1KG,https://www.woolworths.com.au/shop/productdetails/94275/mckenzie-s-rice-flour,https://cdn0.woolworths.media/content/wowproductimages/medium/094275.jpg,2020-09-21 17:27:05,,0,,True
dcede757-65dd-4606-8b45-a2823e649c8a,Woolworths Supermarket,Pantry,Essentials Raw Sugar 2kg,018174,$2.10,$0.11 / 100G,https://www.woolworths.com.au/shop/productdetails/18174/essentials-raw-sugar,https://cdn0.woolworths.media/content/wowproductimages/medium/018174.jpg,2020-09-21 17:27:05,,0,,True
ca824d32-6c64-4a47-8f53-23d79231e3f8,Woolworths Supermarket,Pantry,Ritz Crackers Original 300g,660562,$2.50,$0.83 / 100G,https://www.woolworths.com.au/shop/productdetails/660562/ritz-crackers-original,https://cdn0.woolworths.media/content/wowproductimages/medium/660562.jpg,2020-09-21 17:27:05,,0,,True
00552564-8596-4a0c-9a78-15e92a72ab8b,Woolworths Supermarket,Pantry,Woolworths Diced Italian Tomatoes No Added Salt 400g,770320,$0.80,$2.00 / 1KG,https://www.woolworths.com.au/shop/productdetails/770320/woolworths-diced-italian-tomatoes-no-added-salt,https://cdn0.woolworths.media/content/wowproductimages/medium/770320.jpg,2020-09-21 17:27:05,Average product rating out of 5: 4.7. Product score is based on 311 ratings,311,,True
4b481924-d9fb-4d05-9997-4cc62ca89b49,Woolworths Supermarket,Pantry,Heinz Canned Soup Big Red Tomato 420g,034331,$2.20,$0.52 / 100G,https://www.woolworths.com.au/shop/productdetails/34331/heinz-canned-soup-big-red-tomato,https://cdn0.woolworths.media/content/wowproductimages/medium/034331.jpg,2020-09-21 17:27:05,,0,,True
5a0d19f4-a432-4ee8-aaf0-4a065abb8abd,Woolworths Supermarket,Pantry,Indomie Mi Goreng Instant Noodles 5pk 425g,177972,$2.75,$0.65 / 100G,https://www.woolworths.com.au/shop/productdetails/177972/indomie-mi-goreng-instant-noodles,https://cdn0.woolworths.media/content/wowproductimages/medium/177972.jpg,2020-09-21 17:27:05,,0,,True
b705ac9b-686a-4e5b-bbec-f9e95d865c91,Woolworths Supermarket,Pantry,Masterfoods Barbecue Sauce 500ml,099696,$2.50,$0.50 / 100ML,https://www.woolworths.com.au/shop/productdetails/99696/masterfoods-barbecue-sauce,https://cdn0.woolworths.media/content/wowproductimages/medium/099696.jpg,2020-09-21 17:27:05,,0,,True
ebd56525-9c82-4181-8d26-0c34371ae6da,Woolworths Supermarket,Pantry,Sunbites Grain Waves Sour Cream & Chives 5 pack,720220,$3.10,$2.82 / 100G,https://www.woolworths.com.au/shop/productdetails/720220/sunbites-grain-waves-sour-cream-chives,https://cdn0.woolworths.media/content/wowproductimages/medium/720220.jpg,2020-09-21 17:27:05,,0,2 for $5.00,True
7fb5c1a7-3c55-47db-aa2c-e83b9b16a064,Woolworths Supermarket,Pantry,Goulburn Valley Peaches In Juice 2 pack,591456,$4.00,$11.76 / 1KG,https://www.woolworths.com.au/shop/productdetails/591456/goulburn-valley-peaches-in-juice,https://cdn0.woolworths.media/content/wowproductimages/medium/591456.jpg,2020-09-21 17:27:05,,0,,True
9922124c-9c5a-4f51-918b-549066dbbeb2,Woolworths Supermarket,Pantry,Goulburn Valley Two Fruits In Juice 2 pack,591490,$4.00,$11.76 / 1KG,https://www.woolworths.com.au/shop/productdetails/591490/goulburn-valley-two-fruits-in-juice,https://cdn0.woolworths.media/content/wowproductimages/medium/591490.jpg,2020-09-21 17:27:05,,0,,True
ebfe2f16-210e-4e14-8387-a639f5474fb4,Woolworths Supermarket,Pantry,Mccormicks Slow Cookers Beef & Red Wine 40g,591649,$1.69,$4.23 / 100G,https://www.woolworths.com.au/shop/productdetails/591649/mccormicks-slow-cookers-beef-red-wine,https://cdn0.woolworths.media/content/wowproductimages/medium/591649.jpg,2020-09-21 17:27:05,,0,2 for $3.00,True
c600bc6b-0321-4a6d-b4df-568cc4e6b59e,Woolworths Supermarket,Pantry,Mccormicks Slow Cookers Garlic & Herb Lamb Shanks 40g,591694,$1.69,$4.23 / 100G,https://www.woolworths.com.au/shop/productdetails/591694/mccormicks-slow-cookers-garlic-herb-lamb-shanks,https://cdn0.woolworths.media/content/wowproductimages/medium/591694.jpg,2020-09-21 17:27:05,,0,2 for $3.00,True
5ad03e35-7b44-4e75-bf46-f45f333019ec,Woolworths Supermarket,Pantry,Mccormicks Slow Cookers Country Chicken Cassarole 40g,591701,$1.69,$4.23 / 100G,https://www.woolworths.com.au/shop/productdetails/591701/mccormicks-slow-cookers-country-chicken-cassarole,https://cdn0.woolworths.media/content/wowproductimages/medium/591701.jpg,2020-09-21 17:27:05,,0,2 for $3.00,True
37cb023e-4985-4f34-861f-74896c75ef6b,Woolworths Supermarket,Pantry,Spc Apple Puree 4pk 480g,591705,$4.00,$8.33 / 1KG,https://www.woolworths.com.au/shop/productdetails/591705/spc-apple-puree,https://cdn0.woolworths.media/content/wowproductimages/medium/591705.jpg,2020-09-21 17:27:05,,0,,True
18ff9af1-01e7-4ce6-af30-d063175f0cc4,Woolworths Supermarket,Pantry,Spc Mango In Juice 4pk 480g,591706,$4.00,$8.33 / 1KG,https://www.woolworths.com.au/shop/productdetails/591706/spc-mango-in-juice,https://cdn0.woolworths.media/content/wowproductimages/medium/591706.jpg,2020-09-21 17:27:05,,0,,True
56cd0286-28aa-43e4-8749-fa9401c7f651,Woolworths Supermarket,Pantry,Spc Diced Apricots In Juice 4pk 480g,591707,$4.00,$8.33 / 1KG,https://www.woolworths.com.au/shop/productdetails/591707/spc-diced-apricots-in-juice,https://cdn0.woolworths.media/content/wowproductimages/medium/591707.jpg,2020-09-21 17:27:05,,0,,True
628536a7-925e-4bf9-b03a-d88ddb4d1263,Woolworths Supermarket,Pantry,Mccormicks Slow Cookers Mild Chicken 40g,591717,$1.69,$4.23 / 100G,https://www.woolworths.com.au/shop/productdetails/591717/mccormicks-slow-cookers-mild-chicken,https://cdn0.woolworths.media/content/wowproductimages/medium/591717.jpg,2020-09-21 17:27:05,,0,2 for $3.00,True
c70c6c9e-7fd4-4114-9d85-9df804c79b00,Woolworths Supermarket,Pantry,Mccormicks Produce Partner Scallop Potato 40g,591719,$1.50,$3.75 / 100G,https://www.woolworths.com.au/shop/productdetails/591719/mccormicks-produce-partner-scallop-potato,https://cdn0.woolworths.media/content/wowproductimages/medium/591719.jpg,2020-09-21 17:27:05,,0,,True
137fb6f3-0ffc-43d2-8fa2-ac21b06b16b7,Woolworths Supermarket,Pantry,Mccormicks Produce Partner Sour Cream Chive Potato Mash 40g,591730,$1.50,$3.75 / 100G,https://www.woolworths.com.au/shop/productdetails/591730/mccormicks-produce-partner-sour-cream-chive-potato-mash,https://cdn0.woolworths.media/content/wowproductimages/medium/591730.jpg,2020-09-21 17:27:05,,0,,True
af6691a4-4414-4b55-b443-e2a730d1fad7,Woolworths Supermarket,Pantry,Spc Diced Fruit Salad In Juice 4pk 480g,591731,$4.00,$8.33 / 1KG,https://www.woolworths.com.au/shop/productdetails/591731/spc-diced-fruit-salad-in-juice,https://cdn0.woolworths.media/content/wowproductimages/medium/591731.jpg,2020-09-21 17:27:05,,0,,True
5098c4ed-e998-4f2e-907d-ede8a3953503,Woolworths Supermarket,Pantry,Spc Diced Peaches In Juice 4pk 480g,591732,$4.00,$8.33 / 1KG,https://www.woolworths.com.au/shop/productdetails/591732/spc-diced-peaches-in-juice,https://cdn0.woolworths.media/content/wowproductimages/medium/591732.jpg,2020-09-21 17:27:05,,0,,True
88e0a352-0878-4774-bf75-0688f1409719,Woolworths Supermarket,Pantry,Spc Apple Strawberry Puree 4pk 480g,591733,$4.00,$8.33 / 1KG,https://www.woolworths.com.au/shop/productdetails/591733/spc-apple-strawberry-puree,https://cdn0.woolworths.media/content/wowproductimages/medium/591733.jpg,2020-09-21 17:27:05,,0,,True
fff4621c-93b0-4e25-9def-169cb69ccdfe,Woolworths Supermarket,Pantry,Spc Diced Pears In Juice 4pk 480g,591734,$4.00,$8.33 / 1KG,https://www.woolworths.com.au/shop/productdetails/591734/spc-diced-pears-in-juice,https://cdn0.woolworths.media/content/wowproductimages/medium/591734.jpg,2020-09-21 17:27:05,,0,,True
e22b1ad3-b3af-4eb3-8e15-29f5dbf9b3e8,Woolworths Supermarket,Pantry,Woolworths Party Mix 150g,591939,$1.00,$0.67 / 100G,https://www.woolworths.com.au/shop/productdetails/591939/woolworths-party-mix,https://cdn0.woolworths.media/content/wowproductimages/medium/591939.jpg,2020-09-21 17:27:05,Average product rating out of 5: 3.7. Product score is based on 450 ratings,450,,True
3ab9274d-19aa-4daa-8d78-230aaecbbaed,Woolworths Supermarket,Pantry,Woolworths Snakes 150g,592090,$1.00,$0.67 / 100G,https://www.woolworths.com.au/shop/productdetails/592090/woolworths-snakes,https://cdn0.woolworths.media/content/wowproductimages/medium/592090.jpg,2020-09-21 17:27:05,Average product rating out of 5: 4.1. Product score is based on 330 ratings,330,,True
b94cce7e-6e88-44a4-9076-3da45cf45046,Woolworths Supermarket,Pantry,Woolworths Lolly Party Mix 650g,592091,$3.00,$0.46 / 100G,https://www.woolworths.com.au/shop/productdetails/592091/woolworths-lolly-party-mix,https://cdn0.woolworths.media/content/wowproductimages/medium/592091.jpg,2020-09-21 17:27:05,Average product rating out of 5: 3.8. Product score is based on 517 ratings,517,,True
074da853-8f9b-4e6d-96d0-e2b11d4a2604,Woolworths Supermarket,Pantry,Woolworths Snakes 650g,592092,$3.00,$0.46 / 100G,https://www.woolworths.com.au/shop/productdetails/592092/woolworths-snakes,https://cdn0.woolworths.media/content/wowproductimages/medium/592092.jpg,2020-09-21 17:27:05,Average product rating out of 5: 4.1. Product score is based on 391 ratings,391,,True
f58a0477-735e-4b27-a4b0-f7f4e7e2c0f4,Woolworths Supermarket,Pantry,Woolworths Jelly Babies 320g,592093,$1.60,$0.50 / 100G,https://www.woolworths.com.au/shop/productdetails/592093/woolworths-jelly-babies,https://cdn0.woolworths.media/content/wowproductimages/medium/592093.jpg,2020-09-21 17:27:05,Average product rating out of 5: 4.0. Product score is based on 398 ratings,398,,True
ce7b6453-471a-4a22-bd67-7aa21536e953,Woolworths Supermarket,Pantry,Woolworths Jelly Beans 350g,592094,$1.60,$0.46 / 100G,https://www.woolworths.com.au/shop/productdetails/592094/woolworths-jelly-beans,https://cdn0.woolworths.media/content/wowproductimages/medium/592094.jpg,2020-09-21 17:27:05,Average product rating out of 5: 3.8. Product score is based on 459 ratings,459,,True
4d92bded-37b1-4590-8210-05a2b246a078,Woolworths Supermarket,Pantry,Woolworths Jubes 270g,592095,$1.60,$0.59 / 100G,https://www.woolworths.com.au/shop/productdetails/592095/woolworths-jubes,https://cdn0.woolworths.media/content/wowproductimages/medium/592095.jpg,2020-09-21 17:27:05,,0,,True
30064b69-3dfb-4a7b-94ca-f830b4aff13f,Woolworths Supermarket,Pantry,Woolworths Jellies Spearmint 225g,592096,$1.60,$0.71 / 100G,https://www.woolworths.com.au/shop/productdetails/592096/woolworths-jellies-spearmint,https://cdn0.woolworths.media/content/wowproductimages/medium/592096.jpg,2020-09-21 17:27:05,,0,,True
b0f45fbe-8c3b-48dc-94bd-51c7c7246977,Woolworths Supermarket,Pantry,Woolworths Boiled Sweets 225g,592097,$1.60,$0.71 / 100G,https://www.woolworths.com.au/shop/productdetails/592097/woolworths-boiled-sweets,https://cdn0.woolworths.media/content/wowproductimages/medium/592097.jpg,2020-09-21 17:27:05,Average product rating out of 5: 3.9. Product score is based on 426 ratings,426,,True
9276c65b-f6ff-496e-ba6e-343fc81e7fdb,Woolworths Supermarket,Pantry,Masterfoods Barbecue Sauce 500ml,099696,$2.50,$0.50 / 100ML,https://www.woolworths.com.au/shop/productdetails/99696/masterfoods-barbecue-sauce,https://cdn0.woolworths.media/content/wowproductimages/medium/099696.jpg,2020-09-21 17:27:05,,0,,True
638bb7c7-ce9e-4b21-be24-34dce83e2e88,Woolworths Supermarket,Pantry,Doritos Share Pack Cheese Supreme 170g,826731,$2.75,$1.62 / 100G,https://www.woolworths.com.au/shop/productdetails/826731/doritos-share-pack-cheese-supreme,https://cdn0.woolworths.media/content/wowproductimages/medium/826731.jpg,2020-09-21 17:27:05,,0,,True
61c57d0c-9992-4608-ac28-64fc8bc90dc2,Woolworths Supermarket,Pantry,Arnott's Shortbread 250g,008838,$2.50,$1.00 / 100G,https://www.woolworths.com.au/shop/productdetails/8838/arnott-s-shortbread,https://cdn0.woolworths.media/content/wowproductimages/medium/008838.jpg,2020-09-21 17:27:05,,0,,True
d2c4eda3-65d9-4197-98d6-e71968f0a004,Woolworths Supermarket,Pantry,Twisties Cheese Chips 90g,081659,$2.00,$2.22 / 100G,https://www.woolworths.com.au/shop/productdetails/81659/twisties-cheese-chips,https://cdn0.woolworths.media/content/wowproductimages/medium/081659.jpg,2020-09-21 17:27:05,,0,,True
db78c64b-09e3-49ff-bdba-0d98a14c55d5,Woolworths Supermarket,Pantry,Bertolli Extra Virgin Olive Oil Originale 750ml,502951,$6.50,$0.87 / 100ML,https://www.woolworths.com.au/shop/productdetails/502951/bertolli-extra-virgin-olive-oil-originale,https://cdn0.woolworths.media/content/wowproductimages/medium/502951.jpg,2020-09-21 17:27:05,,0,,True
598ea7ff-71e3-48b3-a903-0bd0316eb023,Woolworths Supermarket,Pantry,Valcom Canned Bamboo Shoots Sliced 225g,097730,$1.10,$4.89 / 1KG,https://www.woolworths.com.au/shop/productdetails/97730/valcom-canned-bamboo-shoots-sliced,https://cdn0.woolworths.media/content/wowproductimages/medium/097730.jpg,2020-09-21 17:27:05,,0,,True
32db23ed-b3a7-4de6-a067-b6bc1dfd3832,Woolworths Supermarket,Pantry,Kellogg's Nutri-grain Protein Breakfast Cereal 290g,701706,$4.95,$1.71 / 100G,https://www.woolworths.com.au/shop/productdetails/701706/kellogg-s-nutri-grain-protein-breakfast-cereal,https://cdn0.woolworths.media/content/wowproductimages/medium/701706.jpg,2020-09-21 17:27:05,,0,,True
822546f3-9c9c-4fc2-be40-17d33291f926,Woolworths Supermarket,Pantry,Arnott's Malt O' Milk 250g,036036,$2.50,$1.00 / 100G,https://www.woolworths.com.au/shop/productdetails/36036/arnott-s-malt-o-milk,https://cdn0.woolworths.media/content/wowproductimages/medium/036036.jpg,2020-09-21 17:27:05,,0,,True
07b3c80f-c1e3-42a3-9aee-e9c8fd1c96ab,Woolworths Supermarket,Pantry,Smith's Share Pack Crinkle Cut Salt & Vinegar 170g,826738,$2.75,$1.62 / 100G,https://www.woolworths.com.au/shop/productdetails/826738/smith-s-share-pack-crinkle-cut-salt-vinegar,https://cdn0.woolworths.media/content/wowproductimages/medium/826738.jpg,2020-09-21 17:27:05,,0,,True
5bc8c1c4-e20a-44a1-bedf-04bd7703badc,Woolworths Supermarket,Pantry,Arnott's Snack Right Sultana 250g,182697,$3.00,$1.20 / 100G,https://www.woolworths.com.au/shop/productdetails/182697/arnott-s-snack-right-sultana,https://cdn0.woolworths.media/content/wowproductimages/medium/182697.jpg,2020-09-21 17:27:05,,0,Was $4.20 11/02/2019,True
85054e7b-54f5-40f4-be9b-2daa3d000dcd,Woolworths Supermarket,Pantry,Toblerone Milk Chocolate Bar 50g,047011,$1.00,$2.00 / 100G,https://www.woolworths.com.au/shop/productdetails/47011/toblerone-milk-chocolate-bar,https://cdn0.woolworths.media/content/wowproductimages/medium/047011.jpg,2020-09-21 17:27:05,,0,,True
84704f04-bfd0-4bb0-9b59-04810b0ae052,Woolworths Supermarket,Pantry,Kooka's Country Cookies Lemon 200g,347837,$2.00,$1.00 / 100G,https://www.woolworths.com.au/shop/productdetails/347837/kooka-s-country-cookies-lemon,https://cdn0.woolworths.media/content/wowproductimages/medium/347837.jpg,2020-09-21 17:27:05,,0,,True
a7c64083-b69b-4592-9095-312134e3a66d,Woolworths Supermarket,Pantry,Uncle Tobys Roll-ups Strawberry Fun Prints 6 pack,324231,$4.00,$4.26 / 100G,https://www.woolworths.com.au/shop/productdetails/324231/uncle-tobys-roll-ups-strawberry-fun-prints,https://cdn0.woolworths.media/content/wowproductimages/medium/324231.jpg,2020-09-21 17:27:05,,0,,True
24ef651a-087c-46b4-9388-7cd72a9546f6,Woolworths Supermarket,Pantry,Woolworths Corn Sweet Kernels 420g,218926,$1.00,$2.38 / 1KG,https://www.woolworths.com.au/shop/productdetails/218926/woolworths-corn-sweet-kernels,https://cdn0.woolworths.media/content/wowproductimages/medium/218926.jpg,2020-09-21 17:27:05,Average product rating out of 5: 4.1. Product score is based on 215 ratings,215,,True
32578713-1ab5-45fa-8edf-616c6534a654,Woolworths Supermarket,Pantry,Moccona Freeze Dried Instant Coffee Classic Medium Roast 400g,208575,$24.00,$6.00 / 100G,https://www.woolworths.com.au/shop/productdetails/208575/moccona-freeze-dried-instant-coffee-classic-medium-roast,https://cdn0.woolworths.media/content/wowproductimages/medium/208575.jpg,2020-09-21 17:27:05,,0,,True
93484a03-2e8d-4670-9c8a-120db5e2076b,Woolworths Supermarket,Pantry,Macro Organic Quinoa Tri Colour 500g,717631,$7.00,$1.40 / 100G,https://www.woolworths.com.au/shop/productdetails/717631/macro-organic-quinoa-tri-colour,https://cdn0.woolworths.media/content/wowproductimages/medium/717631.jpg,2020-09-21 17:27:05,Average product rating out of 5: 4.6. Product score is based on 274 ratings,274,Was $9.99 09/01/2017,True
a9c886db-a0ec-459f-a193-713103be0c40,Woolworths Supermarket,Pantry,Arnott's Shapes Cheddar 175g,384244,$2.50,$1.43 / 100G,https://www.woolworths.com.au/shop/productdetails/384244/arnott-s-shapes-cheddar,https://cdn0.woolworths.media/content/wowproductimages/medium/384244.jpg,2020-09-21 17:27:05,,0,,True
247fbb3f-a8ab-49b3-9223-68d17f9d7d39,Woolworths Supermarket,Pantry,Uncle Ben's Microwave Mexican Style Brown Rice 250g,727257,$3.00,$1.20 / 100G,https://www.woolworths.com.au/shop/productdetails/727257/uncle-ben-s-microwave-mexican-style-brown-rice,https://cdn0.woolworths.media/content/wowproductimages/medium/727257.jpg,2020-09-21 17:27:05,,0,,True
c12db6bb-fe28-4363-830f-0e61cca53fa9,Woolworths Supermarket,Pantry,Pringles Sour Cream And Onion Chips 134g,479502,$2.50,$1.87 / 100G,https://www.woolworths.com.au/shop/productdetails/479502/pringles-sour-cream-and-onion-chips,https://cdn0.woolworths.media/content/wowproductimages/medium/479502.jpg,2020-09-21 17:27:05,,0,,True
841c7b02-4f65-44c5-97f6-7ad893466dd9,Woolworths Supermarket,Pantry,Woolworths Jellies Humbugs 225g,592098,$1.60,$0.71 / 100G,https://www.woolworths.com.au/shop/productdetails/592098/woolworths-jellies-humbugs,https://cdn0.woolworths.media/content/wowproductimages/medium/592098.jpg,2020-09-21 17:27:05,Average product rating out of 5: 4.0. Product score is based on 55 ratings,55,,True
324bf470-cdb2-4017-bd29-9142c73a7bd6,Woolworths Supermarket,Pantry,Woolworths Fruit Drops 225g,592099,$1.60,$0.71 / 100G,https://www.woolworths.com.au/shop/productdetails/592099/woolworths-fruit-drops,https://cdn0.woolworths.media/content/wowproductimages/medium/592099.jpg,2020-09-21 17:27:05,Average product rating out of 5: 3.7. Product score is based on 651 ratings,651,,True
ba0bcf5c-deab-4a3d-a12b-3e8c233105d0,Woolworths Supermarket,Pantry,Woolworths Glazed Mints 170g,592110,$1.60,$0.94 / 100G,https://www.woolworths.com.au/shop/productdetails/592110/woolworths-glazed-mints,https://cdn0.woolworths.media/content/wowproductimages/medium/592110.jpg,2020-09-21 17:27:05,Average product rating out of 5: 4.2. Product score is based on 531 ratings,531,,True
c5bb28ab-27b9-4418-8872-24c73a86438b,Woolworths Supermarket,Pantry,Woolworths Crown Mints 225g,592111,$1.60,$0.71 / 100G,https://www.woolworths.com.au/shop/productdetails/592111/woolworths-crown-mints,https://cdn0.woolworths.media/content/wowproductimages/medium/592111.jpg,2020-09-21 17:27:05,,0,,True
c545c8ae-7f09-4fa6-96ab-6f3db196b66d,Woolworths Supermarket,Pantry,Woolworths Extra Strong Mints 225g,592112,$1.60,$0.71 / 100G,https://www.woolworths.com.au/shop/productdetails/592112/woolworths-extra-strong-mints,https://cdn0.woolworths.media/content/wowproductimages/medium/592112.jpg,2020-09-21 17:27:05,Average product rating out of 5: 3.8. Product score is based on 790 ratings,790,,True
77b95958-6e83-43d9-acb6-1ff19aab1ce0,Woolworths Supermarket,Pantry,Golden Circle Tropical Smash Puree Apple Pineapple & Banana 120g,592203,$1.50,$12.50 / 1KG,https://www.woolworths.com.au/shop/productdetails/592203/golden-circle-tropical-smash-puree-apple-pineapple-banana,https://cdn0.woolworths.media/content/wowproductimages/medium/592203.jpg,2020-09-21 17:27:05,,0,Was $1.89 03/04/2017,True
abf8cce2-93e3-422b-95a7-00ed3d3cc505,Woolworths Supermarket,Pantry,Gourmet Garden Mint Lightly Dried 5g,593297,$3.50,$7.00 / 10G,https://www.woolworths.com.au/shop/productdetails/593297/gourmet-garden-mint-lightly-dried,https://cdn0.woolworths.media/content/wowproductimages/medium/593297.jpg,2020-09-21 17:27:05,,0,,True
84e8c0ff-df63-450f-9516-607cf65cd51e,Woolworths Supermarket,Pantry,Gourmet Garden Oregano Lightly Dried 5g,593301,$3.50,$7.00 / 10G,https://www.woolworths.com.au/shop/productdetails/593301/gourmet-garden-oregano-lightly-dried,https://cdn0.woolworths.media/content/wowproductimages/medium/593301.jpg,2020-09-21 17:27:05,,0,,True
6ad07eb4-0551-45f5-afe5-a22347924fd4,Woolworths Supermarket,Pantry,Leggos Lasagne Bake Tomato Sauce 500g,596108,$3.00,$0.60 / 100G,https://www.woolworths.com.au/shop/productdetails/596108/leggos-lasagne-bake-tomato-sauce,https://cdn0.woolworths.media/content/wowproductimages/medium/596108.jpg,2020-09-21 17:27:05,,0,Was $3.79 10/10/16,True
6ca7b990-604e-406e-8037-718e2a48ecfc,Woolworths Supermarket,Pantry,Leggos Classic Tomato Pasta Sauce With Chunky Tomato & Herb 500g,596940,$3.30,$0.66 / 100G,https://www.woolworths.com.au/shop/productdetails/596940/leggos-classic-tomato-pasta-sauce-with-chunky-tomato-herb,https://cdn0.woolworths.media/content/wowproductimages/medium/596940.jpg,2020-09-21 17:27:05,,0,,True
05ebc5c0-ba71-4990-8ba9-345b3e809c34,Woolworths Supermarket,Pantry,Leggos Lasagne Bake White Sauce With Tasty Cheese 490g,596942,$3.00,$0.61 / 100G,https://www.woolworths.com.au/shop/productdetails/596942/leggos-lasagne-bake-white-sauce-with-tasty-cheese,https://cdn0.woolworths.media/content/wowproductimages/medium/596942.jpg,2020-09-21 17:27:05,,0,Was $3.79 10/10/16,True
86bf0343-7362-4a36-8011-51e25b53711c,Woolworths Supermarket,Pantry,Uncle Tobys Muesli Bars Variety Pack 15 pack,597446,$5.00,$1.07 / 100G,https://www.woolworths.com.au/shop/productdetails/597446/uncle-tobys-muesli-bars-variety-pack,https://cdn0.woolworths.media/content/wowproductimages/medium/597446.jpg,2020-09-21 17:27:05,,0,,True
3a0b148a-202b-4070-b9ab-c23a3f888fda,Woolworths Supermarket,Pantry,Uncle Tobys Muesli Bars Choc Chip 15 pack,597602,$5.00,$1.07 / 100G,https://www.woolworths.com.au/shop/productdetails/597602/uncle-tobys-muesli-bars-choc-chip,https://cdn0.woolworths.media/content/wowproductimages/medium/597602.jpg,2020-09-21 17:27:05,,0,,True
62d8cb49-5d44-4fa9-9675-664fbae31cc2,Woolworths Supermarket,Pantry,Nestle Muesli Bars Lunch Box Favourites 15 pack,597603,$5.00,$1.07 / 100G,https://www.woolworths.com.au/shop/productdetails/597603/nestle-muesli-bars-lunch-box-favourites,https://cdn0.woolworths.media/content/wowproductimages/medium/597603.jpg,2020-09-21 17:27:05,,0,,True
0cdc3ba3-869a-4cc5-a4ef-f83965513649,Woolworths Supermarket,Pantry,Uncle Tobys Yoghurt Muesli Bars Strawberry 469g,597604,$5.00,$1.07 / 100G,https://www.woolworths.com.au/shop/productdetails/597604/uncle-tobys-yoghurt-muesli-bars-strawberry,https://cdn0.woolworths.media/content/wowproductimages/medium/597604.jpg,2020-09-21 17:27:05,,0,,True
fcabb846-6dd5-4b49-8b70-b268c111f966,Woolworths Supermarket,Pantry,Woolworths Basmati Rice 5kg,598743,$12.00,$0.24 / 100G,https://www.woolworths.com.au/shop/productdetails/598743/woolworths-basmati-rice,https://cdn0.woolworths.media/content/wowproductimages/medium/598743.jpg,2020-09-21 17:27:05,,0,,True
1cfb87d7-0d4a-45b2-a478-f3355bdbe38f,Woolworths Supermarket,Pantry,Woolworths Crunchy Natural Almonds 400g,600808,$9.00,$22.50 / 1KG,https://www.woolworths.com.au/shop/productdetails/600808/woolworths-crunchy-natural-almonds,https://cdn0.woolworths.media/content/wowproductimages/medium/600808.jpg,2020-09-21 17:27:05,,0,,True
44f91cb5-8ce1-48a4-ac9a-df2d8e14afac,Woolworths Supermarket,Pantry,Woolworths Dry Roasted Almonds Nuts 400g,600878,$9.00,$22.50 / 1KG,https://www.woolworths.com.au/shop/productdetails/600878/woolworths-dry-roasted-almonds-nuts,https://cdn0.woolworths.media/content/wowproductimages/medium/600878.jpg,2020-09-21 17:27:05,,0,,True
a69b6e83-be54-473d-9cc7-c7e8b6e2a357,Woolworths Supermarket,Pantry,Woolworths Jasmine Rice 1kg,601342,$2.95,$0.30 / 100G,https://www.woolworths.com.au/shop/productdetails/601342/woolworths-jasmine-rice,https://cdn0.woolworths.media/content/wowproductimages/medium/601342.jpg,2020-09-21 17:27:05,Average product rating out of 5: 4.6. Product score is based on 498 ratings,498,,True
8b36ae86-9e95-4637-800e-3e35ac4a683a,Woolworths Supermarket,Pantry,Woolworths Jasmine Rice 5kg,601343,$12.50,$0.25 / 100G,https://www.woolworths.com.au/shop/productdetails/601343/woolworths-jasmine-rice,https://cdn0.woolworths.media/content/wowproductimages/medium/601343.jpg,2020-09-21 17:27:05,,0,,True
900ff02e-004e-4e81-9880-9d2fb6464cba,Woolworths Supermarket,Pantry,Dutch Bakehouse Almond Fingers 275g,601757,$2.50,$0.91 / 100G,https://www.woolworths.com.au/shop/productdetails/601757/dutch-bakehouse-almond-fingers,https://cdn0.woolworths.media/content/wowproductimages/medium/601757.jpg,2020-09-21 17:27:05,,0,,True
9e406c09-779a-4918-b31d-a5691a6fbeeb,Woolworths Supermarket,Pantry,Woolworths Eucalyptus & Honey Drops 150g,603420,$2.00,$1.33 / 100G,https://www.woolworths.com.au/shop/productdetails/603420/woolworths-eucalyptus-honey-drops,https://cdn0.woolworths.media/content/wowproductimages/medium/603420.jpg,2020-09-21 17:27:05,,0,,True
5be838ab-c374-4001-bd18-bb1aa7fa9123,Woolworths Supermarket,Pantry,L'or Espresso Ristretto Coffee Capsule 10 pack,603799,$4.50,$0.45 / 1EA,https://www.woolworths.com.au/shop/productdetails/603799/l-or-espresso-ristretto-coffee-capsule,https://cdn0.woolworths.media/content/wowproductimages/medium/603799.jpg,2020-09-21 17:27:05,,0,,True
d68a7fec-4876-4ff8-a991-18f3fb7a5736,Woolworths Supermarket,Pantry,L'or Espresso Onyx Coffee Capsule 10 pack,603805,$4.50,$0.45 / 1EA,https://www.woolworths.com.au/shop/productdetails/603805/l-or-espresso-onyx-coffee-capsule,https://cdn0.woolworths.media/content/wowproductimages/medium/603805.jpg,2020-09-21 17:27:05,,0,,True
8140cf20-4e2b-49f6-9c01-65463af9effb,Woolworths Supermarket,Pantry,Sunbites Grain Waves Sour Cream & Chives 5 pack,720220,$3.10,$2.82 / 100G,https://www.woolworths.com.au/shop/productdetails/720220/sunbites-grain-waves-sour-cream-chives,https://cdn0.woolworths.media/content/wowproductimages/medium/720220.jpg,2020-09-21 17:27:05,,0,2 for $5.00,True
5448d939-674f-4870-9b8f-3f09111af4ce,Woolworths Supermarket,Pantry,Woolworths Rolled Traditional Oats 750g,321220,$1.40,$0.19 / 100G,https://www.woolworths.com.au/shop/productdetails/321220/woolworths-rolled-traditional-oats,https://cdn0.woolworths.media/content/wowproductimages/medium/321220.jpg,2020-09-21 17:27:05,Average product rating out of 5: 4.6. Product score is based on 748 ratings,748,,True
847684f5-6af1-4946-9517-425c6e7bb65e,Woolworths Supermarket,Pantry,Sanitarium Weet-bix Breakfast Cereal 1.2kg,200695,$5.00,$0.42 / 100G,https://www.woolworths.com.au/shop/productdetails/200695/sanitarium-weet-bix-breakfast-cereal,https://cdn0.woolworths.media/content/wowproductimages/medium/200695.jpg,2020-09-21 17:27:05,,0,,True
715abca0-79f4-4563-888b-6ec18e2301de,Woolworths Supermarket,Pantry,Woolworths Walnuts Kernel 500g,749540,$11.00,$22.00 / 1KG,https://www.woolworths.com.au/shop/productdetails/749540/woolworths-walnuts-kernel,https://cdn0.woolworths.media/content/wowproductimages/medium/749540.jpg,2020-09-21 17:27:05,Average product rating out of 5: 4.8. Product score is based on 360 ratings,360,,True
d01bb875-d167-45c5-8cab-9f4d6a5e438d,Woolworths Supermarket,Pantry,Vege Chips Chicken Style 100g,793382,$3.80,$3.80 / 100G,https://www.woolworths.com.au/shop/productdetails/793382/vege-chips-chicken-style,https://cdn0.woolworths.media/content/wowproductimages/medium/793382.jpg,2020-09-21 17:27:05,Average product rating out of 5: 4.7. Product score is based on 20 ratings,20,,True
c1148814-4b3b-4405-91fb-857f6fa69651,Woolworths Supermarket,Pantry,Beechworth Pure Honey 1.5kg,250371,$22.00,$1.47 / 100G,https://www.woolworths.com.au/shop/productdetails/250371/beechworth-pure-honey,https://cdn0.woolworths.media/content/wowproductimages/medium/250371.jpg,2020-09-21 17:27:05,,0,,True
96f15bf1-0c5d-4141-a9e8-e27d3ef60d5d,Woolworths Supermarket,Pantry,Arnott's Monte Carlo 250g,036031,$3.00,$1.20 / 100G,https://www.woolworths.com.au/shop/productdetails/36031/arnott-s-monte-carlo,https://cdn0.woolworths.media/content/wowproductimages/medium/036031.jpg,2020-09-21 17:27:05,,0,,True
c0b000d5-3926-4c17-8f0a-121cc6e3a698,Woolworths Supermarket,Pantry,Bertolli Extra Virgin Olive Oil Originale 750ml,502951,$6.50,$0.87 / 100ML,https://www.woolworths.com.au/shop/productdetails/502951/bertolli-extra-virgin-olive-oil-originale,https://cdn0.woolworths.media/content/wowproductimages/medium/502951.jpg,2020-09-21 17:27:05,,0,,True
f8d51d65-b2a0-4e6d-bd36-694aa959bd9f,Woolworths Supermarket,Pantry,Nescafe Blend 43 Soluble Instant Coffee 500g,035694,$20.00,$4.00 / 100G,https://www.woolworths.com.au/shop/productdetails/35694/nescafe-blend-43-soluble-instant-coffee,https://cdn0.woolworths.media/content/wowproductimages/medium/035694.jpg,2020-09-21 17:27:05,,0,,True
69e2ebd3-feab-4abc-922a-65ee0169cbb1,Woolworths Supermarket,Pantry,Moccona Freeze Dried Instant Coffee Classic Medium Roast 400g,208575,$24.00,$6.00 / 100G,https://www.woolworths.com.au/shop/productdetails/208575/moccona-freeze-dried-instant-coffee-classic-medium-roast,https://cdn0.woolworths.media/content/wowproductimages/medium/208575.jpg,2020-09-21 17:27:05,,0,,True
20234ec7-7b78-4d82-ad5d-3cce7c2d409e,Woolworths Supermarket,Pantry,Continental Cup A Soup Creamy Chicken With Lots Of Noodles 2 pack,026649,$2.00,$3.33 / 100G,https://www.woolworths.com.au/shop/productdetails/26649/continental-cup-a-soup-creamy-chicken-with-lots-of-noodles,https://cdn0.woolworths.media/content/wowproductimages/medium/026649.jpg,2020-09-21 17:27:05,,0,,True
751e8d2f-2714-4021-90c5-9d0f166ce5d7,Woolworths Supermarket,Pantry,Woolworths Almond Meal 400g,610610,$7.50,$18.75 / 1KG,https://www.woolworths.com.au/shop/productdetails/610610/woolworths-almond-meal,https://cdn0.woolworths.media/content/wowproductimages/medium/610610.jpg,2020-09-21 17:27:05,Average product rating out of 5: 4.6. Product score is based on 326 ratings,326,Was $9.00 22/07/2020,True
151c560f-9b9f-4b98-8aaa-f5f78c286cfa,Woolworths Supermarket,Pantry,Mckenzie's Himalayan Salt Rock Pink 400g,749926,$5.95,$0.15 / 10G,https://www.woolworths.com.au/shop/productdetails/749926/mckenzie-s-himalayan-salt-rock-pink,https://cdn0.woolworths.media/content/wowproductimages/medium/749926.jpg,2020-09-21 17:27:05,,0,,True
36bbd107-79e9-4bbd-a879-4e03e24516d5,Woolworths Supermarket,Pantry,Woolworths White Rice Long Grain 5kg,072779,$6.70,$0.13 / 100G,https://www.woolworths.com.au/shop/productdetails/72779/woolworths-white-rice-long-grain,https://cdn0.woolworths.media/content/wowproductimages/medium/072779.jpg,2020-09-21 17:27:05,Average product rating out of 5: 4.8. Product score is based on 14 ratings,14,,True
4baf7dfe-37dd-4b42-9b3a-d3151a34c395,Woolworths Supermarket,Pantry,Queen Organic Vanilla Bean Paste 65g,225399,$11.80,$18.15 / 100G,https://www.woolworths.com.au/shop/productdetails/225399/queen-organic-vanilla-bean-paste,https://cdn0.woolworths.media/content/wowproductimages/medium/225399.jpg,2020-09-21 17:27:05,,0,,True
7d3346e2-fd26-4f4d-8039-df98faf5cda7,Woolworths Supermarket,Pantry,Ritz Crackers Original 300g,660562,$2.50,$0.83 / 100G,https://www.woolworths.com.au/shop/productdetails/660562/ritz-crackers-original,https://cdn0.woolworths.media/content/wowproductimages/medium/660562.jpg,2020-09-21 17:27:05,,0,,True
2c3e2a8c-4f58-4aa4-a48b-c21a61bc340d,Woolworths Supermarket,Pantry,Cobram Estate Extra Virgin Light Olive Oil 750ml,345955,$15.00,$2.00 / 100ML,https://www.woolworths.com.au/shop/productdetails/345955/cobram-estate-extra-virgin-light-olive-oil,https://cdn0.woolworths.media/content/wowproductimages/medium/345955.jpg,2020-09-21 17:27:05,,0,,True
82c77eff-8945-494e-94b7-d6efef63af4b,Woolworths Supermarket,Pantry,Cadbury Dairy Milk Chocolate Fair Trade 350g,757883,$5.00,$1.43 / 100G,https://www.woolworths.com.au/shop/productdetails/757883/cadbury-dairy-milk-chocolate-fair-trade,https://cdn0.woolworths.media/content/wowproductimages/medium/757883.jpg,2020-09-21 17:27:05,,0,Was $6.30 16/01/2017,True
84b73175-c846-4897-89d0-12ba4ee270bf,Woolworths Supermarket,Pantry,Woolworths Diced Italian Tomatoes No Added Salt 400g,770320,$0.80,$2.00 / 1KG,https://www.woolworths.com.au/shop/productdetails/770320/woolworths-diced-italian-tomatoes-no-added-salt,https://cdn0.woolworths.media/content/wowproductimages/medium/770320.jpg,2020-09-21 17:27:05,Average product rating out of 5: 4.7. Product score is based on 311 ratings,311,,True
ae7808df-e77b-4d96-9be1-21ea60dee7e9,Woolworths Supermarket,Pantry,Macro Organic Quinoa Tri Colour 500g,717631,$7.00,$1.40 / 100G,https://www.woolworths.com.au/shop/productdetails/717631/macro-organic-quinoa-tri-colour,https://cdn0.woolworths.media/content/wowproductimages/medium/717631.jpg,2020-09-21 17:27:05,Average product rating out of 5: 4.6. Product score is based on 274 ratings,274,Was $9.99 09/01/2017,True
460f3cf0-f8c4-45cd-bba0-d7b4e7c3c26f,Woolworths Supermarket,Pantry,L'or Espresso Supremo Coffee Capsule 10 pack,603806,$4.50,$0.45 / 1EA,https://www.woolworths.com.au/shop/productdetails/603806/l-or-espresso-supremo-coffee-capsule,https://cdn0.woolworths.media/content/wowproductimages/medium/603806.jpg,2020-09-21 17:27:05,,0,,True
eb5d0ca5-21d7-446b-834e-2d2cb5f34dec,Woolworths Supermarket,Pantry,L'or Espresso Sontuoso Coffee Capsule 10 pack,603807,$4.50,$0.45 / 1EA,https://www.woolworths.com.au/shop/productdetails/603807/l-or-espresso-sontuoso-coffee-capsule,https://cdn0.woolworths.media/content/wowproductimages/medium/603807.jpg,2020-09-21 17:27:05,,0,,True
75eeb8d4-58be-4ddc-bb2e-6f3291fc7741,Woolworths Supermarket,Pantry,L'or Espresso Or Absolu Coffee Capsules 10 pack,604170,$4.50,$0.45 / 1EA,https://www.woolworths.com.au/shop/productdetails/604170/l-or-espresso-or-absolu-coffee-capsules,https://cdn0.woolworths.media/content/wowproductimages/medium/604170.jpg,2020-09-21 17:27:05,,0,,True
6b914113-34d2-43e7-af49-6f193eb3ba4f,Woolworths Supermarket,Pantry,L'or Espresso Lungo Profondo Coffee Capsules 10 pack,604171,$4.50,$0.45 / 1EA,https://www.woolworths.com.au/shop/productdetails/604171/l-or-espresso-lungo-profondo-coffee-capsules,https://cdn0.woolworths.media/content/wowproductimages/medium/604171.jpg,2020-09-21 17:27:05,,0,,True
cde06d04-bf50-450a-9cff-e8c8a6e6365f,Woolworths Supermarket,Pantry,L'or Espresso Papua Coffee Capsule 10 pack,604173,$4.50,$0.45 / 1EA,https://www.woolworths.com.au/shop/productdetails/604173/l-or-espresso-papua-coffee-capsule,https://cdn0.woolworths.media/content/wowproductimages/medium/604173.jpg,2020-09-21 17:27:05,,0,,True
98fe5642-ace9-4cfb-bb49-5190b851ebeb,Woolworths Supermarket,Pantry,L'or Espresso Colombia Coffee Capsule 10 pack,604174,$4.50,$0.45 / 1EA,https://www.woolworths.com.au/shop/productdetails/604174/l-or-espresso-colombia-coffee-capsule,https://cdn0.woolworths.media/content/wowproductimages/medium/604174.jpg,2020-09-21 17:27:05,,0,,True
a521d062-b746-4e8d-950a-703590f15e26,Woolworths Supermarket,Pantry,Yowie Chocolate 28g,605239,$3.00,$10.71 / 100G,https://www.woolworths.com.au/shop/productdetails/605239/yowie-chocolate,https://cdn0.woolworths.media/content/wowproductimages/medium/605239.jpg,2020-09-21 17:27:05,,0,,True
1e1939ff-4256-4150-9a89-100dff81ca90,Woolworths Supermarket,Pantry,Woolworths Asparagus Spears Tin 425g,606142,$2.50,$0.59 / 100G,https://www.woolworths.com.au/shop/productdetails/606142/woolworths-asparagus-spears-tin,https://cdn0.woolworths.media/content/wowproductimages/medium/606142.jpg,2020-09-21 17:27:05,Average product rating out of 5: 3.3. Product score is based on 333 ratings,333,,True
8657427e-3930-4e26-bb11-0928c8c45cca,Woolworths Supermarket,Pantry,Dinner Winner Pasta Beef 153g,606763,$3.50,$2.29 / 100G,https://www.woolworths.com.au/shop/productdetails/606763/dinner-winner-pasta-beef,https://cdn0.woolworths.media/content/wowproductimages/medium/606763.jpg,2020-09-21 17:27:05,,0,,True
bb5e3b35-f034-46d4-96a9-6f0f101184fc,Woolworths Supermarket,Pantry,Macro Organic Coconut Flakes 200g,607069,$4.40,$2.20 / 100G,https://www.woolworths.com.au/shop/productdetails/607069/macro-organic-coconut-flakes,https://cdn0.woolworths.media/content/wowproductimages/medium/607069.jpg,2020-09-21 17:27:05,Average product rating out of 5: 4.4. Product score is based on 926 ratings,926,,True
cc26bf3c-9577-4ae9-a0ea-a8d487b7e15e,Woolworths Supermarket,Pantry,Heinz Tomato Ketchup Less Sugar 500ml,607577,$3.20,$0.64 / 100ML,https://www.woolworths.com.au/shop/productdetails/607577/heinz-tomato-ketchup-less-sugar,https://cdn0.woolworths.media/content/wowproductimages/medium/607577.jpg,2020-09-21 17:27:05,,0,,True
b6910b42-3a63-4c8c-b95e-eca25bb0160b,Woolworths Supermarket,Pantry,Mission White Strip Corn Chips 500g,608248,$5.50,$1.10 / 100G,https://www.woolworths.com.au/shop/productdetails/608248/mission-white-strip-corn-chips,https://cdn0.woolworths.media/content/wowproductimages/medium/608248.jpg,2020-09-21 17:27:05,,0,,True
917361a7-6a07-4b05-b880-d73a1da38f66,Woolworths Supermarket,Pantry,Il Molino Chiavazza Farino Flour 1kg,608475,$3.00,$3.00 / 1KG,https://www.woolworths.com.au/shop/productdetails/608475/il-molino-chiavazza-farino-flour,https://cdn0.woolworths.media/content/wowproductimages/medium/608475.jpg,2020-09-21 17:27:05,,0,,True
0b9c5120-3017-4d9f-a667-6e3ff4c1b954,Woolworths Supermarket,Pantry,Carman's Gourmet Porridge Sachets Apple Sultana & Cinnamon 8x320g,608601,$6.00,$1.88 / 100G,https://www.woolworths.com.au/shop/productdetails/608601/carman-s-gourmet-porridge-sachets-apple-sultana-cinnamon,https://cdn0.woolworths.media/content/wowproductimages/medium/608601.jpg,2020-09-21 17:27:05,,0,,True
5ec42824-346d-4188-a2c0-70c670a59e46,Woolworths Supermarket,Pantry,Macro Organic Toasted Coconut Flakes With Sea Salt 140g,608620,$4.40,$3.14 / 100G,https://www.woolworths.com.au/shop/productdetails/608620/macro-organic-toasted-coconut-flakes-with-sea-salt,https://cdn0.woolworths.media/content/wowproductimages/medium/608620.jpg,2020-09-21 17:27:05,Average product rating out of 5: 4.2. Product score is based on 210 ratings,210,,True
72e116f7-f8dc-4f2d-b0e6-481d4f023caf,Woolworths Supermarket,Pantry,Masterfoods Barbecue Sauce Reduced Salt & Sugar 475ml,608711,$2.50,$0.53 / 100ML,https://www.woolworths.com.au/shop/productdetails/608711/masterfoods-barbecue-sauce-reduced-salt-sugar,https://cdn0.woolworths.media/content/wowproductimages/medium/608711.jpg,2020-09-21 17:27:05,,0,,True
edfcd0c4-38b2-4bee-8d4e-26d9cc83de28,Woolworths Supermarket,Pantry,Masterfoods Reduced Salt & Sugar Tomato Sauce 475ml,608712,$2.50,$0.53 / 100ML,https://www.woolworths.com.au/shop/productdetails/608712/masterfoods-reduced-salt-sugar-tomato-sauce,https://cdn0.woolworths.media/content/wowproductimages/medium/608712.jpg,2020-09-21 17:27:05,,0,,True
691d0d14-64cb-40c7-a546-2ec8ed0502ba,Woolworths Supermarket,Pantry,Masterfoods Tomato Sauce 2l,608987,$7.00,$0.35 / 100ML,https://www.woolworths.com.au/shop/productdetails/608987/masterfoods-tomato-sauce,https://cdn0.woolworths.media/content/wowproductimages/medium/608987.jpg,2020-09-21 17:27:05,,0,,True
67935c63-fe8e-4208-9346-7fc16f721712,Woolworths Supermarket,Pantry,Masterfoods Barbeque Sauce 2l,609023,$7.00,$0.35 / 100ML,https://www.woolworths.com.au/shop/productdetails/609023/masterfoods-barbeque-sauce,https://cdn0.woolworths.media/content/wowproductimages/medium/609023.jpg,2020-09-21 17:27:05,,0,,True
84184618-b71f-49d1-a7cc-32475ae25f75,Woolworths Supermarket,Pantry,Arnott's Scotch Finger Choc Chip 232g,609093,$3.00,$1.29 / 100G,https://www.woolworths.com.au/shop/productdetails/609093/arnott-s-scotch-finger-choc-chip,https://cdn0.woolworths.media/content/wowproductimages/medium/609093.jpg,2020-09-21 17:27:05,,0,,True
3c517b82-6d72-4b44-bd34-7a8ac053ac6f,Woolworths Supermarket,Pantry,Chang's Hoisin Sauce 280ml,609551,$4.00,$1.43 / 100ML,https://www.woolworths.com.au/shop/productdetails/609551/chang-s-hoisin-sauce,https://cdn0.woolworths.media/content/wowproductimages/medium/609551.jpg,2020-09-21 17:27:05,,0,,True
2c966527-a787-4cc6-8a95-9a4db392a3fc,Woolworths Supermarket,Pantry,Chang's Oyster Sauce 280ml,609552,$4.00,$1.43 / 100ML,https://www.woolworths.com.au/shop/productdetails/609552/chang-s-oyster-sauce,https://cdn0.woolworths.media/content/wowproductimages/medium/609552.jpg,2020-09-21 17:27:05,,0,,True
647e8b48-b7b8-48ea-958c-c8815de696e5,Woolworths Supermarket,Pantry,Jordans Simply Crunchy Oat Granola Honey 750g,609556,$7.00,$0.93 / 100G,https://www.woolworths.com.au/shop/productdetails/609556/jordans-simply-crunchy-oat-granola-honey,https://cdn0.woolworths.media/content/wowproductimages/medium/609556.jpg,2020-09-21 17:27:05,,0,,True
86936db9-518c-4fa4-9861-60f21c5f3870,Woolworths Supermarket,Pantry,Old El Paso Seasoning Burrito Reduced Salt 25g,610175,$2.00,$8.00 / 100G,https://www.woolworths.com.au/shop/productdetails/610175/old-el-paso-seasoning-burrito-reduced-salt,https://cdn0.woolworths.media/content/wowproductimages/medium/610175.jpg,2020-09-21 17:27:05,,0,,True
c83e4a5c-3251-454d-838f-8cc91288a3a4,Woolworths Supermarket,Pantry,Sunbites Grain Waves Sour Cream & Chives 5 pack,720220,$3.10,$2.82 / 100G,https://www.woolworths.com.au/shop/productdetails/720220/sunbites-grain-waves-sour-cream-chives,https://cdn0.woolworths.media/content/wowproductimages/medium/720220.jpg,2020-09-21 17:27:05,,0,2 for $5.00,True
fc7291e3-306f-4c9e-91c1-14757acaec68,Woolworths Supermarket,Pantry,Woolworths Rolled Traditional Oats 750g,321220,$1.40,$0.19 / 100G,https://www.woolworths.com.au/shop/productdetails/321220/woolworths-rolled-traditional-oats,https://cdn0.woolworths.media/content/wowproductimages/medium/321220.jpg,2020-09-21 17:27:05,Average product rating out of 5: 4.6. Product score is based on 748 ratings,748,,True
3f75b056-90b3-45c5-9451-3ff59f2ddcc1,Woolworths Supermarket,Pantry,Cobram Estate Extra Virgin Light Olive Oil 750ml,345955,$15.00,$2.00 / 100ML,https://www.woolworths.com.au/shop/productdetails/345955/cobram-estate-extra-virgin-light-olive-oil,https://cdn0.woolworths.media/content/wowproductimages/medium/345955.jpg,2020-09-21 17:27:05,,0,,True
940af6db-7bfb-4042-ae11-8bdc37e08356,Woolworths Supermarket,Pantry,Moccona Freeze Dried Instant Coffee Classic Medium Roast 400g,208575,$24.00,$6.00 / 100G,https://www.woolworths.com.au/shop/productdetails/208575/moccona-freeze-dried-instant-coffee-classic-medium-roast,https://cdn0.woolworths.media/content/wowproductimages/medium/208575.jpg,2020-09-21 17:27:05,,0,,True
9b93bc48-a7ef-4e68-9e75-1a6a5deb79e2,Woolworths Supermarket,Pantry,Macro Organic Quinoa Tri Colour 500g,717631,$7.00,$1.40 / 100G,https://www.woolworths.com.au/shop/productdetails/717631/macro-organic-quinoa-tri-colour,https://cdn0.woolworths.media/content/wowproductimages/medium/717631.jpg,2020-09-21 17:27:05,Average product rating out of 5: 4.6. Product score is based on 274 ratings,274,Was $9.99 09/01/2017,True
f11ebe56-65fb-4856-8f4f-d885bb92bc75,Woolworths Supermarket,Pantry,Ritz Crackers Original 300g,660562,$2.50,$0.83 / 100G,https://www.woolworths.com.au/shop/productdetails/660562/ritz-crackers-original,https://cdn0.woolworths.media/content/wowproductimages/medium/660562.jpg,2020-09-21 17:27:05,,0,,True
0d53c539-6477-4a50-b1e7-4371dd556b2f,Woolworths Supermarket,Pantry,Vege Chips Chicken Style 100g,793382,$3.80,$3.80 / 100G,https://www.woolworths.com.au/shop/productdetails/793382/vege-chips-chicken-style,https://cdn0.woolworths.media/content/wowproductimages/medium/793382.jpg,2020-09-21 17:27:05,Average product rating out of 5: 4.7. Product score is based on 20 ratings,20,,True
daff14b6-675d-411f-89ec-26ffa3ca180e,Woolworths Supermarket,Pantry,Woolworths Almond Meal 400g,610610,$7.50,$18.75 / 1KG,https://www.woolworths.com.au/shop/productdetails/610610/woolworths-almond-meal,https://cdn0.woolworths.media/content/wowproductimages/medium/610610.jpg,2020-09-21 17:27:05,Average product rating out of 5: 4.6. Product score is based on 326 ratings,326,Was $9.00 22/07/2020,True
cbd7c421-3883-4ad7-949c-6b6dd1df1821,Woolworths Supermarket,Pantry,Bertolli Extra Virgin Olive Oil Originale 750ml,502951,$6.50,$0.87 / 100ML,https://www.woolworths.com.au/shop/productdetails/502951/bertolli-extra-virgin-olive-oil-originale,https://cdn0.woolworths.media/content/wowproductimages/medium/502951.jpg,2020-09-21 17:27:05,,0,,True
c0c6528c-1f4c-466d-9a13-46a09598c5e7,Woolworths Supermarket,Pantry,Cadbury Dairy Milk Chocolate Fair Trade 350g,757883,$5.00,$1.43 / 100G,https://www.woolworths.com.au/shop/productdetails/757883/cadbury-dairy-milk-chocolate-fair-trade,https://cdn0.woolworths.media/content/wowproductimages/medium/757883.jpg,2020-09-21 17:27:05,,0,Was $6.30 16/01/2017,True
c7a50083-085c-4074-b238-6cfb12d8f6ee,Woolworths Supermarket,Pantry,Woolworths Diced Italian Tomatoes No Added Salt 400g,770320,$0.80,$2.00 / 1KG,https://www.woolworths.com.au/shop/productdetails/770320/woolworths-diced-italian-tomatoes-no-added-salt,https://cdn0.woolworths.media/content/wowproductimages/medium/770320.jpg,2020-09-21 17:27:05,Average product rating out of 5: 4.7. Product score is based on 311 ratings,311,,True
1ac51178-c2be-4b75-890c-8936f7d8fe3b,Woolworths Supermarket,Pantry,Continental Cup A Soup Creamy Chicken With Lots Of Noodles 2 pack,026649,$2.00,$3.33 / 100G,https://www.woolworths.com.au/shop/productdetails/26649/continental-cup-a-soup-creamy-chicken-with-lots-of-noodles,https://cdn0.woolworths.media/content/wowproductimages/medium/026649.jpg,2020-09-21 17:27:05,,0,,True
279cd0c3-d52f-40ed-b747-2379dc41eb20,Woolworths Supermarket,Pantry,Arnott's Monte Carlo 250g,036031,$3.00,$1.20 / 100G,https://www.woolworths.com.au/shop/productdetails/36031/arnott-s-monte-carlo,https://cdn0.woolworths.media/content/wowproductimages/medium/036031.jpg,2020-09-21 17:27:05,,0,,True
2077163e-b8e0-4283-807b-42c7931d3e7d,Woolworths Supermarket,Pantry,Mckenzie's Himalayan Salt Rock Pink 400g,749926,$5.95,$0.15 / 10G,https://www.woolworths.com.au/shop/productdetails/749926/mckenzie-s-himalayan-salt-rock-pink,https://cdn0.woolworths.media/content/wowproductimages/medium/749926.jpg,2020-09-21 17:27:05,,0,,True
3284a625-b52e-4da5-af39-5dd466aeae66,Woolworths Supermarket,Pantry,Woolworths White Rice Long Grain 5kg,072779,$6.70,$0.13 / 100G,https://www.woolworths.com.au/shop/productdetails/72779/woolworths-white-rice-long-grain,https://cdn0.woolworths.media/content/wowproductimages/medium/072779.jpg,2020-09-21 17:27:05,Average product rating out of 5: 4.8. Product score is based on 14 ratings,14,,True
77305034-c8a7-4996-ade4-5491ca4f123f,Woolworths Supermarket,Pantry,Queen Organic Vanilla Bean Paste 65g,225399,$11.80,$18.15 / 100G,https://www.woolworths.com.au/shop/productdetails/225399/queen-organic-vanilla-bean-paste,https://cdn0.woolworths.media/content/wowproductimages/medium/225399.jpg,2020-09-21 17:27:05,,0,,True
afb986ef-5c5b-490e-9392-c5ce0fa4597f,Woolworths Supermarket,Pantry,Beechworth Pure Honey 1.5kg,250371,$22.00,$1.47 / 100G,https://www.woolworths.com.au/shop/productdetails/250371/beechworth-pure-honey,https://cdn0.woolworths.media/content/wowproductimages/medium/250371.jpg,2020-09-21 17:27:05,,0,,True
11becfcf-4be7-4235-b466-5cb19b3c578f,Woolworths Supermarket,Pantry,Nescafe Blend 43 Soluble Instant Coffee 500g,035694,$20.00,$4.00 / 100G,https://www.woolworths.com.au/shop/productdetails/35694/nescafe-blend-43-soluble-instant-coffee,https://cdn0.woolworths.media/content/wowproductimages/medium/035694.jpg,2020-09-21 17:27:05,,0,,True
68538c26-08f1-40b4-8190-b7e57fb610a4,Woolworths Supermarket,Pantry,Woolworths Walnuts Kernel 500g,749540,$11.00,$22.00 / 1KG,https://www.woolworths.com.au/shop/productdetails/749540/woolworths-walnuts-kernel,https://cdn0.woolworths.media/content/wowproductimages/medium/749540.jpg,2020-09-21 17:27:05,Average product rating out of 5: 4.8. Product score is based on 360 ratings,360,,True
d09ab4a0-1b7a-4e24-bc68-d0284f408e14,Woolworths Supermarket,Pantry,Sanitarium Weet-bix Breakfast Cereal 1.2kg,200695,$5.00,$0.42 / 100G,https://www.woolworths.com.au/shop/productdetails/200695/sanitarium-weet-bix-breakfast-cereal,https://cdn0.woolworths.media/content/wowproductimages/medium/200695.jpg,2020-09-21 17:27:05,,0,,True
fbed4427-6d78-4436-96d4-264f29480ce4,Woolworths Supermarket,Pantry,Mission Street Mini Tacos 10 pack,610345,$2.00,$0.53 / 100G,https://www.woolworths.com.au/shop/productdetails/610345/mission-street-mini-tacos,https://cdn0.woolworths.media/content/wowproductimages/medium/610345.jpg,2020-09-21 17:27:05,,0,,True
a00dd1f7-19ca-45a1-b27b-eb10c4aef2d5,Woolworths Supermarket,Pantry,Woolworths Almond Meal 400g,610610,$7.50,$18.75 / 1KG,https://www.woolworths.com.au/shop/productdetails/610610/woolworths-almond-meal,https://cdn0.woolworths.media/content/wowproductimages/medium/610610.jpg,2020-09-21 17:27:05,Average product rating out of 5: 4.6. Product score is based on 326 ratings,326,Was $9.00 22/07/2020,True
c4dccf0b-ca25-4b49-a7e3-543e60b6b204,Woolworths Supermarket,Pantry,Continental Rice Spinach Ricotta Parmesan 105g,611541,$2.75,$2.62 / 100G,https://www.woolworths.com.au/shop/productdetails/611541/continental-rice-spinach-ricotta-parmesan,https://cdn0.woolworths.media/content/wowproductimages/medium/611541.jpg,2020-09-21 17:27:05,,0,2 for $4.50,True
4aa18ffa-ebd2-4867-92dc-8434a75c052e,Woolworths Supermarket,Pantry,Sugarine Sweetener Tablets 600 pack,612562,$5.70,$0.01 / 1EA,https://www.woolworths.com.au/shop/productdetails/612562/sugarine-sweetener-tablets,https://cdn0.woolworths.media/content/wowproductimages/medium/612562.jpg,2020-09-21 17:27:05,,0,,True
5b3429f3-ceeb-49e1-94fc-1cc8b1e52ef4,Woolworths Supermarket,Pantry,Woolworths Brazil Nut Kernals 400g,613706,$14.00,$35.00 / 1KG,https://www.woolworths.com.au/shop/productdetails/613706/woolworths-brazil-nut-kernals,https://cdn0.woolworths.media/content/wowproductimages/medium/613706.jpg,2020-09-21 17:27:05,,0,,True
3c70caa4-d061-4fe7-a9b8-7f7c16421fef,Woolworths Supermarket,Pantry,Woolworths Banana Chips Snack 400g,613921,$5.00,$12.50 / 1KG,https://www.woolworths.com.au/shop/productdetails/613921/woolworths-banana-chips-snack,https://cdn0.woolworths.media/content/wowproductimages/medium/613921.jpg,2020-09-21 17:27:05,Average product rating out of 5: 3.8. Product score is based on 231 ratings,231,,True
fec5b4d1-a3b3-445c-a961-16d8ea7e10d1,Woolworths Supermarket,Pantry,Hamper Corned Beef Original 200g,614359,$4.70,$23.50 / 1KG,https://www.woolworths.com.au/shop/productdetails/614359/hamper-corned-beef-original,https://cdn0.woolworths.media/content/wowproductimages/medium/614359.jpg,2020-09-21 17:27:05,,0,,True
8ed6bced-b56e-46e8-88e9-f05b36245e65,Woolworths Supermarket,Pantry,Woolworths Aussie Natural Almonds 6x30g,615974,$4.00,$22.22 / 1KG,https://www.woolworths.com.au/shop/productdetails/615974/woolworths-aussie-natural-almonds,https://cdn0.woolworths.media/content/wowproductimages/medium/615974.jpg,2020-09-21 17:27:05,Average product rating out of 5: 4.6. Product score is based on 409 ratings,409,,True
da0e2136-a760-4ab3-b84f-3f19827bdf73,Woolworths Supermarket,Pantry,Woolworths Trail Mix 6x30g,615975,$4.00,$22.22 / 1KG,https://www.woolworths.com.au/shop/productdetails/615975/woolworths-trail-mix,https://cdn0.woolworths.media/content/wowproductimages/medium/615975.jpg,2020-09-21 17:27:05,Average product rating out of 5: 4.1. Product score is based on 542 ratings,542,,True
f0127934-9fc7-499e-b08a-a90d68f9456c,Woolworths Supermarket,Pantry,Essentials Black Tea Bags 100 pack,617101,$1.90,$0.02 / 1EA,https://www.woolworths.com.au/shop/productdetails/617101/essentials-black-tea-bags,https://cdn0.woolworths.media/content/wowproductimages/medium/617101.jpg,2020-09-21 17:27:05,,0,,True
35843f66-3ce1-4973-8bf9-b3bb8d35d831,Woolworths Supermarket,Pantry,Woolworths Lolly Mix 500g,617108,$3.00,$0.60 / 100G,https://www.woolworths.com.au/shop/productdetails/617108/woolworths-lolly-mix,https://cdn0.woolworths.media/content/wowproductimages/medium/617108.jpg,2020-09-21 17:27:05,Average product rating out of 5: 3.6. Product score is based on 554 ratings,554,,True
559beeb4-6c9f-4c4e-842e-bc5eb9a475b6,Woolworths Supermarket,Pantry,Lotus Biscoff Biscuit 8 pack,617552,$1.80,$1.45 / 100G,https://www.woolworths.com.au/shop/productdetails/617552/lotus-biscoff-biscuit,https://cdn0.woolworths.media/content/wowproductimages/medium/617552.jpg,2020-09-21 17:27:05,,0,,True
27bd17ce-5a3b-477a-a6eb-3ff143ea660f,Woolworths Supermarket,Pantry,San Remo Pasta Wagon Wheels 500g,619416,$2.60,$0.52 / 100G,https://www.woolworths.com.au/shop/productdetails/619416/san-remo-pasta-wagon-wheels,https://cdn0.woolworths.media/content/wowproductimages/medium/619416.jpg,2020-09-21 17:27:05,,0,,True
20c5a11e-e255-4d65-b944-b9d86ce5d69d,Woolworths Supermarket,Pantry,San Remo Pasta Pulse Penne 250g,619426,$4.20,$1.68 / 100G,https://www.woolworths.com.au/shop/productdetails/619426/san-remo-pasta-pulse-penne,https://cdn0.woolworths.media/content/wowproductimages/medium/619426.jpg,2020-09-21 17:27:05,,0,,True
d44d4a45-4687-41fa-87a6-68c50cbbc85b,Woolworths Supermarket,Pantry,San Remo Pasta Pulse Spaghetti 250g,619458,$4.20,$1.68 / 100G,https://www.woolworths.com.au/shop/productdetails/619458/san-remo-pasta-pulse-spaghetti,https://cdn0.woolworths.media/content/wowproductimages/medium/619458.jpg,2020-09-21 17:27:05,,0,,True
1001d8c9-0440-4aa2-9a7e-cefd013a73e4,Woolworths Supermarket,Pantry,San Remo Pasta Chickpea Spirals 250g,619463,$4.20,$1.68 / 100G,https://www.woolworths.com.au/shop/productdetails/619463/san-remo-pasta-chickpea-spirals,https://cdn0.woolworths.media/content/wowproductimages/medium/619463.jpg,2020-09-21 17:27:05,,0,,True
39910e52-14ce-42e9-b5e8-7584e18f75eb,Woolworths Supermarket,Pantry,Fehlbergs Jalapenos & Chilli Mix 470g,619816,$3.65,$0.78 / 100G,https://www.woolworths.com.au/shop/productdetails/619816/fehlbergs-jalapenos-chilli-mix,https://cdn0.woolworths.media/content/wowproductimages/medium/619816.jpg,2020-09-21 17:27:05,,0,,True
09bf02f4-eff2-46aa-848e-75103f6f4268,Woolworths Supermarket,Pantry,Always Fresh Baby Cucumbers With Chilli 350g,620060,$3.00,$0.86 / 100G,https://www.woolworths.com.au/shop/productdetails/620060/always-fresh-baby-cucumbers-with-chilli,https://cdn0.woolworths.media/content/wowproductimages/medium/620060.jpg,2020-09-21 17:27:05,,0,,True
050aa65b-f8f2-4d35-b324-a19c5ae20331,Woolworths Supermarket,Pantry,Barilla Spaghetti Gluten Free 340g,620646,$3.80,$1.12 / 100G,https://www.woolworths.com.au/shop/productdetails/620646/barilla-spaghetti-gluten-free,https://cdn0.woolworths.media/content/wowproductimages/medium/620646.jpg,2020-09-21 17:27:05,,0,,True
c4042277-19c1-403b-988e-78e6efd7abbf,Woolworths Supermarket,Pantry,Barilla Penne Pasta Gluten Free 340g,620647,$3.80,$1.12 / 100G,https://www.woolworths.com.au/shop/productdetails/620647/barilla-penne-pasta-gluten-free,https://cdn0.woolworths.media/content/wowproductimages/medium/620647.jpg,2020-09-21 17:27:05,,0,,True
e42c3c46-15dd-4949-bef0-c113397390dd,Woolworths Supermarket,Pantry,Barilla Elbow Pasta Gluten Free 340g,620648,$3.80,$1.12 / 100G,https://www.woolworths.com.au/shop/productdetails/620648/barilla-elbow-pasta-gluten-free,https://cdn0.woolworths.media/content/wowproductimages/medium/620648.jpg,2020-09-21 17:27:05,,0,,True
d1f211d2-756b-4cbc-9d6a-7604f9ba489b,Woolworths Supermarket,Pantry,Baxter's Fig & Date Balsamic Chutney 235g,622040,$3.50,$1.49 / 100G,https://www.woolworths.com.au/shop/productdetails/622040/baxter-s-fig-date-balsamic-chutney,https://cdn0.woolworths.media/content/wowproductimages/medium/622040.jpg,2020-09-21 17:27:05,,0,,True
09be4d39-ddc4-44ab-9e0b-035692c0bdd4,Woolworths Supermarket,Pantry,Baxter's Classic Tomato Chutney 225g,622043,$3.50,$1.56 / 100G,https://www.woolworths.com.au/shop/productdetails/622043/baxter-s-classic-tomato-chutney,https://cdn0.woolworths.media/content/wowproductimages/medium/622043.jpg,2020-09-21 17:27:05,,0,,True
fd3c6354-f4ca-4d86-a23a-6990cd8495cd,Woolworths Supermarket,Pantry,Baxter's Caramelised Onion Relish 240g,622091,$3.50,$1.46 / 100G,https://www.woolworths.com.au/shop/productdetails/622091/baxter-s-caramelised-onion-relish,https://cdn0.woolworths.media/content/wowproductimages/medium/622091.jpg,2020-09-21 17:27:05,,0,,True
46340db0-04e0-4368-ba50-25de4f6c675a,Woolworths Supermarket,Pantry,Arnott's Shapes Chicken Crimpy 175g,384245,$2.50,$1.43 / 100G,https://www.woolworths.com.au/shop/productdetails/384245/arnott-s-shapes-chicken-crimpy,https://cdn0.woolworths.media/content/wowproductimages/medium/384245.jpg,2020-09-21 17:27:05,,0,,True
80381544-ebac-4294-afc1-5c355ab9f84c,Woolworths Supermarket,Pantry,Sunbites Grain Waves Sour Cream & Chives 5 pack,720220,$3.10,$2.82 / 100G,https://www.woolworths.com.au/shop/productdetails/720220/sunbites-grain-waves-sour-cream-chives,https://cdn0.woolworths.media/content/wowproductimages/medium/720220.jpg,2020-09-21 17:27:05,,0,2 for $5.00,True
6ae3691a-a218-4cb6-b79c-321032580117,Woolworths Supermarket,Pantry,Essentials Raw Sugar 2kg,018174,$2.10,$0.11 / 100G,https://www.woolworths.com.au/shop/productdetails/18174/essentials-raw-sugar,https://cdn0.woolworths.media/content/wowproductimages/medium/018174.jpg,2020-09-21 17:27:05,,0,,True
b45eccc9-3b7b-4865-998b-913a5fdb79b5,Woolworths Supermarket,Pantry,Indomie Mi Goreng Instant Noodles 5pk 425g,177972,$2.75,$0.65 / 100G,https://www.woolworths.com.au/shop/productdetails/177972/indomie-mi-goreng-instant-noodles,https://cdn0.woolworths.media/content/wowproductimages/medium/177972.jpg,2020-09-21 17:27:05,,0,,True
b9320a35-db5f-427f-889d-958040196ef8,Woolworths Supermarket,Pantry,Fantastic Rice Crackers Original 100g,035231,$1.50,$1.50 / 100G,https://www.woolworths.com.au/shop/productdetails/35231/fantastic-rice-crackers-original,https://cdn0.woolworths.media/content/wowproductimages/medium/035231.jpg,2020-09-21 17:27:05,,0,,True
6281a442-806c-4d2f-9c68-135b3e734677,Woolworths Supermarket,Pantry,Heinz Canned Soup Big Red Tomato 420g,034331,$2.20,$0.52 / 100G,https://www.woolworths.com.au/shop/productdetails/34331/heinz-canned-soup-big-red-tomato,https://cdn0.woolworths.media/content/wowproductimages/medium/034331.jpg,2020-09-21 17:27:05,,0,,True
fcd6f0dc-d20b-472c-8ec5-f78b9b77b06b,Woolworths Supermarket,Pantry,Arnott's Monte Carlo 250g,036031,$3.00,$1.20 / 100G,https://www.woolworths.com.au/shop/productdetails/36031/arnott-s-monte-carlo,https://cdn0.woolworths.media/content/wowproductimages/medium/036031.jpg,2020-09-21 17:27:05,,0,,True
b97d73cd-c50c-4cfb-99be-eb25753465c7,Woolworths Supermarket,Pantry,Cadbury Fry's Turkish Delight 55g bar,098390,$1.00,$1.82 / 100G,https://www.woolworths.com.au/shop/productdetails/98390/cadbury-fry-s-turkish-delight,https://cdn0.woolworths.media/content/wowproductimages/medium/098390.jpg,2020-09-21 17:27:05,,0,,True
ad027d36-224d-4627-9d7a-41aaae1b3e1d,Woolworths Supermarket,Pantry,Ardmona Tomatoes Diced No Added Salt 400g,226849,$1.40,$3.50 / 1KG,https://www.woolworths.com.au/shop/productdetails/226849/ardmona-tomatoes-diced-no-added-salt,https://cdn0.woolworths.media/content/wowproductimages/medium/226849.jpg,2020-09-21 17:27:05,,0,,True
e819dd22-a47b-4f87-aed6-808095b16ecb,Woolworths Supermarket,Pantry,Continental Cup A Soup Creamy Chicken With Lots Of Noodles 2 pack,026649,$2.00,$3.33 / 100G,https://www.woolworths.com.au/shop/productdetails/26649/continental-cup-a-soup-creamy-chicken-with-lots-of-noodles,https://cdn0.woolworths.media/content/wowproductimages/medium/026649.jpg,2020-09-21 17:27:05,,0,,True
1b3e5a3a-bd57-46e3-825e-0c73c13f9881,Woolworths Supermarket,Pantry,Macro Organic Quinoa Tri Colour 500g,717631,$7.00,$1.40 / 100G,https://www.woolworths.com.au/shop/productdetails/717631/macro-organic-quinoa-tri-colour,https://cdn0.woolworths.media/content/wowproductimages/medium/717631.jpg,2020-09-21 17:27:05,Average product rating out of 5: 4.6. Product score is based on 274 ratings,274,Was $9.99 09/01/2017,True
5a81a25b-e42b-40d5-a0e3-185265a21066,Woolworths Supermarket,Pantry,Ritz Crackers Original 300g,660562,$2.50,$0.83 / 100G,https://www.woolworths.com.au/shop/productdetails/660562/ritz-crackers-original,https://cdn0.woolworths.media/content/wowproductimages/medium/660562.jpg,2020-09-21 17:27:05,,0,,True
669209b1-1607-49c3-87b7-edbe9fe4f226,Woolworths Supermarket,Pantry,Mckenzie's Himalayan Salt Rock Pink 400g,749926,$5.95,$0.15 / 10G,https://www.woolworths.com.au/shop/productdetails/749926/mckenzie-s-himalayan-salt-rock-pink,https://cdn0.woolworths.media/content/wowproductimages/medium/749926.jpg,2020-09-21 17:27:05,,0,,True
88d6049b-ae6a-43ae-9589-dddfdad1068d,Woolworths Supermarket,Pantry,Woolworths Diced Italian Tomatoes No Added Salt 400g,770320,$0.80,$2.00 / 1KG,https://www.woolworths.com.au/shop/productdetails/770320/woolworths-diced-italian-tomatoes-no-added-salt,https://cdn0.woolworths.media/content/wowproductimages/medium/770320.jpg,2020-09-21 17:27:05,Average product rating out of 5: 4.7. Product score is based on 311 ratings,311,,True
2f7c9394-92e3-41a3-a930-417088e1c571,Woolworths Supermarket,Pantry,Mckenzie's Rice Flour 375g,094275,$1.50,$4.00 / 1KG,https://www.woolworths.com.au/shop/productdetails/94275/mckenzie-s-rice-flour,https://cdn0.woolworths.media/content/wowproductimages/medium/094275.jpg,2020-09-21 17:27:05,,0,,True
b4767297-6689-4a47-9bba-1f86026af8e2,Woolworths Supermarket,Pantry,Masterfoods Barbecue Sauce 500ml,099696,$2.50,$0.50 / 100ML,https://www.woolworths.com.au/shop/productdetails/99696/masterfoods-barbecue-sauce,https://cdn0.woolworths.media/content/wowproductimages/medium/099696.jpg,2020-09-21 17:27:05,,0,,True
081514ee-587c-4261-8ee7-0a0495b3c1c7,Woolworths Supermarket,Pantry,Cadbury Dairy Milk Chocolate Fair Trade 350g,757883,$5.00,$1.43 / 100G,https://www.woolworths.com.au/shop/productdetails/757883/cadbury-dairy-milk-chocolate-fair-trade,https://cdn0.woolworths.media/content/wowproductimages/medium/757883.jpg,2020-09-21 17:27:05,,0,Was $6.30 16/01/2017,True
96e5c850-3bb2-4801-839c-752da5ac583b,Woolworths Supermarket,Pantry,Essentials Pasta Penne 500g,188800,$0.80,$0.16 / 100G,https://www.woolworths.com.au/shop/productdetails/188800/essentials-pasta-penne,https://cdn0.woolworths.media/content/wowproductimages/medium/188800.jpg,2020-09-21 17:27:05,,0,,True
f1e17720-be93-43a2-b61d-33b6b0addb77,Woolworths Supermarket,Pantry,Woolworths Rolled Traditional Oats 750g,321220,$1.40,$0.19 / 100G,https://www.woolworths.com.au/shop/productdetails/321220/woolworths-rolled-traditional-oats,https://cdn0.woolworths.media/content/wowproductimages/medium/321220.jpg,2020-09-21 17:27:05,Average product rating out of 5: 4.6. Product score is based on 748 ratings,748,,True
46ac6953-dafd-4208-ae0a-958d3ffe1c05,Woolworths Supermarket,Pantry,Sunbites Grain Waves Sour Cream & Chives 170g,082361,$3.50,$2.06 / 100G,https://www.woolworths.com.au/shop/productdetails/82361/sunbites-grain-waves-sour-cream-chives,https://cdn0.woolworths.media/content/wowproductimages/medium/082361.jpg,2020-09-21 17:27:05,,0,,True
a42ecf4e-414d-4e8c-8b08-0c4badd093f4,Woolworths Supermarket,Pantry,Wokka Udon Noodles 440g,622972,$2.70,$0.61 / 100G,https://www.woolworths.com.au/shop/productdetails/622972/wokka-udon-noodles,https://cdn0.woolworths.media/content/wowproductimages/medium/622972.jpg,2020-09-21 17:27:05,,0,Was $3.05 13/11/2017,True
97e24024-d1f3-4255-ad7e-942d85440184,Woolworths Supermarket,Pantry,Heinz Baked Beans Ham Sauce 300g,624765,$1.50,$0.50 / 100G,https://www.woolworths.com.au/shop/productdetails/624765/heinz-baked-beans-ham-sauce,https://cdn0.woolworths.media/content/wowproductimages/medium/624765.jpg,2020-09-21 17:27:05,,0,,True
0b0c86dc-a65b-4de1-aaab-9002d707d116,Woolworths Supermarket,Pantry,Heinz Spaghetti Tomato Sauce 300g,624768,$1.50,$0.50 / 100G,https://www.woolworths.com.au/shop/productdetails/624768/heinz-spaghetti-tomato-sauce,https://cdn0.woolworths.media/content/wowproductimages/medium/624768.jpg,2020-09-21 17:27:05,,0,,True
b5cfa6ce-54f8-4a7d-bc48-e60d9995edcf,Woolworths Supermarket,Pantry,Heinz Baked Beans English Recipe 300g,625154,$1.50,$0.50 / 100G,https://www.woolworths.com.au/shop/productdetails/625154/heinz-baked-beans-english-recipe,https://cdn0.woolworths.media/content/wowproductimages/medium/625154.jpg,2020-09-21 17:27:05,,0,,True
354683c8-2b48-4166-ad9e-2ac9dcf54a8c,Woolworths Supermarket,Pantry,Heinz Spaghetti Extra Cheesy Sauce 300g,625155,$1.50,$0.50 / 100G,https://www.woolworths.com.au/shop/productdetails/625155/heinz-spaghetti-extra-cheesy-sauce,https://cdn0.woolworths.media/content/wowproductimages/medium/625155.jpg,2020-09-21 17:27:05,,0,,True
9b93d09b-3fbc-46b1-88f4-4d151858be63,Woolworths Supermarket,Pantry,Heinz Baked Beans Tomato Sauce 300g,625156,$1.50,$0.50 / 100G,https://www.woolworths.com.au/shop/productdetails/625156/heinz-baked-beans-tomato-sauce,https://cdn0.woolworths.media/content/wowproductimages/medium/625156.jpg,2020-09-21 17:27:05,,0,,True
4e630ef3-de18-4813-8978-5d26239bd864,Woolworths Supermarket,Pantry,Five Tastes Stir Fry Shots Chinese Hoisin & Garlic 4x45g,626732,$4.00,$2.22 / 100G,https://www.woolworths.com.au/shop/productdetails/626732/five-tastes-stir-fry-shots-chinese-hoisin-garlic,https://cdn0.woolworths.media/content/wowproductimages/medium/626732.jpg,2020-09-21 17:27:05,,0,,True
b05abf73-5571-4611-9997-2bd1a0139899,Woolworths Supermarket,Pantry,Five Tastes Stir Fry Shots Thai Basil & Chilli 4x45g,626821,$4.00,$2.22 / 100G,https://www.woolworths.com.au/shop/productdetails/626821/five-tastes-stir-fry-shots-thai-basil-chilli,https://cdn0.woolworths.media/content/wowproductimages/medium/626821.jpg,2020-09-21 17:27:05,,0,,True
cd7d9228-8dd0-46cc-bf28-4aa8f426718d,Woolworths Supermarket,Pantry,Five Tastes Stir Fry Shots Lemongrass & Kaffir Lime 4x45g,626822,$4.00,$2.22 / 100G,https://www.woolworths.com.au/shop/productdetails/626822/five-tastes-stir-fry-shots-lemongrass-kaffir-lime,https://cdn0.woolworths.media/content/wowproductimages/medium/626822.jpg,2020-09-21 17:27:05,,0,,True
d5a4fcc7-03d1-441d-a7e6-869dec7c5230,Woolworths Supermarket,Pantry,Five Tastes Massaman Curry Paste 210g,626823,$3.00,$1.43 / 100G,https://www.woolworths.com.au/shop/productdetails/626823/five-tastes-massaman-curry-paste,https://cdn0.woolworths.media/content/wowproductimages/medium/626823.jpg,2020-09-21 17:27:05,,0,Was $3.80 16/04/2018,True
8bea5fd9-96bd-43d2-b11b-bdfbdbb20576,Woolworths Supermarket,Pantry,Ayam Pure Sesame Oil 420ml,626894,$8.00,$1.90 / 100ML,https://www.woolworths.com.au/shop/productdetails/626894/ayam-pure-sesame-oil,https://cdn0.woolworths.media/content/wowproductimages/medium/626894.jpg,2020-09-21 17:27:05,,0,,True
b10b60fb-7a42-4608-931a-189946424c65,Woolworths Supermarket,Pantry,Obap Sweet Potato Noodles 100g,626939,$2.00,$2.00 / 100G,https://www.woolworths.com.au/shop/productdetails/626939/obap-sweet-potato-noodles,https://cdn0.woolworths.media/content/wowproductimages/medium/626939.jpg,2020-09-21 17:27:05,,0,,True
27c8342f-6bcc-44be-b7cd-591b3b0cae1a,Woolworths Supermarket,Pantry,Obento Tonkatsu Sauce 250ml,626956,$3.00,$1.20 / 100ML,https://www.woolworths.com.au/shop/productdetails/626956/obento-tonkatsu-sauce,https://cdn0.woolworths.media/content/wowproductimages/medium/626956.jpg,2020-09-21 17:27:05,,0,,True
da373c86-ac6d-497d-ad48-90ec507055da,Woolworths Supermarket,Pantry,Obento Ponzu Sauce 250ml,626973,$3.00,$1.20 / 100ML,https://www.woolworths.com.au/shop/productdetails/626973/obento-ponzu-sauce,https://cdn0.woolworths.media/content/wowproductimages/medium/626973.jpg,2020-09-21 17:27:05,,0,,True
5b633531-ec87-4653-950b-e9c4888426fc,Woolworths Supermarket,Pantry,Amoy White Rice Wine Vinegar 250ml,627085,$2.70,$1.08 / 100ML,https://www.woolworths.com.au/shop/productdetails/627085/amoy-white-rice-wine-vinegar,https://cdn0.woolworths.media/content/wowproductimages/medium/627085.jpg,2020-09-21 17:27:05,,0,,True
709ac67e-1fd3-48ad-9858-2e6239b60d6e,Woolworths Supermarket,Pantry,Ayam Light Soy Sauce 210ml,627500,$3.20,$1.52 / 100ML,https://www.woolworths.com.au/shop/productdetails/627500/ayam-light-soy-sauce,https://cdn0.woolworths.media/content/wowproductimages/medium/627500.jpg,2020-09-21 17:27:05,,0,,True
aa3e5a6f-dc6f-421f-8dca-31f3140eb7a8,Woolworths Supermarket,Pantry,Obento Yakitori Sauce 250ml,627748,$3.00,$1.20 / 100ML,https://www.woolworths.com.au/shop/productdetails/627748/obento-yakitori-sauce,https://cdn0.woolworths.media/content/wowproductimages/medium/627748.jpg,2020-09-21 17:27:05,,0,,True
d8d36ee7-1c07-4e26-8836-7561dae7ef57,Woolworths Supermarket,Pantry,Ichiban Noodle Bowl Roast Pork 150g,629111,$4.40,$2.93 / 100G,https://www.woolworths.com.au/shop/productdetails/629111/ichiban-noodle-bowl-roast-pork,https://cdn0.woolworths.media/content/wowproductimages/medium/629111.jpg,2020-09-21 17:27:05,,0,,True
80a3275f-d446-420d-b2bc-a050d06d9492,Woolworths Supermarket,Pantry,Wattie's Baked Beans In Tomato Sauce 420g,629206,$1.55,$0.37 / 100G,https://www.woolworths.com.au/shop/productdetails/629206/wattie-s-baked-beans-in-tomato-sauce,https://cdn0.woolworths.media/content/wowproductimages/medium/629206.jpg,2020-09-21 17:27:05,,0,,True
15a5f621-c429-4549-a4d2-98afe8703920,Woolworths Supermarket,Pantry,Wattie's Spaghetti In Tomato Sauce 420g,629207,$1.55,$0.37 / 100G,https://www.woolworths.com.au/shop/productdetails/629207/wattie-s-spaghetti-in-tomato-sauce,https://cdn0.woolworths.media/content/wowproductimages/medium/629207.jpg,2020-09-21 17:27:05,,0,,True
dc2de299-2745-436c-93c7-c959f7e9309b,Woolworths Supermarket,Pantry,Heinz Spaghetti Tomato Sauce 3x300g,629506,$3.00,$0.33 / 100G,https://www.woolworths.com.au/shop/productdetails/629506/heinz-spaghetti-tomato-sauce,https://cdn0.woolworths.media/content/wowproductimages/medium/629506.jpg,2020-09-21 17:27:05,,0,Was $4.49 16/08/2017,True
43241e8a-2832-4055-8f6b-cb4099a91617,Woolworths Supermarket,Pantry,Heinz Baked Beans Tomato Sauce 3x300g,629507,$3.00,$0.33 / 100G,https://www.woolworths.com.au/shop/productdetails/629507/heinz-baked-beans-tomato-sauce,https://cdn0.woolworths.media/content/wowproductimages/medium/629507.jpg,2020-09-21 17:27:05,,0,Was $4.49 16/08/2017,True
d72cdba7-0b6e-42f6-b7ec-b04eb26b0dc0,Woolworths Supermarket,Pantry,Loacker White Chocolate & Coconut Wafers 100g,629587,$2.50,$2.50 / 100G,https://www.woolworths.com.au/shop/productdetails/629587/loacker-white-chocolate-coconut-wafers,https://cdn0.woolworths.media/content/wowproductimages/medium/629587.jpg,2020-09-21 17:27:05,,0,,True
fa4c6cb7-c43a-478a-a8ff-f0b7ea9ab271,Woolworths Supermarket,Pantry,Corinthians Choc Brownie Wafer 350g,631271,$3.00,$0.86 / 100G,https://www.woolworths.com.au/shop/productdetails/631271/corinthians-choc-brownie-wafer,https://cdn0.woolworths.media/content/wowproductimages/medium/631271.jpg,2020-09-21 17:27:05,,0,,True
67b6f43c-6b35-4ba5-bd36-a5a73bd3ae3e,Woolworths Supermarket,Pantry,Sunbites Grain Waves Sour Cream & Chives 5 pack,720220,$3.10,$2.82 / 100G,https://www.woolworths.com.au/shop/productdetails/720220/sunbites-grain-waves-sour-cream-chives,https://cdn0.woolworths.media/content/wowproductimages/medium/720220.jpg,2020-09-21 17:27:05,,0,2 for $5.00,True
e5d8b2d8-51b2-41a3-881b-cae3f33b5758,Woolworths Supermarket,Pantry,Woolworths Rolled Traditional Oats 750g,321220,$1.40,$0.19 / 100G,https://www.woolworths.com.au/shop/productdetails/321220/woolworths-rolled-traditional-oats,https://cdn0.woolworths.media/content/wowproductimages/medium/321220.jpg,2020-09-21 17:27:05,Average product rating out of 5: 4.6. Product score is based on 748 ratings,748,,True
98d68246-d926-4f50-8a7c-6f277a4b051f,Woolworths Supermarket,Pantry,Cobram Estate Extra Virgin Light Olive Oil 750ml,345955,$15.00,$2.00 / 100ML,https://www.woolworths.com.au/shop/productdetails/345955/cobram-estate-extra-virgin-light-olive-oil,https://cdn0.woolworths.media/content/wowproductimages/medium/345955.jpg,2020-09-21 17:27:05,,0,,True
34007417-b1db-452e-9e69-a33d87941b03,Woolworths Supermarket,Pantry,Ritz Crackers Original 300g,660562,$2.50,$0.83 / 100G,https://www.woolworths.com.au/shop/productdetails/660562/ritz-crackers-original,https://cdn0.woolworths.media/content/wowproductimages/medium/660562.jpg,2020-09-21 17:27:05,,0,,True
733c6e70-dfc7-454c-b0eb-2c2ad57dbd20,Woolworths Supermarket,Pantry,Mckenzie's Himalayan Salt Rock Pink 400g,749926,$5.95,$0.15 / 10G,https://www.woolworths.com.au/shop/productdetails/749926/mckenzie-s-himalayan-salt-rock-pink,https://cdn0.woolworths.media/content/wowproductimages/medium/749926.jpg,2020-09-21 17:27:05,,0,,True
752ba5e4-6590-4ef4-bd6b-f23d15179e21,Woolworths Supermarket,Pantry,Vege Chips Chicken Style 100g,793382,$3.80,$3.80 / 100G,https://www.woolworths.com.au/shop/productdetails/793382/vege-chips-chicken-style,https://cdn0.woolworths.media/content/wowproductimages/medium/793382.jpg,2020-09-21 17:27:05,Average product rating out of 5: 4.7. Product score is based on 20 ratings,20,,True
53d75c4c-f96a-4113-97cb-60fbf39bb4e9,Woolworths Supermarket,Pantry,Cadbury Dairy Milk Chocolate Fair Trade 350g,757883,$5.00,$1.43 / 100G,https://www.woolworths.com.au/shop/productdetails/757883/cadbury-dairy-milk-chocolate-fair-trade,https://cdn0.woolworths.media/content/wowproductimages/medium/757883.jpg,2020-09-21 17:27:05,,0,Was $6.30 16/01/2017,True
4196669d-6216-4a1d-8857-acd265f71ce1,Woolworths Supermarket,Pantry,Beechworth Pure Honey 1.5kg,250371,$22.00,$1.47 / 100G,https://www.woolworths.com.au/shop/productdetails/250371/beechworth-pure-honey,https://cdn0.woolworths.media/content/wowproductimages/medium/250371.jpg,2020-09-21 17:27:05,,0,,True
9102168a-93a3-45e8-85d8-ea8195fe47f4,Woolworths Supermarket,Pantry,Continental Cup A Soup Creamy Chicken With Lots Of Noodles 2 pack,026649,$2.00,$3.33 / 100G,https://www.woolworths.com.au/shop/productdetails/26649/continental-cup-a-soup-creamy-chicken-with-lots-of-noodles,https://cdn0.woolworths.media/content/wowproductimages/medium/026649.jpg,2020-09-21 17:27:05,,0,,True
6fea70d3-d411-4403-8f44-31fdcf0edab5,Woolworths Supermarket,Pantry,Queen Organic Vanilla Bean Paste 65g,225399,$11.80,$18.15 / 100G,https://www.woolworths.com.au/shop/productdetails/225399/queen-organic-vanilla-bean-paste,https://cdn0.woolworths.media/content/wowproductimages/medium/225399.jpg,2020-09-21 17:27:05,,0,,True
fbeb5b0a-9994-4c97-ab15-6a454037f043,Woolworths Supermarket,Pantry,Woolworths Diced Italian Tomatoes No Added Salt 400g,770320,$0.80,$2.00 / 1KG,https://www.woolworths.com.au/shop/productdetails/770320/woolworths-diced-italian-tomatoes-no-added-salt,https://cdn0.woolworths.media/content/wowproductimages/medium/770320.jpg,2020-09-21 17:27:05,Average product rating out of 5: 4.7. Product score is based on 311 ratings,311,,True
ea2df4a9-e232-4a69-ae44-5d73cd9444e4,Woolworths Supermarket,Pantry,Moccona Freeze Dried Instant Coffee Classic Medium Roast 400g,208575,$24.00,$6.00 / 100G,https://www.woolworths.com.au/shop/productdetails/208575/moccona-freeze-dried-instant-coffee-classic-medium-roast,https://cdn0.woolworths.media/content/wowproductimages/medium/208575.jpg,2020-09-21 17:27:05,,0,,True
b1a3246b-60ab-4904-84dd-c7af8248f0f5,Woolworths Supermarket,Pantry,Macro Organic Quinoa Tri Colour 500g,717631,$7.00,$1.40 / 100G,https://www.woolworths.com.au/shop/productdetails/717631/macro-organic-quinoa-tri-colour,https://cdn0.woolworths.media/content/wowproductimages/medium/717631.jpg,2020-09-21 17:27:05,Average product rating out of 5: 4.6. Product score is based on 274 ratings,274,Was $9.99 09/01/2017,True
d046a8c7-718e-4bc9-8a1e-e9b705394b09,Woolworths Supermarket,Pantry,Woolworths White Rice Long Grain 5kg,072779,$6.70,$0.13 / 100G,https://www.woolworths.com.au/shop/productdetails/72779/woolworths-white-rice-long-grain,https://cdn0.woolworths.media/content/wowproductimages/medium/072779.jpg,2020-09-21 17:27:05,Average product rating out of 5: 4.8. Product score is based on 14 ratings,14,,True
ff147278-e023-43db-97e1-edcca4599c50,Woolworths Supermarket,Pantry,Bertolli Extra Virgin Olive Oil Originale 750ml,502951,$6.50,$0.87 / 100ML,https://www.woolworths.com.au/shop/productdetails/502951/bertolli-extra-virgin-olive-oil-originale,https://cdn0.woolworths.media/content/wowproductimages/medium/502951.jpg,2020-09-21 17:27:05,,0,,True
3e3795fb-76fe-4f3d-893d-e01333713f72,Woolworths Supermarket,Pantry,Arnott's Monte Carlo 250g,036031,$3.00,$1.20 / 100G,https://www.woolworths.com.au/shop/productdetails/36031/arnott-s-monte-carlo,https://cdn0.woolworths.media/content/wowproductimages/medium/036031.jpg,2020-09-21 17:27:05,,0,,True
01b8c41a-8091-4022-9c3f-37c22c2e63b9,Woolworths Supermarket,Pantry,Woolworths Almond Meal 400g,610610,$7.50,$18.75 / 1KG,https://www.woolworths.com.au/shop/productdetails/610610/woolworths-almond-meal,https://cdn0.woolworths.media/content/wowproductimages/medium/610610.jpg,2020-09-21 17:27:05,Average product rating out of 5: 4.6. Product score is based on 326 ratings,326,Was $9.00 22/07/2020,True
4c817372-55bf-434d-99b2-97f8d69fc133,Woolworths Supermarket,Pantry,Woolworths Walnuts Kernel 500g,749540,$11.00,$22.00 / 1KG,https://www.woolworths.com.au/shop/productdetails/749540/woolworths-walnuts-kernel,https://cdn0.woolworths.media/content/wowproductimages/medium/749540.jpg,2020-09-21 17:27:05,Average product rating out of 5: 4.8. Product score is based on 360 ratings,360,,True
de6cba85-52e2-449c-b654-968ccd52dd33,Woolworths Supermarket,Pantry,Nescafe Blend 43 Soluble Instant Coffee 500g,035694,$20.00,$4.00 / 100G,https://www.woolworths.com.au/shop/productdetails/35694/nescafe-blend-43-soluble-instant-coffee,https://cdn0.woolworths.media/content/wowproductimages/medium/035694.jpg,2020-09-21 17:27:05,,0,,True
426bae16-83e7-4763-af51-8f3b8b338e48,Woolworths Supermarket,Pantry,Sanitarium Weet-bix Breakfast Cereal 1.2kg,200695,$5.00,$0.42 / 100G,https://www.woolworths.com.au/shop/productdetails/200695/sanitarium-weet-bix-breakfast-cereal,https://cdn0.woolworths.media/content/wowproductimages/medium/200695.jpg,2020-09-21 17:27:05,,0,,True
05bc5afb-98b4-43a5-b724-1ee9b3267dcb,Woolworths Supermarket,Pantry,Macro Cheeky Chickpeas Lightly Seasoned 30g,631288,$1.00,$3.33 / 100G,https://www.woolworths.com.au/shop/productdetails/631288/macro-cheeky-chickpeas-lightly-seasoned,https://cdn0.woolworths.media/content/wowproductimages/medium/631288.jpg,2020-09-21 17:27:05,Average product rating out of 5: 3.0. Product score is based on 274 ratings,274,,True
18d464e1-4c42-4d8a-81d6-c37fdbfffb15,Woolworths Supermarket,Pantry,Macro Eda-yummy Mix Lightly Seasoned 30g,631289,$1.00,$3.33 / 100G,https://www.woolworths.com.au/shop/productdetails/631289/macro-eda-yummy-mix-lightly-seasoned,https://cdn0.woolworths.media/content/wowproductimages/medium/631289.jpg,2020-09-21 17:27:05,Average product rating out of 5: 3.1. Product score is based on 239 ratings,239,,True
2611808a-c470-4f7f-8f4a-51449ca54d40,Woolworths Supermarket,Pantry,Macro Smokin' Corn Kernels 30g,631393,$1.00,$3.33 / 100G,https://www.woolworths.com.au/shop/productdetails/631393/macro-smokin-corn-kernels,https://cdn0.woolworths.media/content/wowproductimages/medium/631393.jpg,2020-09-21 17:27:05,Average product rating out of 5: 2.9. Product score is based on 291 ratings,291,,True
11b9f475-159e-4938-8416-a9ce5dcca9b9,Woolworths Supermarket,Pantry,Macro Nutty N' Nice Mix 30g,631399,$1.00,$3.33 / 100G,https://www.woolworths.com.au/shop/productdetails/631399/macro-nutty-n-nice-mix,https://cdn0.woolworths.media/content/wowproductimages/medium/631399.jpg,2020-09-21 17:27:05,Average product rating out of 5: 4.3. Product score is based on 9 ratings,9,,True
0d70574b-0909-4e6c-911d-9d40c39382c1,Woolworths Supermarket,Pantry,Woolworths Peanuts Roasted In Shell 500g,632957,$6.00,$12.00 / 1KG,https://www.woolworths.com.au/shop/productdetails/632957/woolworths-peanuts-roasted-in-shell,https://cdn0.woolworths.media/content/wowproductimages/medium/632957.jpg,2020-09-21 17:27:05,,0,,True
17c8f373-e13b-4568-b09f-edc6b72d4e8e,Woolworths Supermarket,Pantry,Iddy Biddy Fruit Snacks Assorted Flavours 160g 8pk,633629,$3.50,$2.19 / 100G,https://www.woolworths.com.au/shop/productdetails/633629/iddy-biddy-fruit-snacks-assorted-flavours,https://cdn0.woolworths.media/content/wowproductimages/medium/633629.jpg,2020-09-21 17:27:05,,0,,True
943195c9-1636-497b-9622-2e3260760cba,Woolworths Supermarket,Pantry,Frey Mint Chocolate 100g block,633676,$2.50,$2.50 / 100G,https://www.woolworths.com.au/shop/productdetails/633676/frey-mint-chocolate,https://cdn0.woolworths.media/content/wowproductimages/medium/633676.jpg,2020-09-21 17:27:05,Average product rating out of 5: 4.1. Product score is based on 270 ratings,270,,True
f6762991-a9f2-40e8-8a2c-b7b0dc9a72b0,Woolworths Supermarket,Pantry,Woolworths Muesli Bar Choc Chip 8 pack,634100,$1.90,$0.77 / 100G,https://www.woolworths.com.au/shop/productdetails/634100/woolworths-muesli-bar-choc-chip,https://cdn0.woolworths.media/content/wowproductimages/medium/634100.jpg,2020-09-21 17:27:05,Average product rating out of 5: 3.6. Product score is based on 772 ratings,772,,True
db5b22d3-6527-4f93-9d49-9f8ba77af055,Woolworths Supermarket,Pantry,Woolworths Muesli Bars Yoghurt & Strawberry 248g 8pk,634101,$1.90,$0.77 / 100G,https://www.woolworths.com.au/shop/productdetails/634101/woolworths-muesli-bars-yoghurt-strawberry,https://cdn0.woolworths.media/content/wowproductimages/medium/634101.jpg,2020-09-21 17:27:05,Average product rating out of 5: 3.4. Product score is based on 861 ratings,861,,True
c2fc1610-cfab-4fb4-ba33-a8e9628afe55,Woolworths Supermarket,Pantry,Gullon Vanilla Wafer Sugar Free 210g,634398,$4.40,$2.10 / 100G,https://www.woolworths.com.au/shop/productdetails/634398/gullon-vanilla-wafer-sugar-free,https://cdn0.woolworths.media/content/wowproductimages/medium/634398.jpg,2020-09-21 17:27:05,Average product rating out of 5: 4.4. Product score is based on 9 ratings,9,,True
622c119d-f7c7-4f6c-a0c2-d31d57c04cd4,Woolworths Supermarket,Pantry,Iddy Biddy Fruit Snacks 8 pack,634885,$3.50,$2.19 / 100G,https://www.woolworths.com.au/shop/productdetails/634885/iddy-biddy-fruit-snacks,https://cdn0.woolworths.media/content/wowproductimages/medium/634885.jpg,2020-09-21 17:27:05,,0,,True
686ed2f8-b245-4dd0-b73e-a6b45dd04e07,Woolworths Supermarket,Pantry,Hellmann's Real Mayonnaise 800g,634893,$9.00,$1.13 / 100G,https://www.woolworths.com.au/shop/productdetails/634893/hellmann-s-real-mayonnaise,https://cdn0.woolworths.media/content/wowproductimages/medium/634893.jpg,2020-09-21 17:27:05,,0,Was $10.60 27/07/2020,True
85f9e53f-0df8-4530-b637-5f25abddff17,Woolworths Supermarket,Pantry,Praise Deli Style Creamy Roast Garlic 250ml,635732,$2.00,$0.80 / 100ML,https://www.woolworths.com.au/shop/productdetails/635732/praise-deli-style-creamy-roast-garlic,https://cdn0.woolworths.media/content/wowproductimages/medium/635732.jpg,2020-09-21 17:27:05,,0,,True
f5fd2748-4a17-4f46-b373-f284ee58539f,Woolworths Supermarket,Pantry,Praise Deli Style Balsamic & Roasted Garlic 250ml,635758,$2.00,$0.80 / 100ML,https://www.woolworths.com.au/shop/productdetails/635758/praise-deli-style-balsamic-roasted-garlic,https://cdn0.woolworths.media/content/wowproductimages/medium/635758.jpg,2020-09-21 17:27:05,,0,,True
0f8170d9-18fd-4cd0-a1d4-db7a69d40e8a,Woolworths Supermarket,Pantry,Praise Deli Style Honey Dijon 250ml,635764,$2.00,$0.80 / 100ML,https://www.woolworths.com.au/shop/productdetails/635764/praise-deli-style-honey-dijon,https://cdn0.woolworths.media/content/wowproductimages/medium/635764.jpg,2020-09-21 17:27:05,,0,,True
56cd36de-9380-4c67-a0af-542b4a9800ab,Woolworths Supermarket,Pantry,Moro Sherry Vinegar 250ml,636072,$4.00,$1.60 / 100ML,https://www.woolworths.com.au/shop/productdetails/636072/moro-sherry-vinegar,https://cdn0.woolworths.media/content/wowproductimages/medium/636072.jpg,2020-09-21 17:27:05,,0,,True
7fe4f912-262d-442d-9e9a-71812fc57558,Woolworths Supermarket,Pantry,Tom & Luke Snackaballs Salted Caramel 70g,636153,$3.00,$4.29 / 100G,https://www.woolworths.com.au/shop/productdetails/636153/tom-luke-snackaballs-salted-caramel,https://cdn0.woolworths.media/content/wowproductimages/medium/636153.jpg,2020-09-21 17:27:05,Average product rating out of 5: 4.3. Product score is based on 7 ratings,7,,True
989889c0-76cb-468f-88db-2ccecf56e478,Woolworths Supermarket,Pantry,Tom & Luke Snackaballs Peanut Butter 70g,636340,$3.00,$4.29 / 100G,https://www.woolworths.com.au/shop/productdetails/636340/tom-luke-snackaballs-peanut-butter,https://cdn0.woolworths.media/content/wowproductimages/medium/636340.jpg,2020-09-21 17:27:05,Average product rating out of 5: 4.6. Product score is based on 7 ratings,7,,True
b5e39efa-aa3e-4055-8592-cee136b7bb05,Woolworths Supermarket,Pantry,Tom & Luke Snackaballs Cacao & Mint 70g,636341,$3.00,$4.29 / 100G,https://www.woolworths.com.au/shop/productdetails/636341/tom-luke-snackaballs-cacao-mint,https://cdn0.woolworths.media/content/wowproductimages/medium/636341.jpg,2020-09-21 17:27:05,Average product rating out of 5: 3.7. Product score is based on 3 ratings,3,,True
8c940d12-ef53-47eb-b8d1-d1c8d37824b8,Woolworths Supermarket,Pantry,Bee Vital Organic Apple Cider Vinegar 500ml,636995,$5.50,$1.10 / 100ML,https://www.woolworths.com.au/shop/productdetails/636995/bee-vital-organic-apple-cider-vinegar,https://cdn0.woolworths.media/content/wowproductimages/medium/636995.jpg,2020-09-21 17:27:05,Average product rating out of 5: 4.7. Product score is based on 7 ratings,7,,True
02b42ba1-3626-4432-9246-a1893b5a557c,Woolworths Supermarket,Pantry,Fantastic Cup Noodles Beef 6 pack,637319,$6.00,$1.43 / 100G,https://www.woolworths.com.au/shop/productdetails/637319/fantastic-cup-noodles-beef,https://cdn0.woolworths.media/content/wowproductimages/medium/637319.jpg,2020-09-21 17:27:05,,0,,True
46e6fbdb-1351-4a76-ad8d-5c92d6fa82c9,Woolworths Supermarket,Pantry,Woolworths Almond Nut Kernels Roasted & Salted 750g,637614,$13.00,$17.33 / 1KG,https://www.woolworths.com.au/shop/productdetails/637614/woolworths-almond-nut-kernels-roasted-salted,https://cdn0.woolworths.media/content/wowproductimages/medium/637614.jpg,2020-09-21 17:27:05,,0,,True
76e7e394-cc27-4bc7-8491-ee1e94759aaf,Woolworths Supermarket,Pantry,Woolworths Cashew 400g,637642,$8.00,$20.00 / 1KG,https://www.woolworths.com.au/shop/productdetails/637642/woolworths-cashew,https://cdn0.woolworths.media/content/wowproductimages/medium/637642.jpg,2020-09-21 17:27:05,Average product rating out of 5: 4.7. Product score is based on 423 ratings,423,,True
46814775-6179-4cc1-8b65-d97311b67d72,Woolworths Supermarket,Pantry,Cadbury Fingers Milk Chocolate 114g,637690,$3.00,$2.63 / 100G,https://www.woolworths.com.au/shop/productdetails/637690/cadbury-fingers-milk-chocolate,https://cdn0.woolworths.media/content/wowproductimages/medium/637690.jpg,2020-09-21 17:27:05,,0,,True
610d9863-c86c-436b-be00-9d7d1c33588e,Woolworths Supermarket,Pantry,Arnott's Shapes Chicken Crimpy 175g,384245,$2.50,$1.43 / 100G,https://www.woolworths.com.au/shop/productdetails/384245/arnott-s-shapes-chicken-crimpy,https://cdn0.woolworths.media/content/wowproductimages/medium/384245.jpg,2020-09-21 17:27:05,,0,,True
fda2f1d6-d392-4728-8c6d-dbc066048932,Woolworths Supermarket,Pantry,Indomie Mi Goreng Instant Noodles 5pk 425g,177972,$2.75,$0.65 / 100G,https://www.woolworths.com.au/shop/productdetails/177972/indomie-mi-goreng-instant-noodles,https://cdn0.woolworths.media/content/wowproductimages/medium/177972.jpg,2020-09-21 17:27:05,,0,,True
b20e3f60-4298-4c71-9edd-5118e9d54fdc,Woolworths Supermarket,Pantry,Sunbites Grain Waves Sour Cream & Chives 170g,082361,$3.50,$2.06 / 100G,https://www.woolworths.com.au/shop/productdetails/82361/sunbites-grain-waves-sour-cream-chives,https://cdn0.woolworths.media/content/wowproductimages/medium/082361.jpg,2020-09-21 17:27:05,,0,,True
9281a44f-108b-485e-8f9e-c6032f85a654,Woolworths Supermarket,Pantry,Fantastic Rice Crackers Original 100g,035231,$1.50,$1.50 / 100G,https://www.woolworths.com.au/shop/productdetails/35231/fantastic-rice-crackers-original,https://cdn0.woolworths.media/content/wowproductimages/medium/035231.jpg,2020-09-21 17:27:05,,0,,True
4ab0832c-2380-4f4f-94da-a1b5f6a936e9,Woolworths Supermarket,Pantry,Essentials Raw Sugar 2kg,018174,$2.10,$0.11 / 100G,https://www.woolworths.com.au/shop/productdetails/18174/essentials-raw-sugar,https://cdn0.woolworths.media/content/wowproductimages/medium/018174.jpg,2020-09-21 17:27:05,,0,,True
5b43ff81-3dd0-4264-95b2-085afa75811d,Woolworths Supermarket,Pantry,Mckenzie's Himalayan Salt Rock Pink 400g,749926,$5.95,$0.15 / 10G,https://www.woolworths.com.au/shop/productdetails/749926/mckenzie-s-himalayan-salt-rock-pink,https://cdn0.woolworths.media/content/wowproductimages/medium/749926.jpg,2020-09-21 17:27:05,,0,,True
32533b1a-894e-4486-916c-44ce5a9c87b9,Woolworths Supermarket,Pantry,Woolworths Rolled Traditional Oats 750g,321220,$1.40,$0.19 / 100G,https://www.woolworths.com.au/shop/productdetails/321220/woolworths-rolled-traditional-oats,https://cdn0.woolworths.media/content/wowproductimages/medium/321220.jpg,2020-09-21 17:27:05,Average product rating out of 5: 4.6. Product score is based on 748 ratings,748,,True
fcc42c15-d899-41de-853a-7e527854b0a4,Woolworths Supermarket,Pantry,Continental Cup A Soup Creamy Chicken With Lots Of Noodles 2 pack,026649,$2.00,$3.33 / 100G,https://www.woolworths.com.au/shop/productdetails/26649/continental-cup-a-soup-creamy-chicken-with-lots-of-noodles,https://cdn0.woolworths.media/content/wowproductimages/medium/026649.jpg,2020-09-21 17:27:05,,0,,True
61dd2627-6740-4523-9333-040eb4ecf528,Woolworths Supermarket,Pantry,Woolworths Diced Italian Tomatoes No Added Salt 400g,770320,$0.80,$2.00 / 1KG,https://www.woolworths.com.au/shop/productdetails/770320/woolworths-diced-italian-tomatoes-no-added-salt,https://cdn0.woolworths.media/content/wowproductimages/medium/770320.jpg,2020-09-21 17:27:05,Average product rating out of 5: 4.7. Product score is based on 311 ratings,311,,True
a7ead5a8-b517-403b-b51d-0169c526c98e,Woolworths Supermarket,Pantry,Mckenzie's Rice Flour 375g,094275,$1.50,$4.00 / 1KG,https://www.woolworths.com.au/shop/productdetails/94275/mckenzie-s-rice-flour,https://cdn0.woolworths.media/content/wowproductimages/medium/094275.jpg,2020-09-21 17:27:05,,0,,True
987965ea-db53-40cc-98f7-1a95bc545eef,Woolworths Supermarket,Pantry,Essentials Pasta Penne 500g,188800,$0.80,$0.16 / 100G,https://www.woolworths.com.au/shop/productdetails/188800/essentials-pasta-penne,https://cdn0.woolworths.media/content/wowproductimages/medium/188800.jpg,2020-09-21 17:27:05,,0,,True
c68e2fb0-78dd-49b3-8d89-1f69574da020,Woolworths Supermarket,Pantry,Arnott's Monte Carlo 250g,036031,$3.00,$1.20 / 100G,https://www.woolworths.com.au/shop/productdetails/36031/arnott-s-monte-carlo,https://cdn0.woolworths.media/content/wowproductimages/medium/036031.jpg,2020-09-21 17:27:05,,0,,True
47e05542-0169-4c2d-aebe-49245c091c71,Woolworths Supermarket,Pantry,Ardmona Tomatoes Diced No Added Salt 400g,226849,$1.40,$3.50 / 1KG,https://www.woolworths.com.au/shop/productdetails/226849/ardmona-tomatoes-diced-no-added-salt,https://cdn0.woolworths.media/content/wowproductimages/medium/226849.jpg,2020-09-21 17:27:05,,0,,True
2059f20a-e96d-4b45-9542-31196bd10cee,Woolworths Supermarket,Pantry,Masterfoods Barbecue Sauce 500ml,099696,$2.50,$0.50 / 100ML,https://www.woolworths.com.au/shop/productdetails/99696/masterfoods-barbecue-sauce,https://cdn0.woolworths.media/content/wowproductimages/medium/099696.jpg,2020-09-21 17:27:05,,0,,True
d01ac54d-f311-4af5-989d-17b2eb4b5ff9,Woolworths Supermarket,Pantry,Ritz Crackers Original 300g,660562,$2.50,$0.83 / 100G,https://www.woolworths.com.au/shop/productdetails/660562/ritz-crackers-original,https://cdn0.woolworths.media/content/wowproductimages/medium/660562.jpg,2020-09-21 17:27:05,,0,,True
4cdf9d37-963b-4d95-aacf-a63a5edcd5a5,Woolworths Supermarket,Pantry,Cadbury Dairy Milk Chocolate Fair Trade 350g,757883,$5.00,$1.43 / 100G,https://www.woolworths.com.au/shop/productdetails/757883/cadbury-dairy-milk-chocolate-fair-trade,https://cdn0.woolworths.media/content/wowproductimages/medium/757883.jpg,2020-09-21 17:27:05,,0,Was $6.30 16/01/2017,True
24e44f1a-e7ab-4cda-82cd-1e2ddb0c9604,Woolworths Supermarket,Pantry,Cadbury Fry's Turkish Delight 55g bar,098390,$1.00,$1.82 / 100G,https://www.woolworths.com.au/shop/productdetails/98390/cadbury-fry-s-turkish-delight,https://cdn0.woolworths.media/content/wowproductimages/medium/098390.jpg,2020-09-21 17:27:05,,0,,True
a0a8e4df-b61a-4149-bb86-55a5846395e9,Woolworths Supermarket,Pantry,Heinz Canned Soup Big Red Tomato 420g,034331,$2.20,$0.52 / 100G,https://www.woolworths.com.au/shop/productdetails/34331/heinz-canned-soup-big-red-tomato,https://cdn0.woolworths.media/content/wowproductimages/medium/034331.jpg,2020-09-21 17:27:05,,0,,True
e4bb522a-d3de-460b-a541-072b3253b1b1,Woolworths Supermarket,Pantry,Macro Organic Quinoa Tri Colour 500g,717631,$7.00,$1.40 / 100G,https://www.woolworths.com.au/shop/productdetails/717631/macro-organic-quinoa-tri-colour,https://cdn0.woolworths.media/content/wowproductimages/medium/717631.jpg,2020-09-21 17:27:05,Average product rating out of 5: 4.6. Product score is based on 274 ratings,274,Was $9.99 09/01/2017,True
d1b6c9bd-712e-4544-9ba7-2090edc4aea3,Woolworths Supermarket,Pantry,Sunbites Grain Waves Sour Cream & Chives 5 pack,720220,$3.10,$2.82 / 100G,https://www.woolworths.com.au/shop/productdetails/720220/sunbites-grain-waves-sour-cream-chives,https://cdn0.woolworths.media/content/wowproductimages/medium/720220.jpg,2020-09-21 17:27:05,,0,2 for $5.00,True
25406d95-f781-4283-b7d4-c4e1b5a4b9b6,Woolworths Supermarket,Pantry,Oreo Chocolate Coated 204g,637695,$3.00,$1.47 / 100G,https://www.woolworths.com.au/shop/productdetails/637695/oreo-chocolate-coated,https://cdn0.woolworths.media/content/wowproductimages/medium/637695.jpg,2020-09-21 17:27:05,,0,,True
833ad319-050f-4975-9d40-a22b6289877a,Woolworths Supermarket,Pantry,Well Naturally No Sugar Added Choc Coconut Bar 45g,640387,$2.00,$4.44 / 100G,https://www.woolworths.com.au/shop/productdetails/640387/well-naturally-no-sugar-added-choc-coconut-bar,https://cdn0.woolworths.media/content/wowproductimages/medium/640387.jpg,2020-09-21 17:27:05,Average product rating out of 5: 4.6. Product score is based on 14 ratings,14,,True
60a5fb05-f665-4c91-ab08-53b9f82bbdb0,Woolworths Supermarket,Pantry,Table Of Plenty Mini Rice Cakes Dark Chocolate 6 pack,641242,$5.50,$6.55 / 100G,https://www.woolworths.com.au/shop/productdetails/641242/table-of-plenty-mini-rice-cakes-dark-chocolate,https://cdn0.woolworths.media/content/wowproductimages/medium/641242.jpg,2020-09-21 17:27:05,Average product rating out of 5: 4.7. Product score is based on 21 ratings,21,,True
d681d8db-064a-4c34-9685-2c883355c5d6,Woolworths Supermarket,Pantry,Kellogg's Special K Almond & Cranberry Gluten Free Breakfast Cereal 300g,641245,$6.60,$2.20 / 100G,https://www.woolworths.com.au/shop/productdetails/641245/kellogg-s-special-k-almond-cranberry-gluten-free-breakfast-cereal,https://cdn0.woolworths.media/content/wowproductimages/medium/641245.jpg,2020-09-21 17:27:05,Average product rating out of 5: 4.7. Product score is based on 6 ratings,6,,True
c2971c45-3bb9-4d51-9f75-2a087e23ab70,Woolworths Supermarket,Pantry,Vege Chips Deli Crisps Purple Sweet Potato 100g,641258,$5.50,$5.50 / 100G,https://www.woolworths.com.au/shop/productdetails/641258/vege-chips-deli-crisps-purple-sweet-potato,https://cdn0.woolworths.media/content/wowproductimages/medium/641258.jpg,2020-09-21 17:27:05,Average product rating out of 5: 4.6. Product score is based on 35 ratings,35,,True
bcc7ba8d-0e6f-4c1a-bcc8-3f759a94855a,Woolworths Supermarket,Pantry,Vege Chips Deli Crisps Original 100g,641523,$5.50,$5.50 / 100G,https://www.woolworths.com.au/shop/productdetails/641523/vege-chips-deli-crisps-original,https://cdn0.woolworths.media/content/wowproductimages/medium/641523.jpg,2020-09-21 17:27:05,Average product rating out of 5: 4.5. Product score is based on 105 ratings,105,,True
b0792182-2402-443f-9178-07d6d8615145,Woolworths Supermarket,Pantry,Arnott's Mini Scotch Finger 8 pack,641526,$4.00,$2.00 / 100G,https://www.woolworths.com.au/shop/productdetails/641526/arnott-s-mini-scotch-finger,https://cdn0.woolworths.media/content/wowproductimages/medium/641526.jpg,2020-09-21 17:27:05,,0,,True
f95ccd7c-d748-4c2d-9ec4-00406dc5dfde,Woolworths Supermarket,Pantry,Arnott's Shapes Originals Barbecue 8 pack,641527,$4.00,$2.00 / 100G,https://www.woolworths.com.au/shop/productdetails/641527/arnott-s-shapes-originals-barbecue,https://cdn0.woolworths.media/content/wowproductimages/medium/641527.jpg,2020-09-21 17:27:05,,0,,True
38008f32-8e19-4ed8-8a94-847d4e20ce9b,Woolworths Supermarket,Pantry,Arnott's Shapes Originals Pizza 8 pack,641531,$4.00,$2.00 / 100G,https://www.woolworths.com.au/shop/productdetails/641531/arnott-s-shapes-originals-pizza,https://cdn0.woolworths.media/content/wowproductimages/medium/641531.jpg,2020-09-21 17:27:05,,0,,True
8c2187fc-ad7c-43ac-93b3-16caa7fe1abc,Woolworths Supermarket,Pantry,Arnott's Shapes Variety 15 pack,641532,$5.00,$1.33 / 100G,https://www.woolworths.com.au/shop/productdetails/641532/arnott-s-shapes-variety,https://cdn0.woolworths.media/content/wowproductimages/medium/641532.jpg,2020-09-21 17:27:05,,0,Was $6.00 08/01/2018,True
122274f1-ee72-4e14-bb1c-f352080055cd,Woolworths Supermarket,Pantry,Arnott's Mini Chocolate Chip Cookies 7pk 175g,641534,$4.00,$2.29 / 100G,https://www.woolworths.com.au/shop/productdetails/641534/arnott-s-mini-chocolate-chip-cookies,https://cdn0.woolworths.media/content/wowproductimages/medium/641534.jpg,2020-09-21 17:27:05,,0,,True
6506018c-e59e-497b-ac37-c90c903ab8a3,Woolworths Supermarket,Pantry,Arnott's Shapes Mini Chicken Crimpy 8 pack,641535,$4.00,$2.00 / 100G,https://www.woolworths.com.au/shop/productdetails/641535/arnott-s-shapes-mini-chicken-crimpy,https://cdn0.woolworths.media/content/wowproductimages/medium/641535.jpg,2020-09-21 17:27:05,,0,,True
dbdb45a8-a000-4aee-859f-87b28cc054d1,Woolworths Supermarket,Pantry,Arnott's Tiny Teddy Variety 15 pack,641537,$5.00,$1.33 / 100G,https://www.woolworths.com.au/shop/productdetails/641537/arnott-s-tiny-teddy-variety,https://cdn0.woolworths.media/content/wowproductimages/medium/641537.jpg,2020-09-21 17:27:05,,0,Was $6.00 08/01/2018,True
f05b72aa-7ea9-49b7-8231-987da2de7e38,Woolworths Supermarket,Pantry,Arnott's Tiny Teddy Hundreds & Thousands 8 pack,641538,$4.00,$2.17 / 100G,https://www.woolworths.com.au/shop/productdetails/641538/arnott-s-tiny-teddy-hundreds-thousands,https://cdn0.woolworths.media/content/wowproductimages/medium/641538.jpg,2020-09-21 17:27:05,,0,,True
26148b30-e93c-4280-b309-652bac7ba01b,Woolworths Supermarket,Pantry,Hoyt's Pine Nuts 25g,643500,$3.20,$1.28 / 10G,https://www.woolworths.com.au/shop/productdetails/643500/hoyt-s-pine-nuts,https://cdn0.woolworths.media/content/wowproductimages/medium/643500.jpg,2020-09-21 17:27:05,,0,,True
e6077754-f748-4aa3-8697-6e749e29d167,Woolworths Supermarket,Pantry,Tom & Luke Salted Caramel 10 pack,644436,$3.00,$2.14 / 100G,https://www.woolworths.com.au/shop/productdetails/644436/tom-luke-salted-caramel,https://cdn0.woolworths.media/content/wowproductimages/medium/644436.jpg,2020-09-21 17:27:05,Average product rating out of 5: 4.9. Product score is based on 14 ratings,14,,True
a93ed7ce-c86d-44a4-8152-668d2e69ae24,Woolworths Supermarket,Pantry,Tom & Luke Peanut Butter & Cacao 10 pack,644858,$3.00,$2.14 / 100G,https://www.woolworths.com.au/shop/productdetails/644858/tom-luke-peanut-butter-cacao,https://cdn0.woolworths.media/content/wowproductimages/medium/644858.jpg,2020-09-21 17:27:05,Average product rating out of 5: 4.9. Product score is based on 8 ratings,8,,True
336e1c49-798d-4e3a-b574-c22f0ec018a9,Woolworths Supermarket,Pantry,Woolworths Whole Cumin Seeds 36g,645899,$2.90,$0.81 / 10G,https://www.woolworths.com.au/shop/productdetails/645899/woolworths-whole-cumin-seeds,https://cdn0.woolworths.media/content/wowproductimages/medium/645899.jpg,2020-09-21 17:27:05,,0,,True
a3745a28-eefb-49c1-90cc-b82c601dad21,Woolworths Supermarket,Pantry,Woolworths Free From Gluten Buttermilk Pancake Mix 375g,646306,$2.90,$0.77 / 100G,https://www.woolworths.com.au/shop/productdetails/646306/woolworths-free-from-gluten-buttermilk-pancake-mix,https://cdn0.woolworths.media/content/wowproductimages/medium/646306.jpg,2020-09-21 17:27:05,Average product rating out of 5: 4.2. Product score is based on 274 ratings,274,Was $3.50 01/03/2018,True
e9ebff89-a3b8-47cb-a09d-38eba6b0605c,Woolworths Supermarket,Pantry,Tasti Smooshed Peanut Butter & Cara Snack 69g,646352,$3.30,$4.78 / 100G,https://www.woolworths.com.au/shop/productdetails/646352/tasti-smooshed-peanut-butter-cara-snack,https://cdn0.woolworths.media/content/wowproductimages/medium/646352.jpg,2020-09-21 17:27:05,Average product rating out of 5: 4.6. Product score is based on 9 ratings,9,,True
9ddfba0d-dd63-404f-8186-f77429d5fb0a,Woolworths Supermarket,Pantry,Woolworths Canned Ham 340g,647382,$3.50,$10.29 / 1KG,https://www.woolworths.com.au/shop/productdetails/647382/woolworths-canned-ham,https://cdn0.woolworths.media/content/wowproductimages/medium/647382.jpg,2020-09-21 17:27:05,,0,,True
b87857dc-d48c-40cd-9cad-0545269eee66,Woolworths Supermarket,Pantry,San Remo Gluten Free Brown Rice Penne 250g,647730,$4.20,$1.68 / 100G,https://www.woolworths.com.au/shop/productdetails/647730/san-remo-gluten-free-brown-rice-penne,https://cdn0.woolworths.media/content/wowproductimages/medium/647730.jpg,2020-09-21 17:27:05,,0,,True
a7901a5c-6057-418d-99e1-7a83934aa385,Woolworths Supermarket,Pantry,Woolworths Onion Powder 38g,647760,$2.45,$0.64 / 10G,https://www.woolworths.com.au/shop/productdetails/647760/woolworths-onion-powder,https://cdn0.woolworths.media/content/wowproductimages/medium/647760.jpg,2020-09-21 17:27:05,Average product rating out of 5: 4.3. Product score is based on 423 ratings,423,,True
422f3f99-d0ac-48ea-8983-d4f5279222c5,Woolworths Supermarket,Pantry,Woolworths Garlic Salt 72g,647761,$1.45,$0.20 / 10G,https://www.woolworths.com.au/shop/productdetails/647761/woolworths-garlic-salt,https://cdn0.woolworths.media/content/wowproductimages/medium/647761.jpg,2020-09-21 17:27:05,Average product rating out of 5: 4.4. Product score is based on 268 ratings,268,,True
d3435e37-c26e-4eba-9a81-1d79e172c485,Woolworths Supermarket,Pantry,Arnott's Shapes Chicken Crimpy 175g,384245,$2.50,$1.43 / 100G,https://www.woolworths.com.au/shop/productdetails/384245/arnott-s-shapes-chicken-crimpy,https://cdn0.woolworths.media/content/wowproductimages/medium/384245.jpg,2020-09-21 17:27:05,,0,,True
45824801-2655-4e9d-acb4-e9d9a1b840a7,Woolworths Supermarket,Pantry,Sunbites Grain Waves Sour Cream & Chives 5 pack,720220,$3.10,$2.82 / 100G,https://www.woolworths.com.au/shop/productdetails/720220/sunbites-grain-waves-sour-cream-chives,https://cdn0.woolworths.media/content/wowproductimages/medium/720220.jpg,2020-09-21 17:27:05,,0,2 for $5.00,True
e980eb17-1b3a-4c65-b3fc-929d24a6d3c3,Woolworths Supermarket,Pantry,Fantastic Rice Crackers Original 100g,035231,$1.50,$1.50 / 100G,https://www.woolworths.com.au/shop/productdetails/35231/fantastic-rice-crackers-original,https://cdn0.woolworths.media/content/wowproductimages/medium/035231.jpg,2020-09-21 17:27:05,,0,,True
96c782b5-28c1-4239-9ffd-4a6bd035d455,Woolworths Supermarket,Pantry,Heinz Canned Soup Big Red Tomato 420g,034331,$2.20,$0.52 / 100G,https://www.woolworths.com.au/shop/productdetails/34331/heinz-canned-soup-big-red-tomato,https://cdn0.woolworths.media/content/wowproductimages/medium/034331.jpg,2020-09-21 17:27:05,,0,,True
4624fcca-9538-462b-babf-9c9dad6d7eee,Woolworths Supermarket,Pantry,Masterfoods Barbecue Sauce 500ml,099696,$2.50,$0.50 / 100ML,https://www.woolworths.com.au/shop/productdetails/99696/masterfoods-barbecue-sauce,https://cdn0.woolworths.media/content/wowproductimages/medium/099696.jpg,2020-09-21 17:27:05,,0,,True
96386b31-cf8e-4f17-a201-a2737476b0c4,Woolworths Supermarket,Pantry,Cadbury Dairy Milk Chocolate Fair Trade 350g,757883,$5.00,$1.43 / 100G,https://www.woolworths.com.au/shop/productdetails/757883/cadbury-dairy-milk-chocolate-fair-trade,https://cdn0.woolworths.media/content/wowproductimages/medium/757883.jpg,2020-09-21 17:27:05,,0,Was $6.30 16/01/2017,True
1cdf0908-6fb6-42fc-8fbf-1a88b05becce,Woolworths Supermarket,Pantry,Mckenzie's Rice Flour 375g,094275,$1.50,$4.00 / 1KG,https://www.woolworths.com.au/shop/productdetails/94275/mckenzie-s-rice-flour,https://cdn0.woolworths.media/content/wowproductimages/medium/094275.jpg,2020-09-21 17:27:05,,0,,True
a20f3f0a-5084-4878-b08e-88b75b929f75,Woolworths Supermarket,Pantry,Cadbury Fry's Turkish Delight 55g bar,098390,$1.00,$1.82 / 100G,https://www.woolworths.com.au/shop/productdetails/98390/cadbury-fry-s-turkish-delight,https://cdn0.woolworths.media/content/wowproductimages/medium/098390.jpg,2020-09-21 17:27:05,,0,,True
8c2a1d0f-73c8-41e4-a5d4-292220e85172,Woolworths Supermarket,Pantry,Arnott's Monte Carlo 250g,036031,$3.00,$1.20 / 100G,https://www.woolworths.com.au/shop/productdetails/36031/arnott-s-monte-carlo,https://cdn0.woolworths.media/content/wowproductimages/medium/036031.jpg,2020-09-21 17:27:05,,0,,True
98625b21-4055-4f50-87bc-def5d5fe7eb8,Woolworths Supermarket,Pantry,Woolworths Rolled Traditional Oats 750g,321220,$1.40,$0.19 / 100G,https://www.woolworths.com.au/shop/productdetails/321220/woolworths-rolled-traditional-oats,https://cdn0.woolworths.media/content/wowproductimages/medium/321220.jpg,2020-09-21 17:27:05,Average product rating out of 5: 4.6. Product score is based on 748 ratings,748,,True
b06c6183-556c-4f88-8316-8beae61ef716,Woolworths Supermarket,Pantry,Ardmona Tomatoes Diced No Added Salt 400g,226849,$1.40,$3.50 / 1KG,https://www.woolworths.com.au/shop/productdetails/226849/ardmona-tomatoes-diced-no-added-salt,https://cdn0.woolworths.media/content/wowproductimages/medium/226849.jpg,2020-09-21 17:27:05,,0,,True
a28bab69-9491-4bdf-b759-b422ca8fdc97,Woolworths Supermarket,Pantry,Essentials Pasta Penne 500g,188800,$0.80,$0.16 / 100G,https://www.woolworths.com.au/shop/productdetails/188800/essentials-pasta-penne,https://cdn0.woolworths.media/content/wowproductimages/medium/188800.jpg,2020-09-21 17:27:05,,0,,True
bca8569d-cf8e-40c2-bca3-3a524ab53998,Woolworths Supermarket,Pantry,Woolworths Diced Italian Tomatoes No Added Salt 400g,770320,$0.80,$2.00 / 1KG,https://www.woolworths.com.au/shop/productdetails/770320/woolworths-diced-italian-tomatoes-no-added-salt,https://cdn0.woolworths.media/content/wowproductimages/medium/770320.jpg,2020-09-21 17:27:05,Average product rating out of 5: 4.7. Product score is based on 311 ratings,311,,True
11c9a8a7-8023-4ffb-b5f3-9068693db508,Woolworths Supermarket,Pantry,Macro Organic Quinoa Tri Colour 500g,717631,$7.00,$1.40 / 100G,https://www.woolworths.com.au/shop/productdetails/717631/macro-organic-quinoa-tri-colour,https://cdn0.woolworths.media/content/wowproductimages/medium/717631.jpg,2020-09-21 17:27:05,Average product rating out of 5: 4.6. Product score is based on 274 ratings,274,Was $9.99 09/01/2017,True
f1fe2b2d-f053-41ad-bfcc-c2401c4cad06,Woolworths Supermarket,Pantry,Ritz Crackers Original 300g,660562,$2.50,$0.83 / 100G,https://www.woolworths.com.au/shop/productdetails/660562/ritz-crackers-original,https://cdn0.woolworths.media/content/wowproductimages/medium/660562.jpg,2020-09-21 17:27:05,,0,,True
93969a22-dd1e-47dc-b858-4744b042e50f,Woolworths Supermarket,Pantry,Essentials Raw Sugar 2kg,018174,$2.10,$0.11 / 100G,https://www.woolworths.com.au/shop/productdetails/18174/essentials-raw-sugar,https://cdn0.woolworths.media/content/wowproductimages/medium/018174.jpg,2020-09-21 17:27:05,,0,,True
1bc423ce-e898-40f6-a201-045647f4b068,Woolworths Supermarket,Pantry,Mckenzie's Himalayan Salt Rock Pink 400g,749926,$5.95,$0.15 / 10G,https://www.woolworths.com.au/shop/productdetails/749926/mckenzie-s-himalayan-salt-rock-pink,https://cdn0.woolworths.media/content/wowproductimages/medium/749926.jpg,2020-09-21 17:27:05,,0,,True
6329b895-ddd9-4ce1-973e-cf8923c4c3e3,Woolworths Supermarket,Pantry,Indomie Mi Goreng Instant Noodles 5pk 425g,177972,$2.75,$0.65 / 100G,https://www.woolworths.com.au/shop/productdetails/177972/indomie-mi-goreng-instant-noodles,https://cdn0.woolworths.media/content/wowproductimages/medium/177972.jpg,2020-09-21 17:27:05,,0,,True
880303ba-2123-435f-aca0-2c7bbefe973f,Woolworths Supermarket,Pantry,Sunbites Grain Waves Sour Cream & Chives 170g,082361,$3.50,$2.06 / 100G,https://www.woolworths.com.au/shop/productdetails/82361/sunbites-grain-waves-sour-cream-chives,https://cdn0.woolworths.media/content/wowproductimages/medium/082361.jpg,2020-09-21 17:27:05,,0,,True
34622347-b8b2-4b93-a2f7-760884c73ea8,Woolworths Supermarket,Pantry,Continental Cup A Soup Creamy Chicken With Lots Of Noodles 2 pack,026649,$2.00,$3.33 / 100G,https://www.woolworths.com.au/shop/productdetails/26649/continental-cup-a-soup-creamy-chicken-with-lots-of-noodles,https://cdn0.woolworths.media/content/wowproductimages/medium/026649.jpg,2020-09-21 17:27:05,,0,,True
7c08a5bc-0720-44e6-a381-9cf8f83ea202,Woolworths Supermarket,Pantry,Woolworths Steak Spice 60g,647762,$3.00,$0.50 / 10G,https://www.woolworths.com.au/shop/productdetails/647762/woolworths-steak-spice,https://cdn0.woolworths.media/content/wowproductimages/medium/647762.jpg,2020-09-21 17:27:05,Average product rating out of 5: 4.2. Product score is based on 362 ratings,362,,True
db5852ed-24a4-4cce-948d-015518626c52,Woolworths Supermarket,Pantry,Woolworths Sriracha Seasoning 41g,647763,$3.00,$0.73 / 10G,https://www.woolworths.com.au/shop/productdetails/647763/woolworths-sriracha-seasoning,https://cdn0.woolworths.media/content/wowproductimages/medium/647763.jpg,2020-09-21 17:27:05,Average product rating out of 5: 4.1. Product score is based on 314 ratings,314,,True
405064f6-5b47-408c-84c6-b5d08610885e,Woolworths Supermarket,Pantry,Woolworths Cracked Black Pepper 39g,647764,$2.00,$0.51 / 10G,https://www.woolworths.com.au/shop/productdetails/647764/woolworths-cracked-black-pepper,https://cdn0.woolworths.media/content/wowproductimages/medium/647764.jpg,2020-09-21 17:27:05,Average product rating out of 5: 4.5. Product score is based on 177 ratings,177,,True
6bf181ef-b7b4-4d84-bfe9-add2082e9147,Woolworths Supermarket,Pantry,Woolworths Chipotle Seasoning 53g,647765,$3.00,$0.57 / 10G,https://www.woolworths.com.au/shop/productdetails/647765/woolworths-chipotle-seasoning,https://cdn0.woolworths.media/content/wowproductimages/medium/647765.jpg,2020-09-21 17:27:05,Average product rating out of 5: 4.2. Product score is based on 390 ratings,390,,True
fefc7172-9edc-464a-a6ca-e3919fe66df5,Woolworths Supermarket,Pantry,Kook A Krumb Panko Breadcrumbs 190g,648312,$3.00,$0.16 / 10G,https://www.woolworths.com.au/shop/productdetails/648312/kook-a-krumb-panko-breadcrumbs,https://cdn0.woolworths.media/content/wowproductimages/medium/648312.jpg,2020-09-21 17:27:05,,0,,True
509de99a-2077-4510-a20f-ecc72dbd6f76,Woolworths Supermarket,Pantry,Stevia Sweet Tablets 220 pack,650297,$6.40,$0.03 / 1EA,https://www.woolworths.com.au/shop/productdetails/650297/stevia-sweet-tablets,https://cdn0.woolworths.media/content/wowproductimages/medium/650297.jpg,2020-09-21 17:27:05,,0,,True
00297976-2c90-46ac-81a8-8b7a1576ad25,Woolworths Supermarket,Pantry,Raw Earth Stevia & Monk Fruit Sweetener Sticks 40 pack,651044,$4.75,$11.88 / 100EA,https://www.woolworths.com.au/shop/productdetails/651044/raw-earth-stevia-monk-fruit-sweetener-sticks,https://cdn0.woolworths.media/content/wowproductimages/medium/651044.jpg,2020-09-21 17:27:05,,0,,True
d0cbbbfd-54a8-4654-8b16-72cd7757aeb2,Woolworths Supermarket,Pantry,Raw Earth Natural Stevia & Monk Fruit 200g,651045,$8.00,$4.00 / 100G,https://www.woolworths.com.au/shop/productdetails/651045/raw-earth-natural-stevia-monk-fruit,https://cdn0.woolworths.media/content/wowproductimages/medium/651045.jpg,2020-09-21 17:27:05,,0,,True
33a22b0b-0666-41e2-87f9-bc01d5db5700,Woolworths Supermarket,Pantry,Macro Black Chia Seeds 350g,651474,$6.00,$1.71 / 100G,https://www.woolworths.com.au/shop/productdetails/651474/macro-black-chia-seeds,https://cdn0.woolworths.media/content/wowproductimages/medium/651474.jpg,2020-09-21 17:27:05,Average product rating out of 5: 4.7. Product score is based on 335 ratings,335,Was $6.50 22/10/2018,True
bd566992-950b-46b4-af0a-bcf0d0f91676,Woolworths Supermarket,Pantry,Macro White Chia Seeds 350g,651475,$6.00,$1.71 / 100G,https://www.woolworths.com.au/shop/productdetails/651475/macro-white-chia-seeds,https://cdn0.woolworths.media/content/wowproductimages/medium/651475.jpg,2020-09-21 17:27:05,Average product rating out of 5: 4.7. Product score is based on 26 ratings,26,Was $6.50 22/10/2018,True
cecb3321-8cf7-498a-ae25-29ff8d838f8d,Woolworths Supermarket,Pantry,Woolworths Free From Gluten Scotch Finger Biscuits 160g,651571,$2.70,$1.69 / 100G,https://www.woolworths.com.au/shop/productdetails/651571/woolworths-free-from-gluten-scotch-finger-biscuits,https://cdn0.woolworths.media/content/wowproductimages/medium/651571.jpg,2020-09-21 17:27:05,Average product rating out of 5: 3.8. Product score is based on 319 ratings,319,Was $3.00 01/03/2018,True
ee7ad642-861b-49f7-9017-137685e0529a,Woolworths Supermarket,Pantry,Whole Earth Sweetener Sachets 60g 40pk,651957,$4.20,$10.50 / 100EA,https://www.woolworths.com.au/shop/productdetails/651957/whole-earth-sweetener-sachets,https://cdn0.woolworths.media/content/wowproductimages/medium/651957.jpg,2020-09-21 17:27:05,,0,,True
484d4a7c-a9a0-4b69-b904-82bd59c4ed36,Woolworths Supermarket,Pantry,Woolworths Spaghetti Bolognese Bolognese 1.1kg,652060,$10.00,$0.91 / 100G,https://www.woolworths.com.au/shop/productdetails/652060/woolworths-spaghetti-bolognese-bolognese,https://cdn0.woolworths.media/content/wowproductimages/medium/652060.jpg,2020-09-21 17:27:05,Average product rating out of 5: 3.6. Product score is based on 149 ratings,149,Was $12.00 01/05/2018,True
8271ff61-3061-4a5c-aa48-3a05b0943e5c,Woolworths Supermarket,Pantry,Woolworths Fettuccine Carbonara 350g,652062,$7.50,$2.14 / 100G,https://www.woolworths.com.au/shop/productdetails/652062/woolworths-fettuccine-carbonara,https://cdn0.woolworths.media/content/wowproductimages/medium/652062.jpg,2020-09-21 17:27:05,Average product rating out of 5: 3.6. Product score is based on 329 ratings,329,2 for $12.00 $1.71/100G,True
ef5cbfd2-c882-42d4-8e74-3afa3c9c5344,Woolworths Supermarket,Pantry,Sugarless Low Calorie Sweetener Tablets 400 pack,652071,$5.00,$0.01 / 1EA,https://www.woolworths.com.au/shop/productdetails/652071/sugarless-low-calorie-sweetener-tablets,https://cdn0.woolworths.media/content/wowproductimages/medium/652071.jpg,2020-09-21 17:27:05,,0,,True
de1ec1f0-6ebb-40fc-8d2c-cff9ee78ec2d,Woolworths Supermarket,Pantry,Natvia Natural Sweetener Organic Stevia 600g,652122,$14.75,$2.46 / 100G,https://www.woolworths.com.au/shop/productdetails/652122/natvia-natural-sweetener-organic-stevia,https://cdn0.woolworths.media/content/wowproductimages/medium/652122.jpg,2020-09-21 17:27:05,,0,,True
9f57c5ae-38cf-4313-a91e-a08484f882f6,Woolworths Supermarket,Pantry,One Night In Mexico Chipotle Chicken Taco Kit 435g,652587,$5.00,$1.15 / 100G,https://www.woolworths.com.au/shop/productdetails/652587/one-night-in-mexico-chipotle-chicken-taco-kit,https://cdn0.woolworths.media/content/wowproductimages/medium/652587.jpg,2020-09-21 17:27:05,,0,,True
f2fe44a1-b5bf-46b9-8b47-176ca41d575b,Woolworths Supermarket,Pantry,One Night In Mexico Spice Stir In Seasoning 120g,652589,$2.50,$2.08 / 100G,https://www.woolworths.com.au/shop/productdetails/652589/one-night-in-mexico-spice-stir-in-seasoning,https://cdn0.woolworths.media/content/wowproductimages/medium/652589.jpg,2020-09-21 17:27:05,,0,,True
5486fa60-9ee0-4ad9-96d1-498b87f85691,Woolworths Supermarket,Pantry,One Night In Mexico Mexican Beef Taco Kit 520g,652666,$5.00,$0.96 / 100G,https://www.woolworths.com.au/shop/productdetails/652666/one-night-in-mexico-mexican-beef-taco-kit,https://cdn0.woolworths.media/content/wowproductimages/medium/652666.jpg,2020-09-21 17:27:05,,0,,True
5b1908c7-0a0d-415a-841d-4f14434dcc77,Woolworths Supermarket,Pantry,One Night In Mexico Lime & Jalapeno Chicken Taco Kit 435g,652667,$5.00,$1.15 / 100G,https://www.woolworths.com.au/shop/productdetails/652667/one-night-in-mexico-lime-jalapeno-chicken-taco-kit,https://cdn0.woolworths.media/content/wowproductimages/medium/652667.jpg,2020-09-21 17:27:05,,0,,True
d1e3dbbd-35ff-4353-8eb4-9068e4fd7b6c,Woolworths Supermarket,Pantry,One Night In Mexico Tortilla With Corn 10 pack,652670,$4.00,$1.43 / 100G,https://www.woolworths.com.au/shop/productdetails/652670/one-night-in-mexico-tortilla-with-corn,https://cdn0.woolworths.media/content/wowproductimages/medium/652670.jpg,2020-09-21 17:27:05,,0,,True
d65c11a9-aac2-4b7e-92e5-7a8ff78a7f89,Woolworths Supermarket,Pantry,One Night In Mexico Smokey Chipotle Seasoning 35g,652671,$2.50,$7.14 / 100G,https://www.woolworths.com.au/shop/productdetails/652671/one-night-in-mexico-smokey-chipotle-seasoning,https://cdn0.woolworths.media/content/wowproductimages/medium/652671.jpg,2020-09-21 17:27:05,,0,,True
75d4f7f2-d67d-4e69-b75b-9155e9570de7,Woolworths Supermarket,Pantry,One Night In Mexico Smokey Chipotle Taco Sauce 250ml,652672,$3.50,$1.40 / 100ML,https://www.woolworths.com.au/shop/productdetails/652672/one-night-in-mexico-smokey-chipotle-taco-sauce,https://cdn0.woolworths.media/content/wowproductimages/medium/652672.jpg,2020-09-21 17:27:05,,0,,True
2d9f96e7-cacf-40eb-b041-2ce2607917cb,Woolworths Supermarket,Pantry,One Night In Mexico Spicy Jalapeno Taco Sauce 250ml,652673,$3.50,$1.40 / 100ML,https://www.woolworths.com.au/shop/productdetails/652673/one-night-in-mexico-spicy-jalapeno-taco-sauce,https://cdn0.woolworths.media/content/wowproductimages/medium/652673.jpg,2020-09-21 17:27:05,,0,,True
5fc32634-f6c9-4318-a7df-2ca1c6a0225a,Woolworths Supermarket,Pantry,Masterfoods Barbecue Sauce 500ml,099696,$2.50,$0.50 / 100ML,https://www.woolworths.com.au/shop/productdetails/99696/masterfoods-barbecue-sauce,https://cdn0.woolworths.media/content/wowproductimages/medium/099696.jpg,2020-09-21 17:27:05,,0,,True
a0c5cff5-bc05-4acf-b072-9a6c5e3dad55,Woolworths Supermarket,Pantry,Doritos Share Pack Cheese Supreme 170g,826731,$2.75,$1.62 / 100G,https://www.woolworths.com.au/shop/productdetails/826731/doritos-share-pack-cheese-supreme,https://cdn0.woolworths.media/content/wowproductimages/medium/826731.jpg,2020-09-21 17:27:05,,0,,True
5a30893d-9118-4157-a832-3b344ce23968,Woolworths Supermarket,Pantry,Arnott's Shortbread 250g,008838,$2.50,$1.00 / 100G,https://www.woolworths.com.au/shop/productdetails/8838/arnott-s-shortbread,https://cdn0.woolworths.media/content/wowproductimages/medium/008838.jpg,2020-09-21 17:27:05,,0,,True
e5ff45fa-a882-41d3-b180-9af24c97bf08,Woolworths Supermarket,Pantry,Twisties Cheese Chips 90g,081659,$2.00,$2.22 / 100G,https://www.woolworths.com.au/shop/productdetails/81659/twisties-cheese-chips,https://cdn0.woolworths.media/content/wowproductimages/medium/081659.jpg,2020-09-21 17:27:05,,0,,True
db24f5dc-7a32-4b7e-aa34-d2420bbc17f5,Woolworths Supermarket,Pantry,Bertolli Extra Virgin Olive Oil Originale 750ml,502951,$6.50,$0.87 / 100ML,https://www.woolworths.com.au/shop/productdetails/502951/bertolli-extra-virgin-olive-oil-originale,https://cdn0.woolworths.media/content/wowproductimages/medium/502951.jpg,2020-09-21 17:27:05,,0,,True
83d5a2f0-116a-4de6-9a76-8aa6ffa9fe53,Woolworths Supermarket,Pantry,Valcom Canned Bamboo Shoots Sliced 225g,097730,$1.10,$4.89 / 1KG,https://www.woolworths.com.au/shop/productdetails/97730/valcom-canned-bamboo-shoots-sliced,https://cdn0.woolworths.media/content/wowproductimages/medium/097730.jpg,2020-09-21 17:27:05,,0,,True
ecc8fd9d-c3b6-40cc-85bd-b990592f9b6c,Woolworths Supermarket,Pantry,Kellogg's Nutri-grain Protein Breakfast Cereal 290g,701706,$4.95,$1.71 / 100G,https://www.woolworths.com.au/shop/productdetails/701706/kellogg-s-nutri-grain-protein-breakfast-cereal,https://cdn0.woolworths.media/content/wowproductimages/medium/701706.jpg,2020-09-21 17:27:05,,0,,True
952da956-a58a-4a6e-92cc-4a9f1e6c1131,Woolworths Supermarket,Pantry,Arnott's Malt O' Milk 250g,036036,$2.50,$1.00 / 100G,https://www.woolworths.com.au/shop/productdetails/36036/arnott-s-malt-o-milk,https://cdn0.woolworths.media/content/wowproductimages/medium/036036.jpg,2020-09-21 17:27:05,,0,,True
25b4975a-9b29-49b4-a3c1-5f3f7e68bacc,Woolworths Supermarket,Pantry,Smith's Share Pack Crinkle Cut Salt & Vinegar 170g,826738,$2.75,$1.62 / 100G,https://www.woolworths.com.au/shop/productdetails/826738/smith-s-share-pack-crinkle-cut-salt-vinegar,https://cdn0.woolworths.media/content/wowproductimages/medium/826738.jpg,2020-09-21 17:27:05,,0,,True
67f52c08-4330-40a9-bf07-d354460f8f4f,Woolworths Supermarket,Pantry,Arnott's Snack Right Sultana 250g,182697,$3.00,$1.20 / 100G,https://www.woolworths.com.au/shop/productdetails/182697/arnott-s-snack-right-sultana,https://cdn0.woolworths.media/content/wowproductimages/medium/182697.jpg,2020-09-21 17:27:05,,0,Was $4.20 11/02/2019,True
3d82c313-a51c-451b-94ba-eaa1ed2f6547,Woolworths Supermarket,Pantry,Toblerone Milk Chocolate Bar 50g,047011,$1.00,$2.00 / 100G,https://www.woolworths.com.au/shop/productdetails/47011/toblerone-milk-chocolate-bar,https://cdn0.woolworths.media/content/wowproductimages/medium/047011.jpg,2020-09-21 17:27:05,,0,,True
af1d55b5-2e3d-4916-8113-c82a5667e352,Woolworths Supermarket,Pantry,Kooka's Country Cookies Lemon 200g,347837,$2.00,$1.00 / 100G,https://www.woolworths.com.au/shop/productdetails/347837/kooka-s-country-cookies-lemon,https://cdn0.woolworths.media/content/wowproductimages/medium/347837.jpg,2020-09-21 17:27:05,,0,,True
97baa366-0b2b-47a1-b6a8-05582e877f90,Woolworths Supermarket,Pantry,Uncle Tobys Roll-ups Strawberry Fun Prints 6 pack,324231,$4.00,$4.26 / 100G,https://www.woolworths.com.au/shop/productdetails/324231/uncle-tobys-roll-ups-strawberry-fun-prints,https://cdn0.woolworths.media/content/wowproductimages/medium/324231.jpg,2020-09-21 17:27:05,,0,,True
c96a171c-2dcd-4702-a497-87549bededf3,Woolworths Supermarket,Pantry,Woolworths Corn Sweet Kernels 420g,218926,$1.00,$2.38 / 1KG,https://www.woolworths.com.au/shop/productdetails/218926/woolworths-corn-sweet-kernels,https://cdn0.woolworths.media/content/wowproductimages/medium/218926.jpg,2020-09-21 17:27:05,Average product rating out of 5: 4.1. Product score is based on 215 ratings,215,,True
ff1c0122-df3a-4933-8a35-c65a3c74ea3f,Woolworths Supermarket,Pantry,Moccona Freeze Dried Instant Coffee Classic Medium Roast 400g,208575,$24.00,$6.00 / 100G,https://www.woolworths.com.au/shop/productdetails/208575/moccona-freeze-dried-instant-coffee-classic-medium-roast,https://cdn0.woolworths.media/content/wowproductimages/medium/208575.jpg,2020-09-21 17:27:05,,0,,True
5fb6759d-2fec-41b3-8187-266bb616c6d3,Woolworths Supermarket,Pantry,Macro Organic Quinoa Tri Colour 500g,717631,$7.00,$1.40 / 100G,https://www.woolworths.com.au/shop/productdetails/717631/macro-organic-quinoa-tri-colour,https://cdn0.woolworths.media/content/wowproductimages/medium/717631.jpg,2020-09-21 17:27:05,Average product rating out of 5: 4.6. Product score is based on 274 ratings,274,Was $9.99 09/01/2017,True
fc888b10-09f8-40ca-9766-8d7889fb986c,Woolworths Supermarket,Pantry,Arnott's Shapes Cheddar 175g,384244,$2.50,$1.43 / 100G,https://www.woolworths.com.au/shop/productdetails/384244/arnott-s-shapes-cheddar,https://cdn0.woolworths.media/content/wowproductimages/medium/384244.jpg,2020-09-21 17:27:05,,0,,True
cf054f27-25ab-4311-b7b1-0c54dc1c97f9,Woolworths Supermarket,Pantry,Uncle Ben's Microwave Mexican Style Brown Rice 250g,727257,$3.00,$1.20 / 100G,https://www.woolworths.com.au/shop/productdetails/727257/uncle-ben-s-microwave-mexican-style-brown-rice,https://cdn0.woolworths.media/content/wowproductimages/medium/727257.jpg,2020-09-21 17:27:05,,0,,True
792a3a4d-f515-45e7-96f0-027e9844c288,Woolworths Supermarket,Pantry,Pringles Sour Cream And Onion Chips 134g,479502,$2.50,$1.87 / 100G,https://www.woolworths.com.au/shop/productdetails/479502/pringles-sour-cream-and-onion-chips,https://cdn0.woolworths.media/content/wowproductimages/medium/479502.jpg,2020-09-21 17:27:05,,0,,True
fa9a12e5-abb1-4d3d-aa4c-a266e5ecc742,Woolworths Supermarket,Pantry,Cadbury Cookie Crunchy Choc Filled 156g,653420,$3.50,$2.24 / 100G,https://www.woolworths.com.au/shop/productdetails/653420/cadbury-cookie-crunchy-choc-filled,https://cdn0.woolworths.media/content/wowproductimages/medium/653420.jpg,2020-09-21 17:27:05,,0,,True
857ccff0-d831-4129-a2a2-9f78e1ceb3fc,Woolworths Supermarket,Pantry,Cadbury Cookie Soft Double Choc 156g,653421,$3.50,$2.24 / 100G,https://www.woolworths.com.au/shop/productdetails/653421/cadbury-cookie-soft-double-choc,https://cdn0.woolworths.media/content/wowproductimages/medium/653421.jpg,2020-09-21 17:27:05,,0,,True
b88c6705-dac2-4621-a5bc-3854ada40aa2,Woolworths Supermarket,Pantry,Cadbury Cookie Soft Choc Chip 156g,653431,$3.50,$2.24 / 100G,https://www.woolworths.com.au/shop/productdetails/653431/cadbury-cookie-soft-choc-chip,https://cdn0.woolworths.media/content/wowproductimages/medium/653431.jpg,2020-09-21 17:27:05,,0,,True
2c6de509-85ec-4a97-ae7b-79c7bbad2e20,Woolworths Supermarket,Pantry,Woolworths Crinkle Cut Rice Crackers Bbq 100g,654741,$1.00,$1.00 / 100G,https://www.woolworths.com.au/shop/productdetails/654741/woolworths-crinkle-cut-rice-crackers-bbq,https://cdn0.woolworths.media/content/wowproductimages/medium/654741.jpg,2020-09-21 17:27:05,Average product rating out of 5: 4.1. Product score is based on 166 ratings,166,,True
847b46cf-fb6f-4d6e-b625-d9a40c722dcf,Woolworths Supermarket,Pantry,Huy Fong Sriracha Hot Chilli Sauce 266ml,655419,$4.20,$1.58 / 100ML,https://www.woolworths.com.au/shop/productdetails/655419/huy-fong-sriracha-hot-chilli-sauce,https://cdn0.woolworths.media/content/wowproductimages/medium/655419.jpg,2020-09-21 17:27:05,,0,,True
0e58750e-1d34-4588-9d68-3c6dec47c580,Woolworths Supermarket,Pantry,Pringles Chicken Salt Flavour Chips 134g,655424,$2.50,$1.87 / 100G,https://www.woolworths.com.au/shop/productdetails/655424/pringles-chicken-salt-flavour-chips,https://cdn0.woolworths.media/content/wowproductimages/medium/655424.jpg,2020-09-21 17:27:05,,0,,True
4f8c35fb-3a35-485d-a405-889125c22435,Woolworths Supermarket,Pantry,Huy Fong Sriracha Hot Chilli Sauce 740ml,655425,$7.50,$1.01 / 100ML,https://www.woolworths.com.au/shop/productdetails/655425/huy-fong-sriracha-hot-chilli-sauce,https://cdn0.woolworths.media/content/wowproductimages/medium/655425.jpg,2020-09-21 17:27:05,,0,,True
f78f3050-3015-4919-b257-0d7d6e8fd2ae,Woolworths Supermarket,Pantry,Twinings Extra Strong English Breakfast 40 pack,656131,$7.00,$0.18 / 1EA,https://www.woolworths.com.au/shop/productdetails/656131/twinings-extra-strong-english-breakfast,https://cdn0.woolworths.media/content/wowproductimages/medium/656131.jpg,2020-09-21 17:27:05,,0,,True
7cbb2a74-ddb8-4a11-af88-cd492a6f8097,Woolworths Supermarket,Pantry,Skittles Fruits Lollies Bottle 100g,656133,$4.00,$4.00 / 100G,https://www.woolworths.com.au/shop/productdetails/656133/skittles-fruits-lollies-bottle,https://cdn0.woolworths.media/content/wowproductimages/medium/656133.jpg,2020-09-21 17:27:05,,0,,True
e0ca52b5-d464-47fd-b416-cfc4a44ff1dd,Woolworths Supermarket,Pantry,Kan Tong Thai Green Curry Meal Base Pouch 175g,656938,$2.60,$1.49 / 100G,https://www.woolworths.com.au/shop/productdetails/656938/kan-tong-thai-green-curry-meal-base-pouch,https://cdn0.woolworths.media/content/wowproductimages/medium/656938.jpg,2020-09-21 17:27:05,,0,,True
ea150d14-4302-4f7d-bb19-2221101df30b,Woolworths Supermarket,Pantry,Kan Tong Honey Soy & Garlic Meal Base Pouch 175g,656962,$2.60,$1.49 / 100G,https://www.woolworths.com.au/shop/productdetails/656962/kan-tong-honey-soy-garlic-meal-base-pouch,https://cdn0.woolworths.media/content/wowproductimages/medium/656962.jpg,2020-09-21 17:27:05,,0,,True
30ac996f-a9f1-4a43-a0fa-b41f872e63b1,Woolworths Supermarket,Pantry,San Remo Gluten Free Spaghetti 350g,656967,$4.20,$1.20 / 100G,https://www.woolworths.com.au/shop/productdetails/656967/san-remo-gluten-free-spaghetti,https://cdn0.woolworths.media/content/wowproductimages/medium/656967.jpg,2020-09-21 17:27:05,,0,,True
23da733b-bad2-4376-a100-78a9ff511f9d,Woolworths Supermarket,Pantry,Kan Tong Teriyaki Chicken Meal Base Pouch 175g,656969,$2.60,$1.49 / 100G,https://www.woolworths.com.au/shop/productdetails/656969/kan-tong-teriyaki-chicken-meal-base-pouch,https://cdn0.woolworths.media/content/wowproductimages/medium/656969.jpg,2020-09-21 17:27:05,,0,,True
a484ff76-0707-4e52-87d9-ae9e4b0c62a8,Woolworths Supermarket,Pantry,San Remo Gluten Free Fettucine 350g,657011,$4.20,$1.20 / 100G,https://www.woolworths.com.au/shop/productdetails/657011/san-remo-gluten-free-fettucine,https://cdn0.woolworths.media/content/wowproductimages/medium/657011.jpg,2020-09-21 17:27:05,,0,,True
1aae9df5-17e1-43d0-bf1a-90a51494181d,Woolworths Supermarket,Pantry,San Remo Gluten Free Penne 350g,657021,$4.20,$1.20 / 100G,https://www.woolworths.com.au/shop/productdetails/657021/san-remo-gluten-free-penne,https://cdn0.woolworths.media/content/wowproductimages/medium/657021.jpg,2020-09-21 17:27:05,,0,,True
9f96cd39-c0d6-497c-85c9-e36be88dc33f,Woolworths Supermarket,Pantry,Woolworths Onion & Chives Puff Pastry Twists 150g,657271,$3.00,$2.00 / 100G,https://www.woolworths.com.au/shop/productdetails/657271/woolworths-onion-chives-puff-pastry-twists,https://cdn0.woolworths.media/content/wowproductimages/medium/657271.jpg,2020-09-21 17:27:05,Average product rating out of 5: 3.5. Product score is based on 427 ratings,427,,True
c64070f0-df06-43a3-84e2-176c3fb47950,Woolworths Supermarket,Pantry,San Remo Gluten Free Spirals 350g,657399,$4.20,$1.20 / 100G,https://www.woolworths.com.au/shop/productdetails/657399/san-remo-gluten-free-spirals,https://cdn0.woolworths.media/content/wowproductimages/medium/657399.jpg,2020-09-21 17:27:05,,0,,True
c857f0c5-9637-4738-acd3-d3d962f647fe,Woolworths Supermarket,Pantry,Twix Chocolate Bar 50g,657419,$1.50,$3.00 / 100G,https://www.woolworths.com.au/shop/productdetails/657419/twix-chocolate-bar,https://cdn0.woolworths.media/content/wowproductimages/medium/657419.jpg,2020-09-21 17:27:05,,0,,True
7cd057e2-442d-4f04-a665-ca14d3d192db,Woolworths Supermarket,Pantry,Heinz Baked Beans Tomato Sauce 555g,657421,$2.50,$0.45 / 100G,https://www.woolworths.com.au/shop/productdetails/657421/heinz-baked-beans-tomato-sauce,https://cdn0.woolworths.media/content/wowproductimages/medium/657421.jpg,2020-09-21 17:27:05,,0,Was $3.00 11/06/2018,True
2c42a122-3d2d-46a3-b0b5-394f0427bbe6,Woolworths Supermarket,Pantry,Heinz Baked Beans English Recipe 555g,657423,$2.50,$0.45 / 100G,https://www.woolworths.com.au/shop/productdetails/657423/heinz-baked-beans-english-recipe,https://cdn0.woolworths.media/content/wowproductimages/medium/657423.jpg,2020-09-21 17:27:05,,0,Was $3.00 11/06/2018,True
1544882f-048d-41d4-93dd-8a67f8e07222,Woolworths Supermarket,Pantry,Heinz Baked Beans Salt Reduced 555g,657425,$2.50,$0.45 / 100G,https://www.woolworths.com.au/shop/productdetails/657425/heinz-baked-beans-salt-reduced,https://cdn0.woolworths.media/content/wowproductimages/medium/657425.jpg,2020-09-21 17:27:05,,0,Was $3.00 11/06/2018,True
92f8daae-0e03-427f-af5b-fd0d01670fd9,Woolworths Supermarket,Pantry,Heinz Baked Beans Bbq Sauce 555g,657431,$2.50,$0.45 / 100G,https://www.woolworths.com.au/shop/productdetails/657431/heinz-baked-beans-bbq-sauce,https://cdn0.woolworths.media/content/wowproductimages/medium/657431.jpg,2020-09-21 17:27:05,,0,Was $3.00 11/06/2018,True
a22a41a6-ed9b-44ff-9291-5244726354b7,Woolworths Supermarket,Pantry,Heinz Baked Beans Ham Sauce 555g,657432,$2.50,$0.45 / 100G,https://www.woolworths.com.au/shop/productdetails/657432/heinz-baked-beans-ham-sauce,https://cdn0.woolworths.media/content/wowproductimages/medium/657432.jpg,2020-09-21 17:27:05,,0,Was $3.00 11/06/2018,True
5c5ea6cd-eefc-4e8f-8acb-34b5dafcb7d0,Woolworths Supermarket,Pantry,Kan Tong Satay Chicken Meal Base Pouch 180g,658460,$2.60,$1.44 / 100G,https://www.woolworths.com.au/shop/productdetails/658460/kan-tong-satay-chicken-meal-base-pouch,https://cdn0.woolworths.media/content/wowproductimages/medium/658460.jpg,2020-09-21 17:27:05,,0,,True
6eb44785-8e3d-4ab8-9012-d291a352b569,Woolworths Supermarket,Pantry,Arnott's Shapes Chicken Crimpy 175g,384245,$2.50,$1.43 / 100G,https://www.woolworths.com.au/shop/productdetails/384245/arnott-s-shapes-chicken-crimpy,https://cdn0.woolworths.media/content/wowproductimages/medium/384245.jpg,2020-09-21 17:27:05,,0,,True
24986ca6-f2a6-4a02-b29e-b7879388d1cd,Woolworths Supermarket,Pantry,Indomie Mi Goreng Instant Noodles 5pk 425g,177972,$2.75,$0.65 / 100G,https://www.woolworths.com.au/shop/productdetails/177972/indomie-mi-goreng-instant-noodles,https://cdn0.woolworths.media/content/wowproductimages/medium/177972.jpg,2020-09-21 17:27:05,,0,,True
57e4eb78-faa8-4ab3-9006-7e4b07fb180a,Woolworths Supermarket,Pantry,Sunbites Grain Waves Sour Cream & Chives 170g,082361,$3.50,$2.06 / 100G,https://www.woolworths.com.au/shop/productdetails/82361/sunbites-grain-waves-sour-cream-chives,https://cdn0.woolworths.media/content/wowproductimages/medium/082361.jpg,2020-09-21 17:27:05,,0,,True
4083d3ba-67f3-435a-9d7e-9c4cf58abe9e,Woolworths Supermarket,Pantry,Cadbury Dairy Milk Chocolate Fair Trade 350g,757883,$5.00,$1.43 / 100G,https://www.woolworths.com.au/shop/productdetails/757883/cadbury-dairy-milk-chocolate-fair-trade,https://cdn0.woolworths.media/content/wowproductimages/medium/757883.jpg,2020-09-21 17:27:05,,0,Was $6.30 16/01/2017,True
7916525c-23e2-4cb2-8510-f5bfc5389dd1,Woolworths Supermarket,Pantry,Essentials Raw Sugar 2kg,018174,$2.10,$0.11 / 100G,https://www.woolworths.com.au/shop/productdetails/18174/essentials-raw-sugar,https://cdn0.woolworths.media/content/wowproductimages/medium/018174.jpg,2020-09-21 17:27:05,,0,,True
22a79290-7596-4a26-a2e5-1fde6ee4cdce,Woolworths Supermarket,Pantry,Heinz Canned Soup Big Red Tomato 420g,034331,$2.20,$0.52 / 100G,https://www.woolworths.com.au/shop/productdetails/34331/heinz-canned-soup-big-red-tomato,https://cdn0.woolworths.media/content/wowproductimages/medium/034331.jpg,2020-09-21 17:27:05,,0,,True
66720a84-0e68-4372-9a17-75ee3aa53b76,Woolworths Supermarket,Pantry,Cadbury Fry's Turkish Delight 55g bar,098390,$1.00,$1.82 / 100G,https://www.woolworths.com.au/shop/productdetails/98390/cadbury-fry-s-turkish-delight,https://cdn0.woolworths.media/content/wowproductimages/medium/098390.jpg,2020-09-21 17:27:05,,0,,True
89e99503-9b74-4875-87f0-93588e06eecb,Woolworths Supermarket,Pantry,Ardmona Tomatoes Diced No Added Salt 400g,226849,$1.40,$3.50 / 1KG,https://www.woolworths.com.au/shop/productdetails/226849/ardmona-tomatoes-diced-no-added-salt,https://cdn0.woolworths.media/content/wowproductimages/medium/226849.jpg,2020-09-21 17:27:05,,0,,True
3d84542b-230d-495f-816d-7b8bdffd185d,Woolworths Supermarket,Pantry,Woolworths Diced Italian Tomatoes No Added Salt 400g,770320,$0.80,$2.00 / 1KG,https://www.woolworths.com.au/shop/productdetails/770320/woolworths-diced-italian-tomatoes-no-added-salt,https://cdn0.woolworths.media/content/wowproductimages/medium/770320.jpg,2020-09-21 17:27:05,Average product rating out of 5: 4.7. Product score is based on 311 ratings,311,,True
83221910-4717-4faa-84ce-3aa8aefbde63,Woolworths Supermarket,Pantry,Fantastic Rice Crackers Original 100g,035231,$1.50,$1.50 / 100G,https://www.woolworths.com.au/shop/productdetails/35231/fantastic-rice-crackers-original,https://cdn0.woolworths.media/content/wowproductimages/medium/035231.jpg,2020-09-21 17:27:05,,0,,True
d866c8dd-4a6f-42e6-b1fd-46338d92c6dc,Woolworths Supermarket,Pantry,Mckenzie's Rice Flour 375g,094275,$1.50,$4.00 / 1KG,https://www.woolworths.com.au/shop/productdetails/94275/mckenzie-s-rice-flour,https://cdn0.woolworths.media/content/wowproductimages/medium/094275.jpg,2020-09-21 17:27:05,,0,,True
0fe5b1cb-23ea-4c0b-9faf-0424d073330a,Woolworths Supermarket,Pantry,Macro Organic Quinoa Tri Colour 500g,717631,$7.00,$1.40 / 100G,https://www.woolworths.com.au/shop/productdetails/717631/macro-organic-quinoa-tri-colour,https://cdn0.woolworths.media/content/wowproductimages/medium/717631.jpg,2020-09-21 17:27:05,Average product rating out of 5: 4.6. Product score is based on 274 ratings,274,Was $9.99 09/01/2017,True
2617cd32-d143-4604-9d21-8fd73d093856,Woolworths Supermarket,Pantry,Arnott's Monte Carlo 250g,036031,$3.00,$1.20 / 100G,https://www.woolworths.com.au/shop/productdetails/36031/arnott-s-monte-carlo,https://cdn0.woolworths.media/content/wowproductimages/medium/036031.jpg,2020-09-21 17:27:05,,0,,True
f372a8d9-e6a9-4306-99ea-a260abb42420,Woolworths Supermarket,Pantry,Masterfoods Barbecue Sauce 500ml,099696,$2.50,$0.50 / 100ML,https://www.woolworths.com.au/shop/productdetails/99696/masterfoods-barbecue-sauce,https://cdn0.woolworths.media/content/wowproductimages/medium/099696.jpg,2020-09-21 17:27:05,,0,,True
4c370f73-13d7-4324-98b7-ed7b73ea1e53,Woolworths Supermarket,Pantry,Essentials Pasta Penne 500g,188800,$0.80,$0.16 / 100G,https://www.woolworths.com.au/shop/productdetails/188800/essentials-pasta-penne,https://cdn0.woolworths.media/content/wowproductimages/medium/188800.jpg,2020-09-21 17:27:05,,0,,True
84dabff0-eca6-4a61-89e5-45fbe61cddba,Woolworths Supermarket,Pantry,Sunbites Grain Waves Sour Cream & Chives 5 pack,720220,$3.10,$2.82 / 100G,https://www.woolworths.com.au/shop/productdetails/720220/sunbites-grain-waves-sour-cream-chives,https://cdn0.woolworths.media/content/wowproductimages/medium/720220.jpg,2020-09-21 17:27:05,,0,2 for $5.00,True
9128aaf2-1643-4860-8545-8348292c79ae,Woolworths Supermarket,Pantry,Woolworths Rolled Traditional Oats 750g,321220,$1.40,$0.19 / 100G,https://www.woolworths.com.au/shop/productdetails/321220/woolworths-rolled-traditional-oats,https://cdn0.woolworths.media/content/wowproductimages/medium/321220.jpg,2020-09-21 17:27:05,Average product rating out of 5: 4.6. Product score is based on 748 ratings,748,,True
3759aa8f-c423-4ca3-9834-b551cda0bd81,Woolworths Supermarket,Pantry,Ritz Crackers Original 300g,660562,$2.50,$0.83 / 100G,https://www.woolworths.com.au/shop/productdetails/660562/ritz-crackers-original,https://cdn0.woolworths.media/content/wowproductimages/medium/660562.jpg,2020-09-21 17:27:05,,0,,True
3a9b83bc-1751-4c7d-97a2-e28415f9a078,Woolworths Supermarket,Pantry,Mckenzie's Himalayan Salt Rock Pink 400g,749926,$5.95,$0.15 / 10G,https://www.woolworths.com.au/shop/productdetails/749926/mckenzie-s-himalayan-salt-rock-pink,https://cdn0.woolworths.media/content/wowproductimages/medium/749926.jpg,2020-09-21 17:27:05,,0,,True
7450e700-c673-40e4-8a03-b223fa6db0aa,Woolworths Supermarket,Pantry,Continental Cup A Soup Creamy Chicken With Lots Of Noodles 2 pack,026649,$2.00,$3.33 / 100G,https://www.woolworths.com.au/shop/productdetails/26649/continental-cup-a-soup-creamy-chicken-with-lots-of-noodles,https://cdn0.woolworths.media/content/wowproductimages/medium/026649.jpg,2020-09-21 17:27:05,,0,,True
095b0ba5-8be0-4278-aab5-60afdd526526,Woolworths Supermarket,Pantry,Sanitarium Weet-bix Cholesterol Lowering Breakfast Cereal 440g,658537,$6.35,$1.44 / 100G,https://www.woolworths.com.au/shop/productdetails/658537/sanitarium-weet-bix-cholesterol-lowering-breakfast-cereal,https://cdn0.woolworths.media/content/wowproductimages/medium/658537.jpg,2020-09-21 17:27:05,,0,,True
07dacc2a-19b2-4cf4-be97-03803e731b2c,Woolworths Supermarket,Pantry,Edgell Diced Beetroot 425g,658775,$2.00,$4.71 / 1KG,https://www.woolworths.com.au/shop/productdetails/658775/edgell-diced-beetroot,https://cdn0.woolworths.media/content/wowproductimages/medium/658775.jpg,2020-09-21 17:27:05,,0,,True
681a206f-6d6c-4dfc-b6f6-452f9bd54f12,Woolworths Supermarket,Pantry,Woolworths Tomato Soup 420g,659135,$0.80,$0.19 / 100G,https://www.woolworths.com.au/shop/productdetails/659135/woolworths-tomato-soup,https://cdn0.woolworths.media/content/wowproductimages/medium/659135.jpg,2020-09-21 17:27:05,Average product rating out of 5: 4.0. Product score is based on 250 ratings,250,,True
5a977658-4acb-43e6-bea6-970592eb949c,Woolworths Supermarket,Pantry,Csr Unrefined Rapadura Sugar 250g,659238,$2.95,$1.18 / 100G,https://www.woolworths.com.au/shop/productdetails/659238/csr-unrefined-rapadura-sugar,https://cdn0.woolworths.media/content/wowproductimages/medium/659238.jpg,2020-09-21 17:27:05,,0,,True
eb1ff23a-2042-48b3-98ca-27426a674c35,Woolworths Supermarket,Pantry,Csr Unrefined Coconut Sugar 250g,659255,$4.00,$1.60 / 100G,https://www.woolworths.com.au/shop/productdetails/659255/csr-unrefined-coconut-sugar,https://cdn0.woolworths.media/content/wowproductimages/medium/659255.jpg,2020-09-21 17:27:05,,0,,True
2124dd19-4a9d-4aac-97b7-50db51bc7866,Woolworths Supermarket,Pantry,Csr Dark Muscovado Sugar 250g,659256,$2.95,$1.18 / 100G,https://www.woolworths.com.au/shop/productdetails/659256/csr-dark-muscovado-sugar,https://cdn0.woolworths.media/content/wowproductimages/medium/659256.jpg,2020-09-21 17:27:05,,0,,True
ff8bd8ca-dcdf-4bfc-a9e4-f2b0175f3c8b,Woolworths Supermarket,Pantry,Kan Tong Chicken & Cashew Nut Meal Base Pouch 175g,659506,$2.60,$1.49 / 100G,https://www.woolworths.com.au/shop/productdetails/659506/kan-tong-chicken-cashew-nut-meal-base-pouch,https://cdn0.woolworths.media/content/wowproductimages/medium/659506.jpg,2020-09-21 17:27:05,,0,,True
2b3b4abb-c282-4a05-ad1f-b962f5bbd3c2,Woolworths Supermarket,Pantry,Woolworths Tuna And Rice Mexican Style 190g,659877,$2.70,$14.21 / 1KG,https://www.woolworths.com.au/shop/productdetails/659877/woolworths-tuna-and-rice-mexican-style,https://cdn0.woolworths.media/content/wowproductimages/medium/659877.jpg,2020-09-21 17:27:05,Average product rating out of 5: 3.2. Product score is based on 29 ratings,29,,True
371a6f62-f975-450c-841f-60053cd2be4a,Woolworths Supermarket,Pantry,Woolworths Tuna And Rice Paella Style 190g,659996,$2.70,$14.21 / 1KG,https://www.woolworths.com.au/shop/productdetails/659996/woolworths-tuna-and-rice-paella-style,https://cdn0.woolworths.media/content/wowproductimages/medium/659996.jpg,2020-09-21 17:27:05,Average product rating out of 5: 3.5. Product score is based on 24 ratings,24,,True
06cd590b-8bfc-4967-a881-c3688c087b48,Woolworths Supermarket,Pantry,Ritz Crackers Original 300g,660562,$2.50,$0.83 / 100G,https://www.woolworths.com.au/shop/productdetails/660562/ritz-crackers-original,https://cdn0.woolworths.media/content/wowproductimages/medium/660562.jpg,2020-09-21 17:27:05,,0,,True
43b9056a-6845-4fcc-a3bd-2c9c0e7c7246,Woolworths Supermarket,Pantry,Aunt Betty's Whipped Cream Pink 250ml,661039,$4.00,$1.60 / 100ML,https://www.woolworths.com.au/shop/productdetails/661039/aunt-betty-s-whipped-cream-pink,https://cdn0.woolworths.media/content/wowproductimages/medium/661039.jpg,2020-09-21 17:27:05,,0,,True
9b35e2fa-6fa6-4564-860d-0b1a4cb6ae73,Woolworths Supermarket,Pantry,Aunt Betty's Gluten Free Chocolate 2x95g,661046,$4.00,$2.11 / 100G,https://www.woolworths.com.au/shop/productdetails/661046/aunt-betty-s-gluten-free-chocolate,https://cdn0.woolworths.media/content/wowproductimages/medium/661046.jpg,2020-09-21 17:27:05,,0,,True
72594920-7ec6-4ecf-a8e8-09e680875f5f,Woolworths Supermarket,Pantry,Aunt Betty's Whipped Cream Chocolate Heaven 250ml,661047,$4.00,$1.60 / 100ML,https://www.woolworths.com.au/shop/productdetails/661047/aunt-betty-s-whipped-cream-chocolate-heaven,https://cdn0.woolworths.media/content/wowproductimages/medium/661047.jpg,2020-09-21 17:27:05,,0,,True
9e976f79-c44f-41b1-84f2-a626521a926e,Woolworths Supermarket,Pantry,Aunt Betty's Whipped Cream Vanilla Bliss 250ml,661057,$4.00,$1.60 / 100ML,https://www.woolworths.com.au/shop/productdetails/661057/aunt-betty-s-whipped-cream-vanilla-bliss,https://cdn0.woolworths.media/content/wowproductimages/medium/661057.jpg,2020-09-21 17:27:05,,0,,True
50cb93c2-90db-479d-91ae-47dc538667c3,Woolworths Supermarket,Pantry,Sunbeam Sultanas 1kg,661325,$8.40,$8.40 / 1KG,https://www.woolworths.com.au/shop/productdetails/661325/sunbeam-sultanas,https://cdn0.woolworths.media/content/wowproductimages/medium/661325.jpg,2020-09-21 17:27:05,,0,,True
ff83e2c0-00c6-4f8d-a667-463e11b98644,Woolworths Supermarket,Pantry,Always Fresh Mini Toasts 90g,661396,$2.00,$2.22 / 100G,https://www.woolworths.com.au/shop/productdetails/661396/always-fresh-mini-toasts,https://cdn0.woolworths.media/content/wowproductimages/medium/661396.jpg,2020-09-21 17:27:05,,0,,True
727e1344-0cda-4e25-9876-b0b2163f87c3,Woolworths Supermarket,Pantry,Green's Red Velvet Cupcake Mix 410g,661509,$3.20,$0.78 / 100G,https://www.woolworths.com.au/shop/productdetails/661509/green-s-red-velvet-cupcake-mix,https://cdn0.woolworths.media/content/wowproductimages/medium/661509.jpg,2020-09-21 17:27:05,,0,,True
222356b2-8877-41cc-9a10-bfe89afbe7bd,Woolworths Supermarket,Pantry,Green's Vanilla Mud Cake Mix 600g,661633,$3.20,$0.53 / 100G,https://www.woolworths.com.au/shop/productdetails/661633/green-s-vanilla-mud-cake-mix,https://cdn0.woolworths.media/content/wowproductimages/medium/661633.jpg,2020-09-21 17:27:05,,0,,True
97e2bcea-bd61-4ae6-b9b6-837ab11f8038,Woolworths Supermarket,Pantry,Betty Crocker Supreme Lemon Slice Mix 510g,661670,$5.20,$1.02 / 100G,https://www.woolworths.com.au/shop/productdetails/661670/betty-crocker-supreme-lemon-slice-mix,https://cdn0.woolworths.media/content/wowproductimages/medium/661670.jpg,2020-09-21 17:27:05,,0,,True
e86ee01c-dc16-48e2-8842-2a31c008ad6d,Woolworths Supermarket,Pantry,Betty Crocker Limited Edition Salted Caramel Cookie Mix 400g,661671,$5.20,$1.30 / 100G,https://www.woolworths.com.au/shop/productdetails/661671/betty-crocker-limited-edition-salted-caramel-cookie-mix,https://cdn0.woolworths.media/content/wowproductimages/medium/661671.jpg,2020-09-21 17:27:05,,0,,True
7cf7ee21-82b0-4829-9a6f-3f636fc9a811,Woolworths Supermarket,Pantry,Olina's Artisan Cracker Raisin And Pumpkin Seeds 100g,661757,$4.00,$4.00 / 100G,https://www.woolworths.com.au/shop/productdetails/661757/olina-s-artisan-cracker-raisin-and-pumpkin-seeds,https://cdn0.woolworths.media/content/wowproductimages/medium/661757.jpg,2020-09-21 17:27:05,,0,,True
a71172e5-beb4-4662-a209-fd9dcd90977a,Woolworths Supermarket,Pantry,Olina's Artisan Cracker Date And Apricot 100g,661766,$4.00,$4.00 / 100G,https://www.woolworths.com.au/shop/productdetails/661766/olina-s-artisan-cracker-date-and-apricot,https://cdn0.woolworths.media/content/wowproductimages/medium/661766.jpg,2020-09-21 17:27:05,,0,,True
88707bf9-794a-4c55-a7bf-10ff8832a5e7,Woolworths Supermarket,Pantry,Olina's Artisan Cracker Fig And Black Olive 100g,661768,$4.00,$4.00 / 100G,https://www.woolworths.com.au/shop/productdetails/661768/olina-s-artisan-cracker-fig-and-black-olive,https://cdn0.woolworths.media/content/wowproductimages/medium/661768.jpg,2020-09-21 17:27:05,,0,,True
cb6037b9-5609-4973-a565-971ac9e316d4,Woolworths Supermarket,Pantry,Abe's Bagel Bakery Vegemite Bagel Bites 150g,661811,$3.20,$2.13 / 100G,https://www.woolworths.com.au/shop/productdetails/661811/abe-s-bagel-bakery-vegemite-bagel-bites,https://cdn0.woolworths.media/content/wowproductimages/medium/661811.jpg,2020-09-21 17:27:05,,0,,True
759cf163-577e-4a4f-b038-ac83b639893d,Woolworths Supermarket,Pantry,Arnott's Shapes Chicken Crimpy 175g,384245,$2.50,$1.43 / 100G,https://www.woolworths.com.au/shop/productdetails/384245/arnott-s-shapes-chicken-crimpy,https://cdn0.woolworths.media/content/wowproductimages/medium/384245.jpg,2020-09-21 17:27:05,,0,,True
ecf3d505-b512-4e54-ba6a-eee06ab4a3fe,Woolworths Supermarket,Pantry,Cadbury Dairy Milk Chocolate Fair Trade 350g,757883,$5.00,$1.43 / 100G,https://www.woolworths.com.au/shop/productdetails/757883/cadbury-dairy-milk-chocolate-fair-trade,https://cdn0.woolworths.media/content/wowproductimages/medium/757883.jpg,2020-09-21 17:27:05,,0,Was $6.30 16/01/2017,True
e5b810eb-6aaf-44b5-b88e-fc520c7d9fdb,Woolworths Supermarket,Pantry,Essentials Pasta Penne 500g,188800,$0.80,$0.16 / 100G,https://www.woolworths.com.au/shop/productdetails/188800/essentials-pasta-penne,https://cdn0.woolworths.media/content/wowproductimages/medium/188800.jpg,2020-09-21 17:27:05,,0,,True
43c40af6-4d4b-4ae5-ab27-abb338ebb478,Woolworths Supermarket,Pantry,Indomie Mi Goreng Instant Noodles 5pk 425g,177972,$2.75,$0.65 / 100G,https://www.woolworths.com.au/shop/productdetails/177972/indomie-mi-goreng-instant-noodles,https://cdn0.woolworths.media/content/wowproductimages/medium/177972.jpg,2020-09-21 17:27:05,,0,,True
066ad3a4-c302-490a-a500-ceb7e2dfb2a8,Woolworths Supermarket,Pantry,Ardmona Tomatoes Diced No Added Salt 400g,226849,$1.40,$3.50 / 1KG,https://www.woolworths.com.au/shop/productdetails/226849/ardmona-tomatoes-diced-no-added-salt,https://cdn0.woolworths.media/content/wowproductimages/medium/226849.jpg,2020-09-21 17:27:05,,0,,True
25444eee-35ed-4cef-9dec-7f57661d8c76,Woolworths Supermarket,Pantry,Continental Cup A Soup Creamy Chicken With Lots Of Noodles 2 pack,026649,$2.00,$3.33 / 100G,https://www.woolworths.com.au/shop/productdetails/26649/continental-cup-a-soup-creamy-chicken-with-lots-of-noodles,https://cdn0.woolworths.media/content/wowproductimages/medium/026649.jpg,2020-09-21 17:27:05,,0,,True
4393af94-8de3-4080-8692-b00f0ba4e1d4,Woolworths Supermarket,Pantry,Essentials Raw Sugar 2kg,018174,$2.10,$0.11 / 100G,https://www.woolworths.com.au/shop/productdetails/18174/essentials-raw-sugar,https://cdn0.woolworths.media/content/wowproductimages/medium/018174.jpg,2020-09-21 17:27:05,,0,,True
e35f2f3e-f1dd-4f3d-9efa-5fa3445c7d11,Woolworths Supermarket,Pantry,Arnott's Monte Carlo 250g,036031,$3.00,$1.20 / 100G,https://www.woolworths.com.au/shop/productdetails/36031/arnott-s-monte-carlo,https://cdn0.woolworths.media/content/wowproductimages/medium/036031.jpg,2020-09-21 17:27:05,,0,,True
f61d7525-3ffc-4397-8688-be95646b9aa6,Woolworths Supermarket,Pantry,Mckenzie's Rice Flour 375g,094275,$1.50,$4.00 / 1KG,https://www.woolworths.com.au/shop/productdetails/94275/mckenzie-s-rice-flour,https://cdn0.woolworths.media/content/wowproductimages/medium/094275.jpg,2020-09-21 17:27:05,,0,,True
e07a8129-d38d-469c-89c4-0f0865ed3c8b,Woolworths Supermarket,Pantry,Ritz Crackers Original 300g,660562,$2.50,$0.83 / 100G,https://www.woolworths.com.au/shop/productdetails/660562/ritz-crackers-original,https://cdn0.woolworths.media/content/wowproductimages/medium/660562.jpg,2020-09-21 17:27:05,,0,,True
dbe7017a-2de6-4611-af7e-5cef874d3dd5,Woolworths Supermarket,Pantry,Woolworths Rolled Traditional Oats 750g,321220,$1.40,$0.19 / 100G,https://www.woolworths.com.au/shop/productdetails/321220/woolworths-rolled-traditional-oats,https://cdn0.woolworths.media/content/wowproductimages/medium/321220.jpg,2020-09-21 17:27:05,Average product rating out of 5: 4.6. Product score is based on 748 ratings,748,,True
d08dcb0d-36ac-4897-9ca0-d91fa75c9c44,Woolworths Supermarket,Pantry,Cadbury Fry's Turkish Delight 55g bar,098390,$1.00,$1.82 / 100G,https://www.woolworths.com.au/shop/productdetails/98390/cadbury-fry-s-turkish-delight,https://cdn0.woolworths.media/content/wowproductimages/medium/098390.jpg,2020-09-21 17:27:05,,0,,True
5b8f9c6f-0524-4ed9-afb4-79692c49005e,Woolworths Supermarket,Pantry,Heinz Canned Soup Big Red Tomato 420g,034331,$2.20,$0.52 / 100G,https://www.woolworths.com.au/shop/productdetails/34331/heinz-canned-soup-big-red-tomato,https://cdn0.woolworths.media/content/wowproductimages/medium/034331.jpg,2020-09-21 17:27:05,,0,,True
8fe9a87b-614a-4b32-b801-d3409b4b1d13,Woolworths Supermarket,Pantry,Macro Organic Quinoa Tri Colour 500g,717631,$7.00,$1.40 / 100G,https://www.woolworths.com.au/shop/productdetails/717631/macro-organic-quinoa-tri-colour,https://cdn0.woolworths.media/content/wowproductimages/medium/717631.jpg,2020-09-21 17:27:05,Average product rating out of 5: 4.6. Product score is based on 274 ratings,274,Was $9.99 09/01/2017,True
860ed1e7-5e16-4316-8a94-286b2bec4d95,Woolworths Supermarket,Pantry,Woolworths Diced Italian Tomatoes No Added Salt 400g,770320,$0.80,$2.00 / 1KG,https://www.woolworths.com.au/shop/productdetails/770320/woolworths-diced-italian-tomatoes-no-added-salt,https://cdn0.woolworths.media/content/wowproductimages/medium/770320.jpg,2020-09-21 17:27:05,Average product rating out of 5: 4.7. Product score is based on 311 ratings,311,,True
a00a3ace-7a72-4bc1-98dd-807c45b9dd59,Woolworths Supermarket,Pantry,Masterfoods Barbecue Sauce 500ml,099696,$2.50,$0.50 / 100ML,https://www.woolworths.com.au/shop/productdetails/99696/masterfoods-barbecue-sauce,https://cdn0.woolworths.media/content/wowproductimages/medium/099696.jpg,2020-09-21 17:27:05,,0,,True
2dbdeae5-9c63-475b-9f0a-f36949c8ee22,Woolworths Supermarket,Pantry,Fantastic Rice Crackers Original 100g,035231,$1.50,$1.50 / 100G,https://www.woolworths.com.au/shop/productdetails/35231/fantastic-rice-crackers-original,https://cdn0.woolworths.media/content/wowproductimages/medium/035231.jpg,2020-09-21 17:27:05,,0,,True
07541589-ef70-44d5-b295-6bf6bfed9ed8,Woolworths Supermarket,Pantry,Mckenzie's Himalayan Salt Rock Pink 400g,749926,$5.95,$0.15 / 10G,https://www.woolworths.com.au/shop/productdetails/749926/mckenzie-s-himalayan-salt-rock-pink,https://cdn0.woolworths.media/content/wowproductimages/medium/749926.jpg,2020-09-21 17:27:05,,0,,True
ffecfec1-4ec5-472e-a367-a2e12018d2bc,Woolworths Supermarket,Pantry,Sunbites Grain Waves Sour Cream & Chives 170g,082361,$3.50,$2.06 / 100G,https://www.woolworths.com.au/shop/productdetails/82361/sunbites-grain-waves-sour-cream-chives,https://cdn0.woolworths.media/content/wowproductimages/medium/082361.jpg,2020-09-21 17:27:05,,0,,True
38a1fad4-3060-4835-9b9c-3db45f480c75,Woolworths Supermarket,Pantry,Sunbites Grain Waves Sour Cream & Chives 5 pack,720220,$3.10,$2.82 / 100G,https://www.woolworths.com.au/shop/productdetails/720220/sunbites-grain-waves-sour-cream-chives,https://cdn0.woolworths.media/content/wowproductimages/medium/720220.jpg,2020-09-21 17:27:05,,0,2 for $5.00,True
c0113c02-aafe-42f5-b255-58093b1bb7d8,Woolworths Supermarket,Pantry,Aeroplane Chocolate Mousse Mix 65g,661997,$2.25,$3.46 / 100G,https://www.woolworths.com.au/shop/productdetails/661997/aeroplane-chocolate-mousse-mix,https://cdn0.woolworths.media/content/wowproductimages/medium/661997.jpg,2020-09-21 17:27:05,,0,,True
46650bed-1769-467f-91c0-67a33f710291,Woolworths Supermarket,Pantry,Heilala Baking Blend Vanilla Extract 125ml,662134,$8.00,$6.40 / 100ML,https://www.woolworths.com.au/shop/productdetails/662134/heilala-baking-blend-vanilla-extract,https://cdn0.woolworths.media/content/wowproductimages/medium/662134.jpg,2020-09-21 17:27:05,,0,,True
bca3e5c1-1ee4-4feb-9d1f-97772d31ef46,Woolworths Supermarket,Pantry,Mcvitie's Hobnobs 300g,662228,$3.00,$1.00 / 100G,https://www.woolworths.com.au/shop/productdetails/662228/mcvitie-s-hobnobs,https://cdn0.woolworths.media/content/wowproductimages/medium/662228.jpg,2020-09-21 17:27:05,,0,,True
5201ecac-7156-4b4d-b5b8-e731840f302c,Woolworths Supermarket,Pantry,Nestle Mini Smarties Bits 150g,662341,$4.00,$2.67 / 100G,https://www.woolworths.com.au/shop/productdetails/662341/nestle-mini-smarties-bits,https://cdn0.woolworths.media/content/wowproductimages/medium/662341.jpg,2020-09-21 17:27:05,,0,,True
ac06e9ce-2bc7-4b70-8ab3-e96680c2ed41,Woolworths Supermarket,Pantry,Queen Unicorn Dream Flavour For Icing 50ml,662402,$2.00,$4.00 / 100ML,https://www.woolworths.com.au/shop/productdetails/662402/queen-unicorn-dream-flavour-for-icing,https://cdn0.woolworths.media/content/wowproductimages/medium/662402.jpg,2020-09-21 17:27:05,,0,,True
0ec0b206-8d88-4258-b0b0-6f3a0c193476,Woolworths Supermarket,Pantry,Queen Smiley Icing Decorations 12 pack,662586,$3.50,$29.17 / 100G,https://www.woolworths.com.au/shop/productdetails/662586/queen-smiley-icing-decorations,https://cdn0.woolworths.media/content/wowproductimages/medium/662586.jpg,2020-09-21 17:27:05,,0,,True
cca2af16-ee6e-4fc3-b1f1-1fcc20b7f75f,Woolworths Supermarket,Pantry,Queen Roses Icing Decorations 16pk 16g,662589,$3.50,$21.88 / 100G,https://www.woolworths.com.au/shop/productdetails/662589/queen-roses-icing-decorations,https://cdn0.woolworths.media/content/wowproductimages/medium/662589.jpg,2020-09-21 17:27:05,,0,,True
ac2a6a05-9f4c-4fa7-8a0b-721595dddce7,Woolworths Supermarket,Pantry,Queen Party Pals Icing Decorations 12pk 13g,662622,$3.50,$26.92 / 100G,https://www.woolworths.com.au/shop/productdetails/662622/queen-party-pals-icing-decorations,https://cdn0.woolworths.media/content/wowproductimages/medium/662622.jpg,2020-09-21 17:27:05,,0,,True
f5840c8e-3f00-4980-97be-ed7eb3ca2cba,Woolworths Supermarket,Pantry,Sirena Mexican Style Tuna & Beans 185g,662974,$4.30,$23.24 / 1KG,https://www.woolworths.com.au/shop/productdetails/662974/sirena-mexican-style-tuna-beans,https://cdn0.woolworths.media/content/wowproductimages/medium/662974.jpg,2020-09-21 17:27:05,,0,,True
da556bfb-368e-4789-835a-506f23f963f1,Woolworths Supermarket,Pantry,Monini Delicato Extra Virgin Olive Oil 750ml,663195,$12.00,$1.60 / 100ML,https://www.woolworths.com.au/shop/productdetails/663195/monini-delicato-extra-virgin-olive-oil,https://cdn0.woolworths.media/content/wowproductimages/medium/663195.jpg,2020-09-21 17:27:05,,0,,True
0d7d9b1d-d574-4696-898d-43c1d1a2262f,Woolworths Supermarket,Pantry,Monini Classico Extra Virgin Olive Oil 750ml,663196,$12.00,$1.60 / 100ML,https://www.woolworths.com.au/shop/productdetails/663196/monini-classico-extra-virgin-olive-oil,https://cdn0.woolworths.media/content/wowproductimages/medium/663196.jpg,2020-09-21 17:27:05,,0,,True
91edb57a-64cf-495e-bd75-25a575f94664,Woolworths Supermarket,Pantry,Orgran Berry Porridge 210g,663277,$7.00,$3.33 / 100G,https://www.woolworths.com.au/shop/productdetails/663277/orgran-berry-porridge,https://cdn0.woolworths.media/content/wowproductimages/medium/663277.jpg,2020-09-21 17:27:05,Average product rating out of 5: 4.7. Product score is based on 6 ratings,6,,True
ca8d8f67-77cc-499f-867b-247180d06ed8,Woolworths Supermarket,Pantry,Woolworths Black Beans No Added Salt Can 420g,663581,$0.80,$0.19 / 100G,https://www.woolworths.com.au/shop/productdetails/663581/woolworths-black-beans-no-added-salt-can,https://cdn0.woolworths.media/content/wowproductimages/medium/663581.jpg,2020-09-21 17:27:05,Average product rating out of 5: 4.4. Product score is based on 270 ratings,270,,True
9a6f2b68-ce2e-49f5-b015-a0cfd295190c,Woolworths Supermarket,Pantry,Woolworths Mexican Style 3 Bean Mix No Added Salt Can 420g,663582,$0.80,$0.19 / 100G,https://www.woolworths.com.au/shop/productdetails/663582/woolworths-mexican-style-3-bean-mix-no-added-salt-can,https://cdn0.woolworths.media/content/wowproductimages/medium/663582.jpg,2020-09-21 17:27:05,Average product rating out of 5: 4.3. Product score is based on 283 ratings,283,,True
29ab5542-6a02-4988-a231-054f677c1de5,Woolworths Supermarket,Pantry,Macro Organic 4 Bean Mix No Added Salt 420g,663583,$1.30,$0.31 / 100G,https://www.woolworths.com.au/shop/productdetails/663583/macro-organic-4-bean-mix-no-added-salt,https://cdn0.woolworths.media/content/wowproductimages/medium/663583.jpg,2020-09-21 17:27:05,Average product rating out of 5: 4.1. Product score is based on 801 ratings,801,,True
6b92a808-626d-45ba-9c78-4d574336f180,Woolworths Supermarket,Pantry,Macro Organic Black Bean No Added Salt 420g,663584,$1.30,$0.31 / 100G,https://www.woolworths.com.au/shop/productdetails/663584/macro-organic-black-bean-no-added-salt,https://cdn0.woolworths.media/content/wowproductimages/medium/663584.jpg,2020-09-21 17:27:05,Average product rating out of 5: 4.1. Product score is based on 386 ratings,386,,True
07f0f8f9-ec39-411d-9fb1-5a4ce71dd6da,Woolworths Supermarket,Pantry,Macro Organic Mexican Style 3 Bean Mix No Added Salt 420g,663585,$1.30,$0.31 / 100G,https://www.woolworths.com.au/shop/productdetails/663585/macro-organic-mexican-style-3-bean-mix-no-added-salt,https://cdn0.woolworths.media/content/wowproductimages/medium/663585.jpg,2020-09-21 17:27:05,Average product rating out of 5: 4.0. Product score is based on 619 ratings,619,,True
5631dd68-4907-43c0-a5ed-d8a1bf937af5,Woolworths Supermarket,Pantry,Safcol Premium Salmon Soy & Ginger 95g,663636,$1.75,$18.42 / 1KG,https://www.woolworths.com.au/shop/productdetails/663636/safcol-premium-salmon-soy-ginger,https://cdn0.woolworths.media/content/wowproductimages/medium/663636.jpg,2020-09-21 17:27:05,,0,,True
d8fe432d-a658-4afd-b6a0-7cd4f00d835f,Woolworths Supermarket,Pantry,Brunswick Skinless And Boneless Sardine In Chilli Pepper 125g,663721,$3.00,$24.00 / 1KG,https://www.woolworths.com.au/shop/productdetails/663721/brunswick-skinless-and-boneless-sardine-in-chilli-pepper,https://cdn0.woolworths.media/content/wowproductimages/medium/663721.jpg,2020-09-21 17:27:05,,0,Was $3.30 09/07/2018,True
3a7033cb-dcab-452e-a0ca-95a22fd70493,Woolworths Supermarket,Pantry,Brunswick Skinless And Boneless Sardine 125g,663731,$3.00,$24.00 / 1KG,https://www.woolworths.com.au/shop/productdetails/663731/brunswick-skinless-and-boneless-sardine,https://cdn0.woolworths.media/content/wowproductimages/medium/663731.jpg,2020-09-21 17:27:05,,0,Was $3.30 09/07/2018,True
953c4b2a-a4a6-49da-aa1c-9c0c438941f8,Woolworths Supermarket,Pantry,John West Tuna Tempters Sweet Chilli 95g,663986,$1.15,$12.11 / 1KG,https://www.woolworths.com.au/shop/productdetails/663986/john-west-tuna-tempters-sweet-chilli,https://cdn0.woolworths.media/content/wowproductimages/medium/663986.jpg,2020-09-21 17:27:05,,0,,True
85315cc4-c9ca-457f-b1de-821bdd013f02,Woolworths Supermarket,Pantry,Uncle Tobys Choc Faves Muesli Bars 15 pack,664101,$5.00,$1.07 / 100G,https://www.woolworths.com.au/shop/productdetails/664101/uncle-tobys-choc-faves-muesli-bars,https://cdn0.woolworths.media/content/wowproductimages/medium/664101.jpg,2020-09-21 17:27:05,,0,,True
ab38bb7e-4d8a-4411-9d35-57b820697b11,Woolworths Supermarket,Pantry,John West Salmon Tempters Coriander Chilli & Lime 95g,664133,$2.70,$28.42 / 1KG,https://www.woolworths.com.au/shop/productdetails/664133/john-west-salmon-tempters-coriander-chilli-lime,https://cdn0.woolworths.media/content/wowproductimages/medium/664133.jpg,2020-09-21 17:27:05,,0,,True
b2360f59-8548-4e95-9336-c070f4344dbe,Woolworths Supermarket,Pantry,Macro Organic Protein Fruit Nut & Seed Muesli 500g,664264,$4.40,$0.88 / 100G,https://www.woolworths.com.au/shop/productdetails/664264/macro-organic-protein-fruit-nut-seed-muesli,https://cdn0.woolworths.media/content/wowproductimages/medium/664264.jpg,2020-09-21 17:27:05,Average product rating out of 5: 3.8. Product score is based on 125 ratings,125,,True
5fdadade-5515-458e-8335-926c82fa2453,Woolworths Supermarket,Pantry,Sunbites Grain Waves Sour Cream & Chives 5 pack,720220,$3.10,$2.82 / 100G,https://www.woolworths.com.au/shop/productdetails/720220/sunbites-grain-waves-sour-cream-chives,https://cdn0.woolworths.media/content/wowproductimages/medium/720220.jpg,2020-09-21 17:27:05,,0,2 for $5.00,True
73d2d730-73fd-4fd9-a899-171fc20717d3,Woolworths Supermarket,Pantry,Woolworths Rolled Traditional Oats 750g,321220,$1.40,$0.19 / 100G,https://www.woolworths.com.au/shop/productdetails/321220/woolworths-rolled-traditional-oats,https://cdn0.woolworths.media/content/wowproductimages/medium/321220.jpg,2020-09-21 17:27:05,Average product rating out of 5: 4.6. Product score is based on 748 ratings,748,,True
9eea1a47-0b49-4274-91a7-58ab74fda1ef,Woolworths Supermarket,Pantry,Woolworths Almond Meal 400g,610610,$7.50,$18.75 / 1KG,https://www.woolworths.com.au/shop/productdetails/610610/woolworths-almond-meal,https://cdn0.woolworths.media/content/wowproductimages/medium/610610.jpg,2020-09-21 17:27:05,Average product rating out of 5: 4.6. Product score is based on 326 ratings,326,Was $9.00 22/07/2020,True
6783617b-1ca0-4198-8aaa-de92dbd59572,Woolworths Supermarket,Pantry,Sanitarium Weet-bix Breakfast Cereal 1.2kg,200695,$5.00,$0.42 / 100G,https://www.woolworths.com.au/shop/productdetails/200695/sanitarium-weet-bix-breakfast-cereal,https://cdn0.woolworths.media/content/wowproductimages/medium/200695.jpg,2020-09-21 17:27:05,,0,,True
7b87878b-d876-4186-aa77-35e70b52155a,Woolworths Supermarket,Pantry,Queen Organic Vanilla Bean Paste 65g,225399,$11.80,$18.15 / 100G,https://www.woolworths.com.au/shop/productdetails/225399/queen-organic-vanilla-bean-paste,https://cdn0.woolworths.media/content/wowproductimages/medium/225399.jpg,2020-09-21 17:27:05,,0,,True
3033bf23-1c94-44ea-bb85-1bea96cb88ca,Woolworths Supermarket,Pantry,Woolworths Diced Italian Tomatoes No Added Salt 400g,770320,$0.80,$2.00 / 1KG,https://www.woolworths.com.au/shop/productdetails/770320/woolworths-diced-italian-tomatoes-no-added-salt,https://cdn0.woolworths.media/content/wowproductimages/medium/770320.jpg,2020-09-21 17:27:05,Average product rating out of 5: 4.7. Product score is based on 311 ratings,311,,True
e7c89ac8-7c3f-4785-b808-11b681ac5189,Woolworths Supermarket,Pantry,Bertolli Extra Virgin Olive Oil Originale 750ml,502951,$6.50,$0.87 / 100ML,https://www.woolworths.com.au/shop/productdetails/502951/bertolli-extra-virgin-olive-oil-originale,https://cdn0.woolworths.media/content/wowproductimages/medium/502951.jpg,2020-09-21 17:27:05,,0,,True
22a43495-2666-4747-b8e4-ea9132770477,Woolworths Supermarket,Pantry,Continental Cup A Soup Creamy Chicken With Lots Of Noodles 2 pack,026649,$2.00,$3.33 / 100G,https://www.woolworths.com.au/shop/productdetails/26649/continental-cup-a-soup-creamy-chicken-with-lots-of-noodles,https://cdn0.woolworths.media/content/wowproductimages/medium/026649.jpg,2020-09-21 17:27:05,,0,,True
8b80338c-ba92-4a8d-b468-1accf53b0a33,Woolworths Supermarket,Pantry,Woolworths White Rice Long Grain 5kg,072779,$6.70,$0.13 / 100G,https://www.woolworths.com.au/shop/productdetails/72779/woolworths-white-rice-long-grain,https://cdn0.woolworths.media/content/wowproductimages/medium/072779.jpg,2020-09-21 17:27:05,Average product rating out of 5: 4.8. Product score is based on 14 ratings,14,,True
7a4a8361-95f2-48d0-82e0-c7a3ad5a513b,Woolworths Supermarket,Pantry,Vege Chips Chicken Style 100g,793382,$3.80,$3.80 / 100G,https://www.woolworths.com.au/shop/productdetails/793382/vege-chips-chicken-style,https://cdn0.woolworths.media/content/wowproductimages/medium/793382.jpg,2020-09-21 17:27:05,Average product rating out of 5: 4.7. Product score is based on 20 ratings,20,,True
d9574f7b-cf94-48d0-9bcb-dc36642a3c3f,Woolworths Supermarket,Pantry,Cobram Estate Extra Virgin Light Olive Oil 750ml,345955,$15.00,$2.00 / 100ML,https://www.woolworths.com.au/shop/productdetails/345955/cobram-estate-extra-virgin-light-olive-oil,https://cdn0.woolworths.media/content/wowproductimages/medium/345955.jpg,2020-09-21 17:27:05,,0,,True
2f63d960-0c7a-4f39-bac3-38c047bab518,Woolworths Supermarket,Pantry,Arnott's Monte Carlo 250g,036031,$3.00,$1.20 / 100G,https://www.woolworths.com.au/shop/productdetails/36031/arnott-s-monte-carlo,https://cdn0.woolworths.media/content/wowproductimages/medium/036031.jpg,2020-09-21 17:27:05,,0,,True
989ad78f-9d74-4826-b4c1-0d8fbb3a963a,Woolworths Supermarket,Pantry,Cadbury Dairy Milk Chocolate Fair Trade 350g,757883,$5.00,$1.43 / 100G,https://www.woolworths.com.au/shop/productdetails/757883/cadbury-dairy-milk-chocolate-fair-trade,https://cdn0.woolworths.media/content/wowproductimages/medium/757883.jpg,2020-09-21 17:27:05,,0,Was $6.30 16/01/2017,True
8280cb0b-e1d4-4b47-8260-4612617d2891,Woolworths Supermarket,Pantry,Moccona Freeze Dried Instant Coffee Classic Medium Roast 400g,208575,$24.00,$6.00 / 100G,https://www.woolworths.com.au/shop/productdetails/208575/moccona-freeze-dried-instant-coffee-classic-medium-roast,https://cdn0.woolworths.media/content/wowproductimages/medium/208575.jpg,2020-09-21 17:27:05,,0,,True
e11aa2ed-211d-4fd6-b1ca-66cc68b4ff06,Woolworths Supermarket,Pantry,Macro Organic Quinoa Tri Colour 500g,717631,$7.00,$1.40 / 100G,https://www.woolworths.com.au/shop/productdetails/717631/macro-organic-quinoa-tri-colour,https://cdn0.woolworths.media/content/wowproductimages/medium/717631.jpg,2020-09-21 17:27:05,Average product rating out of 5: 4.6. Product score is based on 274 ratings,274,Was $9.99 09/01/2017,True
959757e7-e050-496e-a22b-a749a5ddc0d0,Woolworths Supermarket,Pantry,Mckenzie's Himalayan Salt Rock Pink 400g,749926,$5.95,$0.15 / 10G,https://www.woolworths.com.au/shop/productdetails/749926/mckenzie-s-himalayan-salt-rock-pink,https://cdn0.woolworths.media/content/wowproductimages/medium/749926.jpg,2020-09-21 17:27:05,,0,,True
e0d6507a-0477-4248-b1fa-887f79530053,Woolworths Supermarket,Pantry,Woolworths Walnuts Kernel 500g,749540,$11.00,$22.00 / 1KG,https://www.woolworths.com.au/shop/productdetails/749540/woolworths-walnuts-kernel,https://cdn0.woolworths.media/content/wowproductimages/medium/749540.jpg,2020-09-21 17:27:05,Average product rating out of 5: 4.8. Product score is based on 360 ratings,360,,True
546cd654-801c-4330-b5ca-b33729854322,Woolworths Supermarket,Pantry,Beechworth Pure Honey 1.5kg,250371,$22.00,$1.47 / 100G,https://www.woolworths.com.au/shop/productdetails/250371/beechworth-pure-honey,https://cdn0.woolworths.media/content/wowproductimages/medium/250371.jpg,2020-09-21 17:27:05,,0,,True
041889b6-2260-4228-bbef-80e637973dc6,Woolworths Supermarket,Pantry,Nescafe Blend 43 Soluble Instant Coffee 500g,035694,$20.00,$4.00 / 100G,https://www.woolworths.com.au/shop/productdetails/35694/nescafe-blend-43-soluble-instant-coffee,https://cdn0.woolworths.media/content/wowproductimages/medium/035694.jpg,2020-09-21 17:27:05,,0,,True
543f4776-48a7-4621-821f-54b2f154948e,Woolworths Supermarket,Pantry,Ritz Crackers Original 300g,660562,$2.50,$0.83 / 100G,https://www.woolworths.com.au/shop/productdetails/660562/ritz-crackers-original,https://cdn0.woolworths.media/content/wowproductimages/medium/660562.jpg,2020-09-21 17:27:05,,0,,True
1a713f8b-f354-466b-bfee-b4afe869903f,Woolworths Supermarket,Pantry,Macro Organic Honey Almond Bircher Muesli 500g,664267,$4.40,$0.88 / 100G,https://www.woolworths.com.au/shop/productdetails/664267/macro-organic-honey-almond-bircher-muesli,https://cdn0.woolworths.media/content/wowproductimages/medium/664267.jpg,2020-09-21 17:27:05,Average product rating out of 5: 3.3. Product score is based on 183 ratings,183,,True
5181f3be-a550-4aae-a40b-dbef2aac2f61,Woolworths Supermarket,Pantry,Fibre One Salted Caramel Muesli Bars 120g,664684,$5.50,$4.58 / 100G,https://www.woolworths.com.au/shop/productdetails/664684/fibre-one-salted-caramel-muesli-bars,https://cdn0.woolworths.media/content/wowproductimages/medium/664684.jpg,2020-09-21 17:27:05,,0,,True
fff0a069-93a8-4909-8b90-17932a50cedb,Woolworths Supermarket,Pantry,Macro Organic Steel Cut Oats 500g,664722,$3.50,$0.70 / 100G,https://www.woolworths.com.au/shop/productdetails/664722/macro-organic-steel-cut-oats,https://cdn0.woolworths.media/content/wowproductimages/medium/664722.jpg,2020-09-21 17:27:05,Average product rating out of 5: 4.0. Product score is based on 270 ratings,270,Was $3.75 17/05/2018,True
070253d4-68b7-46a0-b827-8b1073b8ba0e,Woolworths Supermarket,Pantry,Macro Organic Oats Rolled Unstabilised 500g,664723,$3.50,$0.70 / 100G,https://www.woolworths.com.au/shop/productdetails/664723/macro-organic-oats-rolled-unstabilised,https://cdn0.woolworths.media/content/wowproductimages/medium/664723.jpg,2020-09-21 17:27:05,Average product rating out of 5: 4.2. Product score is based on 206 ratings,206,Was $3.75 17/05/2018,True
1ed279f9-ecf0-4219-8531-8345065dbb10,Woolworths Supermarket,Pantry,John West Mackerel Fillets In Olive Oil 125g,664785,$3.30,$26.40 / 1KG,https://www.woolworths.com.au/shop/productdetails/664785/john-west-mackerel-fillets-in-olive-oil,https://cdn0.woolworths.media/content/wowproductimages/medium/664785.jpg,2020-09-21 17:27:05,,0,,True
e8de978a-31d7-459d-97df-08373552643f,Woolworths Supermarket,Pantry,Essentials Tomato Passata Cooking Sauce 500g,665356,$1.00,$0.20 / 100G,https://www.woolworths.com.au/shop/productdetails/665356/essentials-tomato-passata-cooking-sauce,https://cdn0.woolworths.media/content/wowproductimages/medium/665356.jpg,2020-09-21 17:27:05,,0,,True
e9653471-e9b2-4e27-9d6a-817f35c8d196,Woolworths Supermarket,Pantry,Carman's Salted Dark Choc Almond Gourmet Protein Bars 200g,665449,$6.30,$3.15 / 100G,https://www.woolworths.com.au/shop/productdetails/665449/carman-s-salted-dark-choc-almond-gourmet-protein-bars,https://cdn0.woolworths.media/content/wowproductimages/medium/665449.jpg,2020-09-21 17:27:05,,0,,True
138b111e-4806-410e-b14d-5acf71121001,Woolworths Supermarket,Pantry,Carman's Oat Slice Bites Variety Pack 320g,665504,$9.00,$2.81 / 100G,https://www.woolworths.com.au/shop/productdetails/665504/carman-s-oat-slice-bites-variety-pack,https://cdn0.woolworths.media/content/wowproductimages/medium/665504.jpg,2020-09-21 17:27:05,,0,Was $10.00 08/04/2019,True
14e86fe5-583e-4348-9569-66054aacc0e1,Woolworths Supermarket,Pantry,Kellogg's Lcms Coco Pops Cereal Snack Bars 132g,665521,$3.00,$2.27 / 100G,https://www.woolworths.com.au/shop/productdetails/665521/kellogg-s-lcms-coco-pops-cereal-snack-bars,https://cdn0.woolworths.media/content/wowproductimages/medium/665521.jpg,2020-09-21 17:27:05,,0,,True
f9c63d92-ddad-4998-89e6-a1e3966d8131,Woolworths Supermarket,Pantry,Sugarless Low Calorie Sweetener Sachets 132 pack,665785,$6.00,$4.55 / 100EA,https://www.woolworths.com.au/shop/productdetails/665785/sugarless-low-calorie-sweetener-sachets,https://cdn0.woolworths.media/content/wowproductimages/medium/665785.jpg,2020-09-21 17:27:05,,0,,True
1bff352c-9840-4874-aa8b-51eec8270a75,Woolworths Supermarket,Pantry,Sugarless Stevia Organic 350g,665840,$8.50,$2.43 / 100G,https://www.woolworths.com.au/shop/productdetails/665840/sugarless-stevia-organic,https://cdn0.woolworths.media/content/wowproductimages/medium/665840.jpg,2020-09-21 17:27:05,,0,,True
5ec04adb-3bc3-40f6-9445-6b402eb591de,Woolworths Supermarket,Pantry,Nature Valley Nut Butter Peanut 152g,665985,$5.30,$3.49 / 100G,https://www.woolworths.com.au/shop/productdetails/665985/nature-valley-nut-butter-peanut,https://cdn0.woolworths.media/content/wowproductimages/medium/665985.jpg,2020-09-21 17:27:05,,0,,True
9b8e0fbd-b490-467b-9a43-e5f0162ac6ad,Woolworths Supermarket,Pantry,Carman's Dark Choc Macadamia Coconut Nut Bars 160g,666239,$6.00,$3.75 / 100G,https://www.woolworths.com.au/shop/productdetails/666239/carman-s-dark-choc-macadamia-coconut-nut-bars,https://cdn0.woolworths.media/content/wowproductimages/medium/666239.jpg,2020-09-21 17:27:05,,0,,True
f7a89997-a17c-43e9-a5cd-d3d4941d6d29,Woolworths Supermarket,Pantry,Licorice Lovers Soft Eating 250g,666684,$2.00,$0.80 / 100G,https://www.woolworths.com.au/shop/productdetails/666684/licorice-lovers-soft-eating,https://cdn0.woolworths.media/content/wowproductimages/medium/666684.jpg,2020-09-21 17:27:05,,0,Was $2.30 25/09/2017,True
3f334367-f182-4b83-b490-a16b4d0eb56c,Woolworths Supermarket,Pantry,Uncle Tobys Muesli Bar Yoghurt Varieties 15 pack,667658,$5.00,$1.07 / 100G,https://www.woolworths.com.au/shop/productdetails/667658/uncle-tobys-muesli-bar-yoghurt-varieties,https://cdn0.woolworths.media/content/wowproductimages/medium/667658.jpg,2020-09-21 17:27:05,,0,,True
8978d19d-af40-4add-844e-1c8c7725a3e3,Woolworths Supermarket,Pantry,Carman's Dark Choc Cherry Coconut Bar 210g,667701,$6.00,$2.86 / 100G,https://www.woolworths.com.au/shop/productdetails/667701/carman-s-dark-choc-cherry-coconut-bar,https://cdn0.woolworths.media/content/wowproductimages/medium/667701.jpg,2020-09-21 17:27:05,,0,,True
c84b7c0c-bf02-43c4-b04a-757e69e680b1,Woolworths Supermarket,Pantry,Nong Shim Shin Cup Noodle Soup 68g,668740,$2.30,$3.38 / 100G,https://www.woolworths.com.au/shop/productdetails/668740/nong-shim-shin-cup-noodle-soup,https://cdn0.woolworths.media/content/wowproductimages/medium/668740.jpg,2020-09-21 17:27:05,,0,,True
fbd1b42c-49d0-434b-a499-5c12dd7244b1,Woolworths Supermarket,Pantry,Woolworths Canned Diced Beetroot 425g,668757,$1.30,$3.06 / 1KG,https://www.woolworths.com.au/shop/productdetails/668757/woolworths-canned-diced-beetroot,https://cdn0.woolworths.media/content/wowproductimages/medium/668757.jpg,2020-09-21 17:27:05,Average product rating out of 5: 4.6. Product score is based on 627 ratings,627,,True
4c15fec8-02ee-4774-964f-d2f4686d287f,Woolworths Supermarket,Pantry,Woolworths Cashew Roasted Snack Pots 180g,668949,$6.00,$3.33 / 100G,https://www.woolworths.com.au/shop/productdetails/668949/woolworths-cashew-roasted-snack-pots,https://cdn0.woolworths.media/content/wowproductimages/medium/668949.jpg,2020-09-21 17:27:05,Average product rating out of 5: 4.2. Product score is based on 310 ratings,310,2 for $10.00,True
0b6e05ca-452f-4005-acf8-76c8f5f26bc2,Woolworths Supermarket,Pantry,Birch & Waite Milk Chocolate Dessert Sauce 130g,669459,$2.70,$20.77 / 1KG,https://www.woolworths.com.au/shop/productdetails/669459/birch-waite-milk-chocolate-dessert-sauce,https://cdn0.woolworths.media/content/wowproductimages/medium/669459.jpg,2020-09-21 17:27:05,,0,,True
dbdb1985-43cc-4eeb-9226-edaa8088b602,Woolworths Supermarket,Pantry,Woolworths Raspberry Flavoured Jelly In Pouch 95g,669772,$0.95,$10.00 / 1KG,https://www.woolworths.com.au/shop/productdetails/669772/woolworths-raspberry-flavoured-jelly-in-pouch,https://cdn0.woolworths.media/content/wowproductimages/medium/669772.jpg,2020-09-21 17:27:05,Average product rating out of 5: 2.8. Product score is based on 1234 ratings,1234,,True
44db4894-7cde-432e-a5ad-a59b78c5158e,Woolworths Supermarket,Pantry,Woolworths Orange Flavoured Jelly In Pouch 95g,669773,$0.95,$10.00 / 1KG,https://www.woolworths.com.au/shop/productdetails/669773/woolworths-orange-flavoured-jelly-in-pouch,https://cdn0.woolworths.media/content/wowproductimages/medium/669773.jpg,2020-09-21 17:27:05,Average product rating out of 5: 2.9. Product score is based on 1039 ratings,1039,,True
d576880d-7874-41a1-b927-500422604c51,Woolworths Supermarket,Pantry,Calbee Harvest Snaps Original Salted 5 pack,669791,$3.50,$4.38 / 100G,https://www.woolworths.com.au/shop/productdetails/669791/calbee-harvest-snaps-original-salted,https://cdn0.woolworths.media/content/wowproductimages/medium/669791.jpg,2020-09-21 17:27:05,,0,2 for $5.00,True
e4c8c044-0f9a-466e-a1bc-d50f6eaa43a0,Woolworths Supermarket,Pantry,Woolworths Apple Puree In Pouch 90g,669962,$0.95,$10.56 / 1KG,https://www.woolworths.com.au/shop/productdetails/669962/woolworths-apple-puree-in-pouch,https://cdn0.woolworths.media/content/wowproductimages/medium/669962.jpg,2020-09-21 17:27:05,Average product rating out of 5: 3.8. Product score is based on 687 ratings,687,,True
b82d041b-3627-4a9e-baf1-5f01764f22b4,Woolworths Supermarket,Pantry,Sunbites Grain Waves Sour Cream & Chives 5 pack,720220,$3.10,$2.82 / 100G,https://www.woolworths.com.au/shop/productdetails/720220/sunbites-grain-waves-sour-cream-chives,https://cdn0.woolworths.media/content/wowproductimages/medium/720220.jpg,2020-09-21 17:27:05,,0,2 for $5.00,True
3ee78da2-f7ac-416a-8b1d-08c469bbbda9,Woolworths Supermarket,Pantry,Woolworths Rolled Traditional Oats 750g,321220,$1.40,$0.19 / 100G,https://www.woolworths.com.au/shop/productdetails/321220/woolworths-rolled-traditional-oats,https://cdn0.woolworths.media/content/wowproductimages/medium/321220.jpg,2020-09-21 17:27:05,Average product rating out of 5: 4.6. Product score is based on 748 ratings,748,,True
180ca808-a710-42ef-ab31-ecc8b610e152,Woolworths Supermarket,Pantry,Woolworths White Rice Long Grain 5kg,072779,$6.70,$0.13 / 100G,https://www.woolworths.com.au/shop/productdetails/72779/woolworths-white-rice-long-grain,https://cdn0.woolworths.media/content/wowproductimages/medium/072779.jpg,2020-09-21 17:27:05,Average product rating out of 5: 4.8. Product score is based on 14 ratings,14,,True
40f34dbb-a5bb-4a39-b575-8fe4138b6a0b,Woolworths Supermarket,Pantry,Cadbury Dairy Milk Chocolate Fair Trade 350g,757883,$5.00,$1.43 / 100G,https://www.woolworths.com.au/shop/productdetails/757883/cadbury-dairy-milk-chocolate-fair-trade,https://cdn0.woolworths.media/content/wowproductimages/medium/757883.jpg,2020-09-21 17:27:05,,0,Was $6.30 16/01/2017,True
0f1b55e8-a967-4835-93d3-116a0b2ad5fd,Woolworths Supermarket,Pantry,Nescafe Blend 43 Soluble Instant Coffee 500g,035694,$20.00,$4.00 / 100G,https://www.woolworths.com.au/shop/productdetails/35694/nescafe-blend-43-soluble-instant-coffee,https://cdn0.woolworths.media/content/wowproductimages/medium/035694.jpg,2020-09-21 17:27:05,,0,,True
a751ee0c-aff9-4055-aea4-0ec2c8e9269c,Woolworths Supermarket,Pantry,Ritz Crackers Original 300g,660562,$2.50,$0.83 / 100G,https://www.woolworths.com.au/shop/productdetails/660562/ritz-crackers-original,https://cdn0.woolworths.media/content/wowproductimages/medium/660562.jpg,2020-09-21 17:27:05,,0,,True
c6d499e5-6c2e-4e5d-9b58-720950123e83,Woolworths Supermarket,Pantry,Bertolli Extra Virgin Olive Oil Originale 750ml,502951,$6.50,$0.87 / 100ML,https://www.woolworths.com.au/shop/productdetails/502951/bertolli-extra-virgin-olive-oil-originale,https://cdn0.woolworths.media/content/wowproductimages/medium/502951.jpg,2020-09-21 17:27:05,,0,,True
f526dd44-2e39-4f38-9559-871ddfca4ecd,Woolworths Supermarket,Pantry,Arnott's Monte Carlo 250g,036031,$3.00,$1.20 / 100G,https://www.woolworths.com.au/shop/productdetails/36031/arnott-s-monte-carlo,https://cdn0.woolworths.media/content/wowproductimages/medium/036031.jpg,2020-09-21 17:27:05,,0,,True
e8cd87ec-560c-46e4-bed4-764cceede79c,Woolworths Supermarket,Pantry,Moccona Freeze Dried Instant Coffee Classic Medium Roast 400g,208575,$24.00,$6.00 / 100G,https://www.woolworths.com.au/shop/productdetails/208575/moccona-freeze-dried-instant-coffee-classic-medium-roast,https://cdn0.woolworths.media/content/wowproductimages/medium/208575.jpg,2020-09-21 17:27:05,,0,,True
1076851a-ddbe-4733-8c98-6d66c9be7c63,Woolworths Supermarket,Pantry,Vege Chips Chicken Style 100g,793382,$3.80,$3.80 / 100G,https://www.woolworths.com.au/shop/productdetails/793382/vege-chips-chicken-style,https://cdn0.woolworths.media/content/wowproductimages/medium/793382.jpg,2020-09-21 17:27:05,Average product rating out of 5: 4.7. Product score is based on 20 ratings,20,,True
e274d116-95a7-41db-a814-f3785d39950d,Woolworths Supermarket,Pantry,Mckenzie's Himalayan Salt Rock Pink 400g,749926,$5.95,$0.15 / 10G,https://www.woolworths.com.au/shop/productdetails/749926/mckenzie-s-himalayan-salt-rock-pink,https://cdn0.woolworths.media/content/wowproductimages/medium/749926.jpg,2020-09-21 17:27:05,,0,,True
935297f9-d0d2-4534-b4e4-5922eb77409d,Woolworths Supermarket,Pantry,Woolworths Almond Meal 400g,610610,$7.50,$18.75 / 1KG,https://www.woolworths.com.au/shop/productdetails/610610/woolworths-almond-meal,https://cdn0.woolworths.media/content/wowproductimages/medium/610610.jpg,2020-09-21 17:27:05,Average product rating out of 5: 4.6. Product score is based on 326 ratings,326,Was $9.00 22/07/2020,True
a7db91ed-c855-42e6-8b60-fa254043a1c3,Woolworths Supermarket,Pantry,Woolworths Diced Italian Tomatoes No Added Salt 400g,770320,$0.80,$2.00 / 1KG,https://www.woolworths.com.au/shop/productdetails/770320/woolworths-diced-italian-tomatoes-no-added-salt,https://cdn0.woolworths.media/content/wowproductimages/medium/770320.jpg,2020-09-21 17:27:05,Average product rating out of 5: 4.7. Product score is based on 311 ratings,311,,True
cafe9451-5d77-47a7-9297-0187b1f2201f,Woolworths Supermarket,Pantry,Macro Organic Quinoa Tri Colour 500g,717631,$7.00,$1.40 / 100G,https://www.woolworths.com.au/shop/productdetails/717631/macro-organic-quinoa-tri-colour,https://cdn0.woolworths.media/content/wowproductimages/medium/717631.jpg,2020-09-21 17:27:05,Average product rating out of 5: 4.6. Product score is based on 274 ratings,274,Was $9.99 09/01/2017,True
8ab2fb3c-d209-4e7a-a37f-10732b42d283,Woolworths Supermarket,Pantry,Continental Cup A Soup Creamy Chicken With Lots Of Noodles 2 pack,026649,$2.00,$3.33 / 100G,https://www.woolworths.com.au/shop/productdetails/26649/continental-cup-a-soup-creamy-chicken-with-lots-of-noodles,https://cdn0.woolworths.media/content/wowproductimages/medium/026649.jpg,2020-09-21 17:27:05,,0,,True
6d576c9b-b0f9-4659-be11-9c183dbec7c4,Woolworths Supermarket,Pantry,Queen Organic Vanilla Bean Paste 65g,225399,$11.80,$18.15 / 100G,https://www.woolworths.com.au/shop/productdetails/225399/queen-organic-vanilla-bean-paste,https://cdn0.woolworths.media/content/wowproductimages/medium/225399.jpg,2020-09-21 17:27:05,,0,,True
526b291e-cf02-447e-8374-73af0d1f0df5,Woolworths Supermarket,Pantry,Beechworth Pure Honey 1.5kg,250371,$22.00,$1.47 / 100G,https://www.woolworths.com.au/shop/productdetails/250371/beechworth-pure-honey,https://cdn0.woolworths.media/content/wowproductimages/medium/250371.jpg,2020-09-21 17:27:05,,0,,True
49ef2b4b-19f8-4cf1-9e8f-63d24fa82212,Woolworths Supermarket,Pantry,Woolworths Walnuts Kernel 500g,749540,$11.00,$22.00 / 1KG,https://www.woolworths.com.au/shop/productdetails/749540/woolworths-walnuts-kernel,https://cdn0.woolworths.media/content/wowproductimages/medium/749540.jpg,2020-09-21 17:27:05,Average product rating out of 5: 4.8. Product score is based on 360 ratings,360,,True
7972b609-8543-44bd-8fbc-265b106ea323,Woolworths Supermarket,Pantry,Cobram Estate Extra Virgin Light Olive Oil 750ml,345955,$15.00,$2.00 / 100ML,https://www.woolworths.com.au/shop/productdetails/345955/cobram-estate-extra-virgin-light-olive-oil,https://cdn0.woolworths.media/content/wowproductimages/medium/345955.jpg,2020-09-21 17:27:05,,0,,True
d1f96d22-dda1-434b-9d2a-d04e7e51d51e,Woolworths Supermarket,Pantry,Sanitarium Weet-bix Breakfast Cereal 1.2kg,200695,$5.00,$0.42 / 100G,https://www.woolworths.com.au/shop/productdetails/200695/sanitarium-weet-bix-breakfast-cereal,https://cdn0.woolworths.media/content/wowproductimages/medium/200695.jpg,2020-09-21 17:27:05,,0,,True
c36957bf-e80f-4e9e-9402-2ee6657e91ad,Woolworths Supermarket,Pantry,Woolworths Apple & Strawberry Puree In Pouch 90g,669966,$0.95,$10.56 / 1KG,https://www.woolworths.com.au/shop/productdetails/669966/woolworths-apple-strawberry-puree-in-pouch,https://cdn0.woolworths.media/content/wowproductimages/medium/669966.jpg,2020-09-21 17:27:05,Average product rating out of 5: 3.6. Product score is based on 979 ratings,979,,True
a395bbb6-79a9-4b56-b508-a95de8f6fb08,Woolworths Supermarket,Pantry,Woolworths Apple & Peach Puree In Pouch 90g,669980,$0.95,$10.56 / 1KG,https://www.woolworths.com.au/shop/productdetails/669980/woolworths-apple-peach-puree-in-pouch,https://cdn0.woolworths.media/content/wowproductimages/medium/669980.jpg,2020-09-21 17:27:05,Average product rating out of 5: 3.7. Product score is based on 944 ratings,944,,True
69428983-73a3-4224-b596-3a500404f1d4,Woolworths Supermarket,Pantry,Woolworths Puree In Pouch Apple & Mango 90g,669981,$0.95,$10.56 / 1KG,https://www.woolworths.com.au/shop/productdetails/669981/woolworths-puree-in-pouch-apple-mango,https://cdn0.woolworths.media/content/wowproductimages/medium/669981.jpg,2020-09-21 17:27:05,Average product rating out of 5: 3.4. Product score is based on 448 ratings,448,,True
2eba8f82-bf8f-4500-8c24-794e564a8314,Woolworths Supermarket,Pantry,Woolworths Strawberry Flavoured Jelly In Pouch 95g,669983,$0.95,$10.00 / 1KG,https://www.woolworths.com.au/shop/productdetails/669983/woolworths-strawberry-flavoured-jelly-in-pouch,https://cdn0.woolworths.media/content/wowproductimages/medium/669983.jpg,2020-09-21 17:27:05,Average product rating out of 5: 2.8. Product score is based on 1057 ratings,1057,,True
daecfa2e-7926-4bb1-bc5b-01856ae2ab43,Woolworths Supermarket,Pantry,Woolworths Mango Flavoured Jelly In Pouch 95g,669984,$0.95,$10.00 / 1KG,https://www.woolworths.com.au/shop/productdetails/669984/woolworths-mango-flavoured-jelly-in-pouch,https://cdn0.woolworths.media/content/wowproductimages/medium/669984.jpg,2020-09-21 17:27:05,Average product rating out of 5: 2.9. Product score is based on 1079 ratings,1079,,True
7ca761ce-8993-48b5-948b-3d812512a1b2,Woolworths Supermarket,Pantry,Lotus Biscoff Spread 400g,670114,$5.50,$1.38 / 100G,https://www.woolworths.com.au/shop/productdetails/670114/lotus-biscoff-spread,https://cdn0.woolworths.media/content/wowproductimages/medium/670114.jpg,2020-09-21 17:27:05,,0,,True
c5dc58a5-699a-466b-bbbe-4193c7d6fc44,Woolworths Supermarket,Pantry,Woolworths Cheddar Cheese Puff Pastry Twists 150g,670560,$3.00,$2.00 / 100G,https://www.woolworths.com.au/shop/productdetails/670560/woolworths-cheddar-cheese-puff-pastry-twists,https://cdn0.woolworths.media/content/wowproductimages/medium/670560.jpg,2020-09-21 17:27:05,Average product rating out of 5: 4.0. Product score is based on 1192 ratings,1192,,True
eed9dffa-a82c-4b2f-95b0-2887457a0a41,Woolworths Supermarket,Pantry,Woolworths Taco Sauce Mild 240g,671173,$2.50,$1.04 / 100G,https://www.woolworths.com.au/shop/productdetails/671173/woolworths-taco-sauce-mild,https://cdn0.woolworths.media/content/wowproductimages/medium/671173.jpg,2020-09-21 17:27:05,Average product rating out of 5: 3.9. Product score is based on 660 ratings,660,,True
848a168d-7911-450c-85bc-8eb7d22c163b,Woolworths Supermarket,Pantry,Gardener Mixed Blossom Honey 400g,671283,,,https://www.woolworths.com.au/shop/productdetails/671283/gardener-mixed-blossom-honey,https://cdn0.woolworths.media/content/wowproductimages/medium/671283.jpg,2020-09-21 17:27:05,,0,,False
64bd4966-1c43-4b22-8560-6e8fbc522cec,Woolworths Supermarket,Pantry,Maretti Bruschette Chips Sweet Basil Pesto 150g,671480,$2.50,$1.67 / 100G,https://www.woolworths.com.au/shop/productdetails/671480/maretti-bruschette-chips-sweet-basil-pesto,https://cdn0.woolworths.media/content/wowproductimages/medium/671480.jpg,2020-09-21 17:27:05,,0,Was $3.50 22/10/2019,True
43eabd81-4f0c-4684-95fb-eeec256890e1,Woolworths Supermarket,Pantry,Macro Hemp Seeds 200g,671889,$8.00,$4.00 / 100G,https://www.woolworths.com.au/shop/productdetails/671889/macro-hemp-seeds,https://cdn0.woolworths.media/content/wowproductimages/medium/671889.jpg,2020-09-21 17:27:05,Average product rating out of 5: 4.4. Product score is based on 19 ratings,19,,True
dea05813-d8fc-413b-afc1-28b7fa1ed25e,Woolworths Supermarket,Pantry,Macro Organic Cacao Nibs Cacao Nibs 250g,671970,,,https://www.woolworths.com.au/shop/productdetails/671970/macro-organic-cacao-nibs-cacao-nibs,https://cdn0.woolworths.media/content/wowproductimages/medium/671970.jpg,2020-09-21 17:27:05,Average product rating out of 5: 4.8. Product score is based on 11 ratings,11,,False
b0802434-028f-474c-b48c-fdfed8588811,Woolworths Supermarket,Pantry,Macro Organic Cacao Powder Cacao Powder 250g,671971,$5.50,$2.20 / 100G,https://www.woolworths.com.au/shop/productdetails/671971/macro-organic-cacao-powder-cacao-powder,https://cdn0.woolworths.media/content/wowproductimages/medium/671971.jpg,2020-09-21 17:27:05,Average product rating out of 5: 4.5. Product score is based on 489 ratings,489,,True
010a8100-579b-4efe-a120-2731a719c77f,Woolworths Supermarket,Pantry,Macro Buckwheat Spiral Pasta 300g,671992,$2.60,$0.87 / 100G,https://www.woolworths.com.au/shop/productdetails/671992/macro-buckwheat-spiral-pasta,https://cdn0.woolworths.media/content/wowproductimages/medium/671992.jpg,2020-09-21 17:27:05,Average product rating out of 5: 3.4. Product score is based on 346 ratings,346,,True
e3a7c773-24a8-410e-a45d-88f9fa654a6d,Woolworths Supermarket,Pantry,Macro Cacao Craze 30g,672017,$1.00,$3.33 / 100G,https://www.woolworths.com.au/shop/productdetails/672017/macro-cacao-craze,https://cdn0.woolworths.media/content/wowproductimages/medium/672017.jpg,2020-09-21 17:27:05,Average product rating out of 5: 3.4. Product score is based on 5 ratings,5,,True
d4204154-bce9-4981-b9ea-491bb5cddc29,Woolworths Supermarket,Pantry,Macro Hemp Protein Power Hemp 30g,672018,$1.00,$3.33 / 100G,https://www.woolworths.com.au/shop/productdetails/672018/macro-hemp-protein-power-hemp,https://cdn0.woolworths.media/content/wowproductimages/medium/672018.jpg,2020-09-21 17:27:05,Average product rating out of 5: 3.1. Product score is based on 326 ratings,326,,True
f0d765a7-6fce-4262-aa11-499c891af839,Woolworths Supermarket,Pantry,Woolworths Apricot Halves In Juice Halves In Juice 695g,672756,$3.50,$5.04 / 1KG,https://www.woolworths.com.au/shop/productdetails/672756/woolworths-apricot-halves-in-juice-halves-in-juice,https://cdn0.woolworths.media/content/wowproductimages/medium/672756.jpg,2020-09-21 17:27:05,,0,,True
75e0a379-e8c5-4942-826f-e1013bf43fd0,Woolworths Supermarket,Pantry,Woolworths Diced Pineapple In Juice 695g,672757,$3.50,$5.04 / 1KG,https://www.woolworths.com.au/shop/productdetails/672757/woolworths-diced-pineapple-in-juice,https://cdn0.woolworths.media/content/wowproductimages/medium/672757.jpg,2020-09-21 17:27:05,,0,,True
5c117110-b7a8-43c4-8702-d2d6d77303fe,Woolworths Supermarket,Pantry,Woolworths Tuna Sweet Chilli With Crackers 112g,672826,$2.10,$18.75 / 1KG,https://www.woolworths.com.au/shop/productdetails/672826/woolworths-tuna-sweet-chilli-with-crackers,https://cdn0.woolworths.media/content/wowproductimages/medium/672826.jpg,2020-09-21 17:27:05,Average product rating out of 5: 3.8. Product score is based on 167 ratings,167,,True
045090e7-dd3e-4cbf-a6b1-87578efc90c6,Woolworths Supermarket,Pantry,Woolworths Tuna Mayo & Corn With Crackers 112g,672828,$2.10,$18.75 / 1KG,https://www.woolworths.com.au/shop/productdetails/672828/woolworths-tuna-mayo-corn-with-crackers,https://cdn0.woolworths.media/content/wowproductimages/medium/672828.jpg,2020-09-21 17:27:05,Average product rating out of 5: 3.8. Product score is based on 151 ratings,151,,True
2020adce-e0f6-4a77-a7e0-4613bb29f80f,Woolworths Supermarket,Pantry,Marutomo Soba Dipping Sauce 360ml,673014,$4.50,$1.25 / 100ML,https://www.woolworths.com.au/shop/productdetails/673014/marutomo-soba-dipping-sauce,https://cdn0.woolworths.media/content/wowproductimages/medium/673014.jpg,2020-09-21 17:27:05,,0,,True
f836479d-26d1-4a39-b725-9b7c87b4ae26,Woolworths Supermarket,Pantry,The Natural Confectionery Co. Sour Patch 220g,673410,$4.00,$1.82 / 100G,https://www.woolworths.com.au/shop/productdetails/673410/the-natural-confectionery-co-sour-patch,https://cdn0.woolworths.media/content/wowproductimages/medium/673410.jpg,2020-09-21 17:27:05,,0,,True
5df8736d-2373-4064-a719-fa3046c3e64d,Woolworths Supermarket,Pantry,Lighthouse Pizza & Focaccia Bread Mix 1kg,673513,$5.00,$0.50 / 100G,https://www.woolworths.com.au/shop/productdetails/673513/lighthouse-pizza-focaccia-bread-mix,https://cdn0.woolworths.media/content/wowproductimages/medium/673513.jpg,2020-09-21 17:27:05,,0,,True
55e66ff4-70d4-4ecd-9486-ba53ebd7376c,Woolworths Supermarket,Pantry,Lighthouse Yeast Bread Improver 10x7g,673516,$5.00,$7.14 / 100G,https://www.woolworths.com.au/shop/productdetails/673516/lighthouse-yeast-bread-improver,https://cdn0.woolworths.media/content/wowproductimages/medium/673516.jpg,2020-09-21 17:27:05,,0,,True
88178a67-8af7-4807-b235-25a796e94229,Woolworths Supermarket,Pantry,Sunbites Grain Waves Sour Cream & Chives 5 pack,720220,$3.10,$2.82 / 100G,https://www.woolworths.com.au/shop/productdetails/720220/sunbites-grain-waves-sour-cream-chives,https://cdn0.woolworths.media/content/wowproductimages/medium/720220.jpg,2020-09-21 17:27:05,,0,2 for $5.00,True
1a28b1c5-ae25-49a6-8d80-a721df965e38,Woolworths Supermarket,Pantry,Woolworths Rolled Traditional Oats 750g,321220,$1.40,$0.19 / 100G,https://www.woolworths.com.au/shop/productdetails/321220/woolworths-rolled-traditional-oats,https://cdn0.woolworths.media/content/wowproductimages/medium/321220.jpg,2020-09-21 17:27:05,Average product rating out of 5: 4.6. Product score is based on 748 ratings,748,,True
9bd9debe-b108-4042-8ee2-df86a574e923,Woolworths Supermarket,Pantry,Bertolli Extra Virgin Olive Oil Originale 750ml,502951,$6.50,$0.87 / 100ML,https://www.woolworths.com.au/shop/productdetails/502951/bertolli-extra-virgin-olive-oil-originale,https://cdn0.woolworths.media/content/wowproductimages/medium/502951.jpg,2020-09-21 17:27:05,,0,,True
904d9755-722f-4502-aa37-bef7a708dabc,Woolworths Supermarket,Pantry,Queen Organic Vanilla Bean Paste 65g,225399,$11.80,$18.15 / 100G,https://www.woolworths.com.au/shop/productdetails/225399/queen-organic-vanilla-bean-paste,https://cdn0.woolworths.media/content/wowproductimages/medium/225399.jpg,2020-09-21 17:27:05,,0,,True
d7a642d9-c546-4415-bd09-a3f1160cce31,Woolworths Supermarket,Pantry,Woolworths Walnuts Kernel 500g,749540,$11.00,$22.00 / 1KG,https://www.woolworths.com.au/shop/productdetails/749540/woolworths-walnuts-kernel,https://cdn0.woolworths.media/content/wowproductimages/medium/749540.jpg,2020-09-21 17:27:05,Average product rating out of 5: 4.8. Product score is based on 360 ratings,360,,True
91d2eb69-f675-4792-8475-7e502d56d51d,Woolworths Supermarket,Pantry,Mckenzie's Himalayan Salt Rock Pink 400g,749926,$5.95,$0.15 / 10G,https://www.woolworths.com.au/shop/productdetails/749926/mckenzie-s-himalayan-salt-rock-pink,https://cdn0.woolworths.media/content/wowproductimages/medium/749926.jpg,2020-09-21 17:27:05,,0,,True
d6f15df4-7f41-4be5-bfe4-f9c4a5d3c2c1,Woolworths Supermarket,Pantry,Woolworths White Rice Long Grain 5kg,072779,$6.70,$0.13 / 100G,https://www.woolworths.com.au/shop/productdetails/72779/woolworths-white-rice-long-grain,https://cdn0.woolworths.media/content/wowproductimages/medium/072779.jpg,2020-09-21 17:27:05,Average product rating out of 5: 4.8. Product score is based on 14 ratings,14,,True
a893fb9f-4150-4db9-bd19-4a0514385bc4,Woolworths Supermarket,Pantry,Beechworth Pure Honey 1.5kg,250371,$22.00,$1.47 / 100G,https://www.woolworths.com.au/shop/productdetails/250371/beechworth-pure-honey,https://cdn0.woolworths.media/content/wowproductimages/medium/250371.jpg,2020-09-21 17:27:05,,0,,True
76c9b7ab-b0a5-498c-8fa5-b5695a037df4,Woolworths Supermarket,Pantry,Woolworths Diced Italian Tomatoes No Added Salt 400g,770320,$0.80,$2.00 / 1KG,https://www.woolworths.com.au/shop/productdetails/770320/woolworths-diced-italian-tomatoes-no-added-salt,https://cdn0.woolworths.media/content/wowproductimages/medium/770320.jpg,2020-09-21 17:27:05,Average product rating out of 5: 4.7. Product score is based on 311 ratings,311,,True
2b26e5dd-bfac-429c-8ca4-2749f0198b31,Woolworths Supermarket,Pantry,Moccona Freeze Dried Instant Coffee Classic Medium Roast 400g,208575,$24.00,$6.00 / 100G,https://www.woolworths.com.au/shop/productdetails/208575/moccona-freeze-dried-instant-coffee-classic-medium-roast,https://cdn0.woolworths.media/content/wowproductimages/medium/208575.jpg,2020-09-21 17:27:05,,0,,True
cc14fce4-80fe-41fd-af06-f98e181ee639,Woolworths Supermarket,Pantry,Cadbury Dairy Milk Chocolate Fair Trade 350g,757883,$5.00,$1.43 / 100G,https://www.woolworths.com.au/shop/productdetails/757883/cadbury-dairy-milk-chocolate-fair-trade,https://cdn0.woolworths.media/content/wowproductimages/medium/757883.jpg,2020-09-21 17:27:05,,0,Was $6.30 16/01/2017,True
327f413e-873f-409b-b948-6039c7ececb1,Woolworths Supermarket,Pantry,Arnott's Monte Carlo 250g,036031,$3.00,$1.20 / 100G,https://www.woolworths.com.au/shop/productdetails/36031/arnott-s-monte-carlo,https://cdn0.woolworths.media/content/wowproductimages/medium/036031.jpg,2020-09-21 17:27:05,,0,,True
ec492597-bbf3-445a-8b28-a78cfebc5a6d,Woolworths Supermarket,Pantry,Macro Organic Quinoa Tri Colour 500g,717631,$7.00,$1.40 / 100G,https://www.woolworths.com.au/shop/productdetails/717631/macro-organic-quinoa-tri-colour,https://cdn0.woolworths.media/content/wowproductimages/medium/717631.jpg,2020-09-21 17:27:05,Average product rating out of 5: 4.6. Product score is based on 274 ratings,274,Was $9.99 09/01/2017,True
d354e042-dc57-498f-b062-c202fbc6e8e4,Woolworths Supermarket,Pantry,Woolworths Almond Meal 400g,610610,$7.50,$18.75 / 1KG,https://www.woolworths.com.au/shop/productdetails/610610/woolworths-almond-meal,https://cdn0.woolworths.media/content/wowproductimages/medium/610610.jpg,2020-09-21 17:27:05,Average product rating out of 5: 4.6. Product score is based on 326 ratings,326,Was $9.00 22/07/2020,True
99cb33e9-b215-4cbf-9af1-4cd905565553,Woolworths Supermarket,Pantry,Continental Cup A Soup Creamy Chicken With Lots Of Noodles 2 pack,026649,$2.00,$3.33 / 100G,https://www.woolworths.com.au/shop/productdetails/26649/continental-cup-a-soup-creamy-chicken-with-lots-of-noodles,https://cdn0.woolworths.media/content/wowproductimages/medium/026649.jpg,2020-09-21 17:27:05,,0,,True
a5d6417a-435d-477d-9feb-40220faa82d0,Woolworths Supermarket,Pantry,Ritz Crackers Original 300g,660562,$2.50,$0.83 / 100G,https://www.woolworths.com.au/shop/productdetails/660562/ritz-crackers-original,https://cdn0.woolworths.media/content/wowproductimages/medium/660562.jpg,2020-09-21 17:27:05,,0,,True
9a951ae1-52e4-408c-ba4a-f5740460d112,Woolworths Supermarket,Pantry,Nescafe Blend 43 Soluble Instant Coffee 500g,035694,$20.00,$4.00 / 100G,https://www.woolworths.com.au/shop/productdetails/35694/nescafe-blend-43-soluble-instant-coffee,https://cdn0.woolworths.media/content/wowproductimages/medium/035694.jpg,2020-09-21 17:27:05,,0,,True
9d9646cb-d573-4d44-aa9a-645144b11515,Woolworths Supermarket,Pantry,Vege Chips Chicken Style 100g,793382,$3.80,$3.80 / 100G,https://www.woolworths.com.au/shop/productdetails/793382/vege-chips-chicken-style,https://cdn0.woolworths.media/content/wowproductimages/medium/793382.jpg,2020-09-21 17:27:05,Average product rating out of 5: 4.7. Product score is based on 20 ratings,20,,True
2a7d382c-609a-4d64-8a92-dc3f4eb746c9,Woolworths Supermarket,Pantry,Sanitarium Weet-bix Breakfast Cereal 1.2kg,200695,$5.00,$0.42 / 100G,https://www.woolworths.com.au/shop/productdetails/200695/sanitarium-weet-bix-breakfast-cereal,https://cdn0.woolworths.media/content/wowproductimages/medium/200695.jpg,2020-09-21 17:27:05,,0,,True
d26ee646-6701-445b-979b-eb8dba0138a3,Woolworths Supermarket,Pantry,Cobram Estate Extra Virgin Light Olive Oil 750ml,345955,$15.00,$2.00 / 100ML,https://www.woolworths.com.au/shop/productdetails/345955/cobram-estate-extra-virgin-light-olive-oil,https://cdn0.woolworths.media/content/wowproductimages/medium/345955.jpg,2020-09-21 17:27:05,,0,,True
adac56ee-fc97-49d9-8fe5-77461af49608,Woolworths Supermarket,Pantry,Red Rock Deli Honey Soy Chicken 5 pack,674019,$4.65,$3.32 / 100G,https://www.woolworths.com.au/shop/productdetails/674019/red-rock-deli-honey-soy-chicken,https://cdn0.woolworths.media/content/wowproductimages/medium/674019.jpg,2020-09-21 17:27:05,,0,2 for $7.00 $2.50/100G,True
9d9440aa-0a79-49c8-91e1-b1562f44459a,Woolworths Supermarket,Pantry,Lindt Fruit Sensation Raspberry Cranberry 150g,674239,$3.60,$2.40 / 100G,https://www.woolworths.com.au/shop/productdetails/674239/lindt-fruit-sensation-raspberry-cranberry,https://cdn0.woolworths.media/content/wowproductimages/medium/674239.jpg,2020-09-21 17:27:05,,0,,True
e3b2b43c-eee1-412c-874f-dc0b4ba03162,Woolworths Supermarket,Pantry,Lindt Fruit Sensation Berry Acai 150g,674261,$3.60,$2.40 / 100G,https://www.woolworths.com.au/shop/productdetails/674261/lindt-fruit-sensation-berry-acai,https://cdn0.woolworths.media/content/wowproductimages/medium/674261.jpg,2020-09-21 17:27:05,,0,,True
1fd60314-a2d2-4291-b453-5735d116ade0,Woolworths Supermarket,Pantry,Sharwood's Creamy Butter Chicken 420g,674494,$3.00,$0.71 / 100G,https://www.woolworths.com.au/shop/productdetails/674494/sharwood-s-creamy-butter-chicken,https://cdn0.woolworths.media/content/wowproductimages/medium/674494.jpg,2020-09-21 17:27:05,,0,Was $4.00 19/03/2018,True
9fb0b62a-e8fd-4651-8d1b-f29563e0178f,Woolworths Supermarket,Pantry,Continental Naturally Tasty Recipe Base Beef Stew 63g,674557,$2.40,$3.81 / 100G,https://www.woolworths.com.au/shop/productdetails/674557/continental-naturally-tasty-recipe-base-beef-stew,https://cdn0.woolworths.media/content/wowproductimages/medium/674557.jpg,2020-09-21 17:27:05,,0,2 for $4.00,True
99e63f15-22f1-4740-b736-b366c44498e3,Woolworths Supermarket,Pantry,Woolworths Original Pancake Shaker 350g,674570,$1.50,$0.43 / 100G,https://www.woolworths.com.au/shop/productdetails/674570/woolworths-original-pancake-shaker,https://cdn0.woolworths.media/content/wowproductimages/medium/674570.jpg,2020-09-21 17:27:05,Average product rating out of 5: 4.2. Product score is based on 997 ratings,997,,True
9d7b6dc7-6258-4148-ba6f-22cc69c4ef03,Woolworths Supermarket,Pantry,Woolworths Buttermilk Pancake Shaker 350g,674571,$1.50,$0.43 / 100G,https://www.woolworths.com.au/shop/productdetails/674571/woolworths-buttermilk-pancake-shaker,https://cdn0.woolworths.media/content/wowproductimages/medium/674571.jpg,2020-09-21 17:27:05,Average product rating out of 5: 4.4. Product score is based on 339 ratings,339,,True
a1b59808-e09d-4449-9fdb-e24c075c11f5,Woolworths Supermarket,Pantry,Continental Naturally Tasty Recipe Base Chilli Con Carne 64g,674623,$2.40,$3.75 / 100G,https://www.woolworths.com.au/shop/productdetails/674623/continental-naturally-tasty-recipe-base-chilli-con-carne,https://cdn0.woolworths.media/content/wowproductimages/medium/674623.jpg,2020-09-21 17:27:05,,0,2 for $4.00,True
4b4171de-b96c-404b-8e7f-fe9d08e9f198,Woolworths Supermarket,Pantry,Lo-fo Pantry Low Fodmap Plain Flour 1kg,674629,$5.00,$5.00 / 1KG,https://www.woolworths.com.au/shop/productdetails/674629/lo-fo-pantry-low-fodmap-plain-flour,https://cdn0.woolworths.media/content/wowproductimages/medium/674629.jpg,2020-09-21 17:27:05,,0,,True
a6914c75-1718-450b-8f36-a296fd649dec,Woolworths Supermarket,Pantry,Woolworths Salmon Lemon & Thyme 95g,674638,$1.20,$12.63 / 1KG,https://www.woolworths.com.au/shop/productdetails/674638/woolworths-salmon-lemon-thyme,https://cdn0.woolworths.media/content/wowproductimages/medium/674638.jpg,2020-09-21 17:27:05,Average product rating out of 5: 3.5. Product score is based on 158 ratings,158,,True
6f8cdc13-617b-4911-b271-a39188dbb3f3,Woolworths Supermarket,Pantry,Belvita Soft Bake Golden Oats 200g,674683,$3.00,$1.50 / 100G,https://www.woolworths.com.au/shop/productdetails/674683/belvita-soft-bake-golden-oats,https://cdn0.woolworths.media/content/wowproductimages/medium/674683.jpg,2020-09-21 17:27:05,,0,,True
e8e9a313-ff16-4a93-aa56-464f03bb2f34,Woolworths Supermarket,Pantry,Belvita Soft Bake Cranberry & Sultana 200g,674685,$3.00,$1.50 / 100G,https://www.woolworths.com.au/shop/productdetails/674685/belvita-soft-bake-cranberry-sultana,https://cdn0.woolworths.media/content/wowproductimages/medium/674685.jpg,2020-09-21 17:27:05,,0,,True
a4edf211-751a-4448-bd8c-9d71374c9447,Woolworths Supermarket,Pantry,Gravox Pepper Steak Finishing Sauce 250g,674979,$2.70,$1.08 / 100G,https://www.woolworths.com.au/shop/productdetails/674979/gravox-pepper-steak-finishing-sauce,https://cdn0.woolworths.media/content/wowproductimages/medium/674979.jpg,2020-09-21 17:27:05,,0,,True
8257dbf5-455b-4f3c-8081-98e1f7672fc6,Woolworths Supermarket,Pantry,Gravox Roast Pork Liquid Gravy 250g,675110,$2.70,$1.08 / 100G,https://www.woolworths.com.au/shop/productdetails/675110/gravox-roast-pork-liquid-gravy,https://cdn0.woolworths.media/content/wowproductimages/medium/675110.jpg,2020-09-21 17:27:05,,0,,True
3ce255c1-bcf2-410b-8df3-da07df41f51e,Woolworths Supermarket,Pantry,Gravox Our Best Beef Gravy 200g,675122,$6.00,$3.00 / 100G,https://www.woolworths.com.au/shop/productdetails/675122/gravox-our-best-beef-gravy,https://cdn0.woolworths.media/content/wowproductimages/medium/675122.jpg,2020-09-21 17:27:05,,0,,True
90a0c443-fd27-483e-b12e-88ece83b2b5f,Woolworths Supermarket,Pantry,La Zuppa Italian Style Tomato & Vegetable Soup Pouch 540g,676342,$4.40,$0.81 / 100G,https://www.woolworths.com.au/shop/productdetails/676342/la-zuppa-italian-style-tomato-vegetable-soup-pouch,https://cdn0.woolworths.media/content/wowproductimages/medium/676342.jpg,2020-09-21 17:27:05,,0,,True
0fa2df17-e98a-4bea-93b4-d6518d2cdaee,Woolworths Supermarket,Pantry,Mission Wholemeal Roti 240g,676571,$3.30,$1.38 / 100G,https://www.woolworths.com.au/shop/productdetails/676571/mission-wholemeal-roti,https://cdn0.woolworths.media/content/wowproductimages/medium/676571.jpg,2020-09-21 17:27:05,,0,,True
92f07265-0aa1-4244-9a37-56d372599601,Woolworths Supermarket,Pantry,Mission Mini Naan 240g,676572,$3.80,$1.58 / 100G,https://www.woolworths.com.au/shop/productdetails/676572/mission-mini-naan,https://cdn0.woolworths.media/content/wowproductimages/medium/676572.jpg,2020-09-21 17:27:05,,0,,True
88051cab-418f-45d6-aa7f-415c9c437207,Woolworths Supermarket,Pantry,Hart & Soul All Natural Pho Soup Cup 100g,676576,$1.60,$1.60 / 100G,https://www.woolworths.com.au/shop/productdetails/676576/hart-soul-all-natural-pho-soup-cup,https://cdn0.woolworths.media/content/wowproductimages/medium/676576.jpg,2020-09-21 17:27:05,,0,,True
7c1e4a03-e244-4c9c-bb15-3fd988750216,Woolworths Supermarket,Pantry,Hart & Soul All Natural Tom Yum Soup Cup 100g,676579,$1.60,$1.60 / 100G,https://www.woolworths.com.au/shop/productdetails/676579/hart-soul-all-natural-tom-yum-soup-cup,https://cdn0.woolworths.media/content/wowproductimages/medium/676579.jpg,2020-09-21 17:27:05,,0,,True
c044ec4d-797e-4ca5-98a1-f5fad0a553ef,Woolworths Supermarket,Pantry,Hart & Soul All Natural Wonton Soup Cup 100g,676610,$1.60,$1.60 / 100G,https://www.woolworths.com.au/shop/productdetails/676610/hart-soul-all-natural-wonton-soup-cup,https://cdn0.woolworths.media/content/wowproductimages/medium/676610.jpg,2020-09-21 17:27:05,,0,,True
95acfec5-8257-4127-8411-642dcd22761e,Woolworths Supermarket,Pantry,The Spice Tailor Punjabi Channa Masala Daal 500g,676613,$5.50,$1.10 / 100G,https://www.woolworths.com.au/shop/productdetails/676613/the-spice-tailor-punjabi-channa-masala-daal,https://cdn0.woolworths.media/content/wowproductimages/medium/676613.jpg,2020-09-21 17:27:05,,0,,True
59bfe927-48ca-41c7-ad55-744f9e9b21dd,Woolworths Supermarket,Pantry,Hart & Soul All Natural Cauliflower Cashew Soup 400g,676616,$4.00,$1.00 / 100G,https://www.woolworths.com.au/shop/productdetails/676616/hart-soul-all-natural-cauliflower-cashew-soup,https://cdn0.woolworths.media/content/wowproductimages/medium/676616.jpg,2020-09-21 17:27:05,,0,,True
79dfb857-12fb-4243-a73c-d648fe5ccef2,Woolworths Supermarket,Pantry,Lindt 70% Cocoa Bag 123g,676647,$4.80,$3.90 / 100G,https://www.woolworths.com.au/shop/productdetails/676647/lindt-70-cocoa-bag,https://cdn0.woolworths.media/content/wowproductimages/medium/676647.jpg,2020-09-21 17:27:05,,0,,True
2e137f75-f4fb-4fcf-83d6-8c1f03310fde,Woolworths Supermarket,Pantry,Masterfoods Barbecue Sauce 500ml,099696,$2.50,$0.50 / 100ML,https://www.woolworths.com.au/shop/productdetails/99696/masterfoods-barbecue-sauce,https://cdn0.woolworths.media/content/wowproductimages/medium/099696.jpg,2020-09-21 17:27:05,,0,,True
b5bb0206-deca-411f-a804-7d6de6a0f97c,Woolworths Supermarket,Pantry,Doritos Share Pack Cheese Supreme 170g,826731,$2.75,$1.62 / 100G,https://www.woolworths.com.au/shop/productdetails/826731/doritos-share-pack-cheese-supreme,https://cdn0.woolworths.media/content/wowproductimages/medium/826731.jpg,2020-09-21 17:27:05,,0,,True
7c7d52a2-5fd9-4528-a185-83720e5d9876,Woolworths Supermarket,Pantry,Arnott's Shortbread 250g,008838,$2.50,$1.00 / 100G,https://www.woolworths.com.au/shop/productdetails/8838/arnott-s-shortbread,https://cdn0.woolworths.media/content/wowproductimages/medium/008838.jpg,2020-09-21 17:27:05,,0,,True
db9396ad-8df1-4400-9693-e73696972945,Woolworths Supermarket,Pantry,Twisties Cheese Chips 90g,081659,$2.00,$2.22 / 100G,https://www.woolworths.com.au/shop/productdetails/81659/twisties-cheese-chips,https://cdn0.woolworths.media/content/wowproductimages/medium/081659.jpg,2020-09-21 17:27:05,,0,,True
e42c1641-10a7-40d6-9dbe-d406c82d516e,Woolworths Supermarket,Pantry,Bertolli Extra Virgin Olive Oil Originale 750ml,502951,$6.50,$0.87 / 100ML,https://www.woolworths.com.au/shop/productdetails/502951/bertolli-extra-virgin-olive-oil-originale,https://cdn0.woolworths.media/content/wowproductimages/medium/502951.jpg,2020-09-21 17:27:05,,0,,True
3a6a2efd-a4e6-4fd0-97bc-99ed10ecbde5,Woolworths Supermarket,Pantry,Valcom Canned Bamboo Shoots Sliced 225g,097730,$1.10,$4.89 / 1KG,https://www.woolworths.com.au/shop/productdetails/97730/valcom-canned-bamboo-shoots-sliced,https://cdn0.woolworths.media/content/wowproductimages/medium/097730.jpg,2020-09-21 17:27:05,,0,,True
e93b36a3-1c1d-4422-9551-6e57b70c96ac,Woolworths Supermarket,Pantry,Kellogg's Nutri-grain Protein Breakfast Cereal 290g,701706,$4.95,$1.71 / 100G,https://www.woolworths.com.au/shop/productdetails/701706/kellogg-s-nutri-grain-protein-breakfast-cereal,https://cdn0.woolworths.media/content/wowproductimages/medium/701706.jpg,2020-09-21 17:27:05,,0,,True
ec730a24-470d-4f19-b886-f16bf68d9a64,Woolworths Supermarket,Pantry,Arnott's Malt O' Milk 250g,036036,$2.50,$1.00 / 100G,https://www.woolworths.com.au/shop/productdetails/36036/arnott-s-malt-o-milk,https://cdn0.woolworths.media/content/wowproductimages/medium/036036.jpg,2020-09-21 17:27:05,,0,,True
a8335542-2a4a-4312-8292-39c68ca5f309,Woolworths Supermarket,Pantry,Smith's Share Pack Crinkle Cut Salt & Vinegar 170g,826738,$2.75,$1.62 / 100G,https://www.woolworths.com.au/shop/productdetails/826738/smith-s-share-pack-crinkle-cut-salt-vinegar,https://cdn0.woolworths.media/content/wowproductimages/medium/826738.jpg,2020-09-21 17:27:05,,0,,True
41e63d82-7572-4a9d-870b-79641485783c,Woolworths Supermarket,Pantry,Arnott's Snack Right Sultana 250g,182697,$3.00,$1.20 / 100G,https://www.woolworths.com.au/shop/productdetails/182697/arnott-s-snack-right-sultana,https://cdn0.woolworths.media/content/wowproductimages/medium/182697.jpg,2020-09-21 17:27:05,,0,Was $4.20 11/02/2019,True
706b1cbd-3504-41af-b10a-2a18e0153a58,Woolworths Supermarket,Pantry,Toblerone Milk Chocolate Bar 50g,047011,$1.00,$2.00 / 100G,https://www.woolworths.com.au/shop/productdetails/47011/toblerone-milk-chocolate-bar,https://cdn0.woolworths.media/content/wowproductimages/medium/047011.jpg,2020-09-21 17:27:05,,0,,True
49e5f699-3e0a-419d-a4e7-c1447a6fc2aa,Woolworths Supermarket,Pantry,Kooka's Country Cookies Lemon 200g,347837,$2.00,$1.00 / 100G,https://www.woolworths.com.au/shop/productdetails/347837/kooka-s-country-cookies-lemon,https://cdn0.woolworths.media/content/wowproductimages/medium/347837.jpg,2020-09-21 17:27:05,,0,,True
559e22bb-9beb-4cd5-b17d-4c2f6bc1e759,Woolworths Supermarket,Pantry,Uncle Tobys Roll-ups Strawberry Fun Prints 6 pack,324231,$4.00,$4.26 / 100G,https://www.woolworths.com.au/shop/productdetails/324231/uncle-tobys-roll-ups-strawberry-fun-prints,https://cdn0.woolworths.media/content/wowproductimages/medium/324231.jpg,2020-09-21 17:27:05,,0,,True
bfe349b3-e16b-414e-b7ba-bfb8087b0bbd,Woolworths Supermarket,Pantry,Woolworths Corn Sweet Kernels 420g,218926,$1.00,$2.38 / 1KG,https://www.woolworths.com.au/shop/productdetails/218926/woolworths-corn-sweet-kernels,https://cdn0.woolworths.media/content/wowproductimages/medium/218926.jpg,2020-09-21 17:27:05,Average product rating out of 5: 4.1. Product score is based on 215 ratings,215,,True
c8eed9db-0823-42d8-b009-c6bc3b531320,Woolworths Supermarket,Pantry,Moccona Freeze Dried Instant Coffee Classic Medium Roast 400g,208575,$24.00,$6.00 / 100G,https://www.woolworths.com.au/shop/productdetails/208575/moccona-freeze-dried-instant-coffee-classic-medium-roast,https://cdn0.woolworths.media/content/wowproductimages/medium/208575.jpg,2020-09-21 17:27:05,,0,,True
4116d3ca-6cf5-4a75-af31-a2a54ff12c1b,Woolworths Supermarket,Pantry,Macro Organic Quinoa Tri Colour 500g,717631,$7.00,$1.40 / 100G,https://www.woolworths.com.au/shop/productdetails/717631/macro-organic-quinoa-tri-colour,https://cdn0.woolworths.media/content/wowproductimages/medium/717631.jpg,2020-09-21 17:27:05,Average product rating out of 5: 4.6. Product score is based on 274 ratings,274,Was $9.99 09/01/2017,True
f0f8e0b9-0d32-417e-8159-50c200b97ec3,Woolworths Supermarket,Pantry,Arnott's Shapes Cheddar 175g,384244,$2.50,$1.43 / 100G,https://www.woolworths.com.au/shop/productdetails/384244/arnott-s-shapes-cheddar,https://cdn0.woolworths.media/content/wowproductimages/medium/384244.jpg,2020-09-21 17:27:05,,0,,True
b0850478-d8bd-4497-a595-35c80dedb94b,Woolworths Supermarket,Pantry,Uncle Ben's Microwave Mexican Style Brown Rice 250g,727257,$3.00,$1.20 / 100G,https://www.woolworths.com.au/shop/productdetails/727257/uncle-ben-s-microwave-mexican-style-brown-rice,https://cdn0.woolworths.media/content/wowproductimages/medium/727257.jpg,2020-09-21 17:27:05,,0,,True
bafa7f26-1818-42eb-bb53-60b722fe639b,Woolworths Supermarket,Pantry,Pringles Sour Cream And Onion Chips 134g,479502,$2.50,$1.87 / 100G,https://www.woolworths.com.au/shop/productdetails/479502/pringles-sour-cream-and-onion-chips,https://cdn0.woolworths.media/content/wowproductimages/medium/479502.jpg,2020-09-21 17:27:05,,0,,True
7930862e-eebf-4318-b9cf-ef9d5930e533,Woolworths Supermarket,Pantry,Woolworths Yellowfin Tuna Slices In Olive Oil 125g,676655,$2.00,$16.00 / 1KG,https://www.woolworths.com.au/shop/productdetails/676655/woolworths-yellowfin-tuna-slices-in-olive-oil,https://cdn0.woolworths.media/content/wowproductimages/medium/676655.jpg,2020-09-21 17:27:05,Average product rating out of 5: 4.1. Product score is based on 160 ratings,160,,True
8d05f688-711f-4e8e-81d1-e820d501e729,Woolworths Supermarket,Pantry,Woolworths Yellowfin Tuna Slices In Olive Oil With Chilli 125g,676656,$2.00,$16.00 / 1KG,https://www.woolworths.com.au/shop/productdetails/676656/woolworths-yellowfin-tuna-slices-in-olive-oil-with-chilli,https://cdn0.woolworths.media/content/wowproductimages/medium/676656.jpg,2020-09-21 17:27:05,Average product rating out of 5: 4.0. Product score is based on 142 ratings,142,,True
5314063a-ae45-4cfd-931b-643de3487bd3,Woolworths Supermarket,Pantry,Passage To India Jalfrezi 375g,676717,$4.70,$1.25 / 100G,https://www.woolworths.com.au/shop/productdetails/676717/passage-to-india-jalfrezi,https://cdn0.woolworths.media/content/wowproductimages/medium/676717.jpg,2020-09-21 17:27:05,,0,,True
694fed62-760e-4dc2-9a1c-2fe66d4a825d,Woolworths Supermarket,Pantry,Passage To India Saag Curry 375g,676750,$4.70,$1.25 / 100G,https://www.woolworths.com.au/shop/productdetails/676750/passage-to-india-saag-curry,https://cdn0.woolworths.media/content/wowproductimages/medium/676750.jpg,2020-09-21 17:27:05,,0,,True
4ad029d1-07b9-4555-b1af-8eb9e777063f,Woolworths Supermarket,Pantry,Hart & Soul All Natural Three Bean Soup 400g,676869,$4.00,$1.00 / 100G,https://www.woolworths.com.au/shop/productdetails/676869/hart-soul-all-natural-three-bean-soup,https://cdn0.woolworths.media/content/wowproductimages/medium/676869.jpg,2020-09-21 17:27:05,,0,,True
3f825ee5-0c3e-42be-b03a-6019c153505b,Woolworths Supermarket,Pantry,Ryvita Thins Flatbread Cheddar & Black Pepper 125g,676902,$4.00,$3.20 / 100G,https://www.woolworths.com.au/shop/productdetails/676902/ryvita-thins-flatbread-cheddar-black-pepper,https://cdn0.woolworths.media/content/wowproductimages/medium/676902.jpg,2020-09-21 17:27:05,,0,,True
02625e9c-6e43-4edd-bea4-043e3fc07bd0,Woolworths Supermarket,Pantry,Ryvita Thins Flatbread Caramalised Onion 125g,676904,$4.00,$3.20 / 100G,https://www.woolworths.com.au/shop/productdetails/676904/ryvita-thins-flatbread-caramalised-onion,https://cdn0.woolworths.media/content/wowproductimages/medium/676904.jpg,2020-09-21 17:27:05,,0,,True
de49ca70-56c1-45d4-a18c-2ee66f91a515,Woolworths Supermarket,Pantry,Mckenzie's Soup Kit Chicken Noodle 180g,676910,$2.49,$1.38 / 100G,https://www.woolworths.com.au/shop/productdetails/676910/mckenzie-s-soup-kit-chicken-noodle,https://cdn0.woolworths.media/content/wowproductimages/medium/676910.jpg,2020-09-21 17:27:05,,0,,True
220d7f30-f88c-4fee-a03e-413662085dc4,Woolworths Supermarket,Pantry,Pringles Bbq Stacked Potato Chips 53g,677088,$1.90,$3.58 / 100G,https://www.woolworths.com.au/shop/productdetails/677088/pringles-bbq-stacked-potato-chips,https://cdn0.woolworths.media/content/wowproductimages/medium/677088.jpg,2020-09-21 17:27:05,,0,,True
13ffb561-c496-4221-81a7-bbf99a478253,Woolworths Supermarket,Pantry,Woolworths High Fibre Bran 500g,677961,$2.95,$0.59 / 100G,https://www.woolworths.com.au/shop/productdetails/677961/woolworths-high-fibre-bran,https://cdn0.woolworths.media/content/wowproductimages/medium/677961.jpg,2020-09-21 17:27:05,,0,,True
887fff5f-01ff-4b39-b2dd-bac194a996fd,Woolworths Supermarket,Pantry,Woolworths Crispy Rice Pops 350g,677964,$1.80,$0.51 / 100G,https://www.woolworths.com.au/shop/productdetails/677964/woolworths-crispy-rice-pops,https://cdn0.woolworths.media/content/wowproductimages/medium/677964.jpg,2020-09-21 17:27:05,Average product rating out of 5: 4.0. Product score is based on 816 ratings,816,,True
ee998d92-34a9-4878-a7c9-5e82addfc544,Woolworths Supermarket,Pantry,Woolworths Crunchy Honey Poppas 400g,677965,$2.60,$0.65 / 100G,https://www.woolworths.com.au/shop/productdetails/677965/woolworths-crunchy-honey-poppas,https://cdn0.woolworths.media/content/wowproductimages/medium/677965.jpg,2020-09-21 17:27:05,Average product rating out of 5: 3.6. Product score is based on 381 ratings,381,,True
887dbcbb-390a-41bc-aa7b-81bf8c8018f5,Woolworths Supermarket,Pantry,Woolworths Great Start Iron Cereal 400g,677966,,,https://www.woolworths.com.au/shop/productdetails/677966/woolworths-great-start-iron-cereal,https://cdn0.woolworths.media/content/wowproductimages/medium/677966.jpg,2020-09-21 17:27:05,Average product rating out of 5: 3.9. Product score is based on 264 ratings,264,Was $4.00 04/02/2019,False
165ea9a5-7781-41d7-9515-4bc3d0a2cb8b,Woolworths Supermarket,Pantry,Suimin Noodles Thai Green Curry Green Curry 122g,678318,$2.00,$1.64 / 100G,https://www.woolworths.com.au/shop/productdetails/678318/suimin-noodles-thai-green-curry-green-curry,https://cdn0.woolworths.media/content/wowproductimages/medium/678318.jpg,2020-09-21 17:27:05,,0,,True
56f313ad-58aa-4895-ad2e-cecbae99bc33,Woolworths Supermarket,Pantry,Suimin Noodles Beef Massaman Curry Massaman Curry 137g,678341,$2.00,$1.46 / 100G,https://www.woolworths.com.au/shop/productdetails/678341/suimin-noodles-beef-massaman-curry-massaman-curry,https://cdn0.woolworths.media/content/wowproductimages/medium/678341.jpg,2020-09-21 17:27:05,,0,,True
29567135-720b-41a8-9a51-f67d0fba0fae,Woolworths Supermarket,Pantry,Australian Organic Food Co Chicken Spelt & Vegetable Soup Pouch 330g,678348,$4.50,$1.36 / 100G,https://www.woolworths.com.au/shop/productdetails/678348/australian-organic-food-co-chicken-spelt-vegetable-soup-pouch,https://cdn0.woolworths.media/content/wowproductimages/medium/678348.jpg,2020-09-21 17:27:05,,0,,True
7156973a-4b00-4938-90bc-be4eaf14d15f,Woolworths Supermarket,Pantry,Australian Organic Food Co Pumpkin & Sweet Potato Soup Pouch 330g,678349,$4.50,$1.36 / 100G,https://www.woolworths.com.au/shop/productdetails/678349/australian-organic-food-co-pumpkin-sweet-potato-soup-pouch,https://cdn0.woolworths.media/content/wowproductimages/medium/678349.jpg,2020-09-21 17:27:05,,0,,True
12035e5d-ba81-47b1-8224-22709a4e2754,Woolworths Supermarket,Pantry,Australian Organic Food Co Chickpea & Vegetable Soup Pouch 330g,678381,$4.50,$1.36 / 100G,https://www.woolworths.com.au/shop/productdetails/678381/australian-organic-food-co-chickpea-vegetable-soup-pouch,https://cdn0.woolworths.media/content/wowproductimages/medium/678381.jpg,2020-09-21 17:27:05,,0,,True
65d2c3bb-2993-4f73-8057-2132fa254fa0,Woolworths Supermarket,Pantry,Maggie Beer Beer Natural Beef Stock 500ml,678536,$5.00,$1.00 / 100ML,https://www.woolworths.com.au/shop/productdetails/678536/maggie-beer-beer-natural-beef-stock,https://cdn0.woolworths.media/content/wowproductimages/medium/678536.jpg,2020-09-21 17:27:05,,0,,True
25f615a4-adcf-491a-98e8-2abf9b29826c,Woolworths Supermarket,Pantry,Three Threes Sweet Sliced Beetroot 415g,678605,$3.00,$7.23 / 1KG,https://www.woolworths.com.au/shop/productdetails/678605/three-threes-sweet-sliced-beetroot,https://cdn0.woolworths.media/content/wowproductimages/medium/678605.jpg,2020-09-21 17:27:05,,0,,True
5379f5d8-8d73-4bce-903b-b32d855604e3,Woolworths Supermarket,Pantry,Three Threes Sweet Whole Baby Beets 415g,678622,$3.00,$7.23 / 1KG,https://www.woolworths.com.au/shop/productdetails/678622/three-threes-sweet-whole-baby-beets,https://cdn0.woolworths.media/content/wowproductimages/medium/678622.jpg,2020-09-21 17:27:05,,0,,True
19f5e406-083c-4719-af40-67f568df2ea1,Woolworths Supermarket,Pantry,Continental Liquid Vegetable Stock 1l,678656,$3.00,$0.30 / 100ML,https://www.woolworths.com.au/shop/productdetails/678656/continental-liquid-vegetable-stock,https://cdn0.woolworths.media/content/wowproductimages/medium/678656.jpg,2020-09-21 17:27:05,,0,,True
10ba7ad2-f8fd-4e51-826b-dff0b27d86bf,Woolworths Supermarket,Pantry,Continental Liquid Chicken Stock Salt Reduced 1l,678657,$3.00,$0.30 / 100ML,https://www.woolworths.com.au/shop/productdetails/678657/continental-liquid-chicken-stock-salt-reduced,https://cdn0.woolworths.media/content/wowproductimages/medium/678657.jpg,2020-09-21 17:27:05,,0,,True
c36e2e05-06a2-46c1-9861-dcd637fba84f,Woolworths Supermarket,Pantry,Maggie Beer Natural Vegetable Stock 500ml,678699,$5.00,$1.00 / 100ML,https://www.woolworths.com.au/shop/productdetails/678699/maggie-beer-natural-vegetable-stock,https://cdn0.woolworths.media/content/wowproductimages/medium/678699.jpg,2020-09-21 17:27:05,,0,,True
7e2395ab-4e93-4036-9d0f-bebab728103a,Woolworths Supermarket,Pantry,Sunbites Grain Waves Sour Cream & Chives 5 pack,720220,$3.10,$2.82 / 100G,https://www.woolworths.com.au/shop/productdetails/720220/sunbites-grain-waves-sour-cream-chives,https://cdn0.woolworths.media/content/wowproductimages/medium/720220.jpg,2020-09-21 17:27:05,,0,2 for $5.00,True
7547fc8d-fa80-4840-b6a5-8d43ddcd72d9,Woolworths Supermarket,Pantry,Woolworths Rolled Traditional Oats 750g,321220,$1.40,$0.19 / 100G,https://www.woolworths.com.au/shop/productdetails/321220/woolworths-rolled-traditional-oats,https://cdn0.woolworths.media/content/wowproductimages/medium/321220.jpg,2020-09-21 17:27:05,Average product rating out of 5: 4.6. Product score is based on 748 ratings,748,,True
5e0e2b06-5158-4a79-8e58-c1f047140faa,Woolworths Supermarket,Pantry,Beechworth Pure Honey 1.5kg,250371,$22.00,$1.47 / 100G,https://www.woolworths.com.au/shop/productdetails/250371/beechworth-pure-honey,https://cdn0.woolworths.media/content/wowproductimages/medium/250371.jpg,2020-09-21 17:27:05,,0,,True
2cad6e94-ad12-4345-86b3-9233285ce5de,Woolworths Supermarket,Pantry,Bertolli Extra Virgin Olive Oil Originale 750ml,502951,$6.50,$0.87 / 100ML,https://www.woolworths.com.au/shop/productdetails/502951/bertolli-extra-virgin-olive-oil-originale,https://cdn0.woolworths.media/content/wowproductimages/medium/502951.jpg,2020-09-21 17:27:05,,0,,True
42ec289d-b605-430c-ab16-3eda63d8eb61,Woolworths Supermarket,Pantry,Nescafe Blend 43 Soluble Instant Coffee 500g,035694,$20.00,$4.00 / 100G,https://www.woolworths.com.au/shop/productdetails/35694/nescafe-blend-43-soluble-instant-coffee,https://cdn0.woolworths.media/content/wowproductimages/medium/035694.jpg,2020-09-21 17:27:05,,0,,True
6e4a6443-7097-445d-9a0f-c716cfcc2700,Woolworths Supermarket,Pantry,Woolworths Almond Meal 400g,610610,$7.50,$18.75 / 1KG,https://www.woolworths.com.au/shop/productdetails/610610/woolworths-almond-meal,https://cdn0.woolworths.media/content/wowproductimages/medium/610610.jpg,2020-09-21 17:27:05,Average product rating out of 5: 4.6. Product score is based on 326 ratings,326,Was $9.00 22/07/2020,True
0ae79d45-e690-41b5-9195-dd1a9e8e1ba0,Woolworths Supermarket,Pantry,Arnott's Monte Carlo 250g,036031,$3.00,$1.20 / 100G,https://www.woolworths.com.au/shop/productdetails/36031/arnott-s-monte-carlo,https://cdn0.woolworths.media/content/wowproductimages/medium/036031.jpg,2020-09-21 17:27:05,,0,,True
5a8aa77e-6b47-475c-8aca-fff3e0fcd1d4,Woolworths Supermarket,Pantry,Mckenzie's Himalayan Salt Rock Pink 400g,749926,$5.95,$0.15 / 10G,https://www.woolworths.com.au/shop/productdetails/749926/mckenzie-s-himalayan-salt-rock-pink,https://cdn0.woolworths.media/content/wowproductimages/medium/749926.jpg,2020-09-21 17:27:05,,0,,True
6048e12b-b0dc-4245-9ec9-ac1df3e74f82,Woolworths Supermarket,Pantry,Moccona Freeze Dried Instant Coffee Classic Medium Roast 400g,208575,$24.00,$6.00 / 100G,https://www.woolworths.com.au/shop/productdetails/208575/moccona-freeze-dried-instant-coffee-classic-medium-roast,https://cdn0.woolworths.media/content/wowproductimages/medium/208575.jpg,2020-09-21 17:27:05,,0,,True
b65f3d2b-bab5-4fdc-adbb-efbc35576e6d,Woolworths Supermarket,Pantry,Ritz Crackers Original 300g,660562,$2.50,$0.83 / 100G,https://www.woolworths.com.au/shop/productdetails/660562/ritz-crackers-original,https://cdn0.woolworths.media/content/wowproductimages/medium/660562.jpg,2020-09-21 17:27:05,,0,,True
6d2ff864-06de-44a2-8846-8f45cf33396e,Woolworths Supermarket,Pantry,Vege Chips Chicken Style 100g,793382,$3.80,$3.80 / 100G,https://www.woolworths.com.au/shop/productdetails/793382/vege-chips-chicken-style,https://cdn0.woolworths.media/content/wowproductimages/medium/793382.jpg,2020-09-21 17:27:05,Average product rating out of 5: 4.7. Product score is based on 20 ratings,20,,True
fd6aafc6-9f0f-4200-bc83-6e7669e7ca24,Woolworths Supermarket,Pantry,Woolworths Walnuts Kernel 500g,749540,$11.00,$22.00 / 1KG,https://www.woolworths.com.au/shop/productdetails/749540/woolworths-walnuts-kernel,https://cdn0.woolworths.media/content/wowproductimages/medium/749540.jpg,2020-09-21 17:27:05,Average product rating out of 5: 4.8. Product score is based on 360 ratings,360,,True
43d7f18b-0046-4545-84da-e533b1991ffa,Woolworths Supermarket,Pantry,Continental Cup A Soup Creamy Chicken With Lots Of Noodles 2 pack,026649,$2.00,$3.33 / 100G,https://www.woolworths.com.au/shop/productdetails/26649/continental-cup-a-soup-creamy-chicken-with-lots-of-noodles,https://cdn0.woolworths.media/content/wowproductimages/medium/026649.jpg,2020-09-21 17:27:05,,0,,True
0bd9c4ee-a9a9-4b34-9135-dd8257a123a7,Woolworths Supermarket,Pantry,Queen Organic Vanilla Bean Paste 65g,225399,$11.80,$18.15 / 100G,https://www.woolworths.com.au/shop/productdetails/225399/queen-organic-vanilla-bean-paste,https://cdn0.woolworths.media/content/wowproductimages/medium/225399.jpg,2020-09-21 17:27:05,,0,,True
c74cb99c-e47b-4a6e-871d-41ae45970eda,Woolworths Supermarket,Pantry,Macro Organic Quinoa Tri Colour 500g,717631,$7.00,$1.40 / 100G,https://www.woolworths.com.au/shop/productdetails/717631/macro-organic-quinoa-tri-colour,https://cdn0.woolworths.media/content/wowproductimages/medium/717631.jpg,2020-09-21 17:27:05,Average product rating out of 5: 4.6. Product score is based on 274 ratings,274,Was $9.99 09/01/2017,True
95978387-9126-4e45-9253-c9fe447f6bdd,Woolworths Supermarket,Pantry,Woolworths White Rice Long Grain 5kg,072779,$6.70,$0.13 / 100G,https://www.woolworths.com.au/shop/productdetails/72779/woolworths-white-rice-long-grain,https://cdn0.woolworths.media/content/wowproductimages/medium/072779.jpg,2020-09-21 17:27:05,Average product rating out of 5: 4.8. Product score is based on 14 ratings,14,,True
076da2eb-89ab-4a98-9b41-2b9f30e69a50,Woolworths Supermarket,Pantry,Woolworths Diced Italian Tomatoes No Added Salt 400g,770320,$0.80,$2.00 / 1KG,https://www.woolworths.com.au/shop/productdetails/770320/woolworths-diced-italian-tomatoes-no-added-salt,https://cdn0.woolworths.media/content/wowproductimages/medium/770320.jpg,2020-09-21 17:27:05,Average product rating out of 5: 4.7. Product score is based on 311 ratings,311,,True
ec2835be-7b03-4321-879a-b5df48b69cef,Woolworths Supermarket,Pantry,Sanitarium Weet-bix Breakfast Cereal 1.2kg,200695,$5.00,$0.42 / 100G,https://www.woolworths.com.au/shop/productdetails/200695/sanitarium-weet-bix-breakfast-cereal,https://cdn0.woolworths.media/content/wowproductimages/medium/200695.jpg,2020-09-21 17:27:05,,0,,True
8eceda0a-30d5-4a6f-9720-99c129436b73,Woolworths Supermarket,Pantry,Cadbury Dairy Milk Chocolate Fair Trade 350g,757883,$5.00,$1.43 / 100G,https://www.woolworths.com.au/shop/productdetails/757883/cadbury-dairy-milk-chocolate-fair-trade,https://cdn0.woolworths.media/content/wowproductimages/medium/757883.jpg,2020-09-21 17:27:05,,0,Was $6.30 16/01/2017,True
2ba77d1d-2216-4532-942e-d6d1a46fb634,Woolworths Supermarket,Pantry,Cobram Estate Extra Virgin Light Olive Oil 750ml,345955,$15.00,$2.00 / 100ML,https://www.woolworths.com.au/shop/productdetails/345955/cobram-estate-extra-virgin-light-olive-oil,https://cdn0.woolworths.media/content/wowproductimages/medium/345955.jpg,2020-09-21 17:27:05,,0,,True
1aed3e6f-a286-471b-8bd7-0c900bf808f1,Woolworths Supermarket,Pantry,Continental Liquid Beef Stock 1l,678702,$3.00,$0.30 / 100ML,https://www.woolworths.com.au/shop/productdetails/678702/continental-liquid-beef-stock,https://cdn0.woolworths.media/content/wowproductimages/medium/678702.jpg,2020-09-21 17:27:05,,0,,True
ee4bbf3d-1975-449e-9f5e-896a1041099f,Woolworths Supermarket,Pantry,Continental Liquid Chicken Stock 1l,678703,$3.00,$0.30 / 100ML,https://www.woolworths.com.au/shop/productdetails/678703/continental-liquid-chicken-stock,https://cdn0.woolworths.media/content/wowproductimages/medium/678703.jpg,2020-09-21 17:27:05,,0,,True
9ac5d3d4-6e7d-4a1e-b524-cc18b42ed70f,Woolworths Supermarket,Pantry,Australian Organic Food Co 8 Vegetable Minestrone Soup Pouch 330g,678711,$4.50,$1.36 / 100G,https://www.woolworths.com.au/shop/productdetails/678711/australian-organic-food-co-8-vegetable-minestrone-soup-pouch,https://cdn0.woolworths.media/content/wowproductimages/medium/678711.jpg,2020-09-21 17:27:05,,0,,True
b51c9e26-1925-4b8e-bdbc-e48606b943fd,Woolworths Supermarket,Pantry,Australian Organic Food Co Potato & Leek Soup Pouch 330g,678717,$4.50,$1.36 / 100G,https://www.woolworths.com.au/shop/productdetails/678717/australian-organic-food-co-potato-leek-soup-pouch,https://cdn0.woolworths.media/content/wowproductimages/medium/678717.jpg,2020-09-21 17:27:05,,0,,True
3410d357-c5d7-4b86-9a29-ecf4f5961a02,Woolworths Supermarket,Pantry,Maggie Beer Natural Chicken Stock 500ml,678720,$5.00,$1.00 / 100ML,https://www.woolworths.com.au/shop/productdetails/678720/maggie-beer-natural-chicken-stock,https://cdn0.woolworths.media/content/wowproductimages/medium/678720.jpg,2020-09-21 17:27:05,,0,,True
c81231c5-66f6-4416-a600-dd3282360fb5,Woolworths Supermarket,Pantry,Edgell Black Beans 125g x4 pack,679071,$3.00,$0.60 / 100G,https://www.woolworths.com.au/shop/productdetails/679071/edgell-black-beans,https://cdn0.woolworths.media/content/wowproductimages/medium/679071.jpg,2020-09-21 17:27:05,,0,,True
4b4f1dee-d555-4e8d-8928-4b7b3cc72a97,Woolworths Supermarket,Pantry,Rosella Tomato Reduced Sugar Condensed Soup 500mg,679098,$2.25,$0.45 / 100G,https://www.woolworths.com.au/shop/productdetails/679098/rosella-tomato-reduced-sugar-condensed-soup,https://cdn0.woolworths.media/content/wowproductimages/medium/679098.jpg,2020-09-21 17:27:05,,0,,True
e732f3bc-27c7-4f78-b524-b57fbe40ec78,Woolworths Supermarket,Pantry,San Remo Pulse Pasta Red Lentils 250g,679127,$4.20,$1.68 / 100G,https://www.woolworths.com.au/shop/productdetails/679127/san-remo-pulse-pasta-red-lentils,https://cdn0.woolworths.media/content/wowproductimages/medium/679127.jpg,2020-09-21 17:27:05,,0,,True
28bdcbb1-c1f7-419c-99fe-d494388898b9,Woolworths Supermarket,Pantry,Mayver's Smunchy Protein Plus Peanut Butter 375g,679375,$5.50,$1.47 / 100G,https://www.woolworths.com.au/shop/productdetails/679375/mayver-s-smunchy-protein-plus-peanut-butter,https://cdn0.woolworths.media/content/wowproductimages/medium/679375.jpg,2020-09-21 17:27:05,,0,,True
9d5e5b30-7709-4315-9571-931c2550d045,Woolworths Supermarket,Pantry,Mayver's Smunchy Protein Plus Hemp Seed Peanut Butter 375g,679382,$5.50,$1.47 / 100G,https://www.woolworths.com.au/shop/productdetails/679382/mayver-s-smunchy-protein-plus-hemp-seed-peanut-butter,https://cdn0.woolworths.media/content/wowproductimages/medium/679382.jpg,2020-09-21 17:27:05,,0,,True
09f6427a-cb28-4f6d-b90c-208c74ef2399,Woolworths Supermarket,Pantry,Mayver's Smunchy Protein Plus 5 Seeds Peanut Butter 375g,679383,$5.50,$1.47 / 100G,https://www.woolworths.com.au/shop/productdetails/679383/mayver-s-smunchy-protein-plus-5-seeds-peanut-butter,https://cdn0.woolworths.media/content/wowproductimages/medium/679383.jpg,2020-09-21 17:27:05,,0,,True
764936b0-1f19-4835-94d6-b9be1bffcfa3,Woolworths Supermarket,Pantry,Amy's Kitchen Organic Soup Lentil 411g,679442,$3.90,$0.95 / 100G,https://www.woolworths.com.au/shop/productdetails/679442/amy-s-kitchen-organic-soup-lentil,https://cdn0.woolworths.media/content/wowproductimages/medium/679442.jpg,2020-09-21 17:27:05,,0,,True
09dce813-a7fd-4e03-bf26-ece523d24fa8,Woolworths Supermarket,Pantry,Woolworths Secret Burger Sauce 330ml,679544,$2.50,$0.76 / 100ML,https://www.woolworths.com.au/shop/productdetails/679544/woolworths-secret-burger-sauce,https://cdn0.woolworths.media/content/wowproductimages/medium/679544.jpg,2020-09-21 17:27:05,,0,,True
68ba2d74-3ad8-40ee-a732-50c7382e34ed,Woolworths Supermarket,Pantry,Amy's Kitchen Organic Chunky Vegetable Soup 405g,679618,$3.90,$0.96 / 100G,https://www.woolworths.com.au/shop/productdetails/679618/amy-s-kitchen-organic-chunky-vegetable-soup,https://cdn0.woolworths.media/content/wowproductimages/medium/679618.jpg,2020-09-21 17:27:05,,0,,True
b1b1652b-bc3c-44e2-8a30-8241219a04d8,Woolworths Supermarket,Pantry,Cadbury Curlywurly Squirlies 110g,679771,$3.00,$2.73 / 100G,https://www.woolworths.com.au/shop/productdetails/679771/cadbury-curlywurly-squirlies,https://cdn0.woolworths.media/content/wowproductimages/medium/679771.jpg,2020-09-21 17:27:05,,0,Was $4.00 10/07/2017,True
f10f42cb-a7da-4158-b081-b787d3a88600,Woolworths Supermarket,Pantry,Woolworths Flavoured Maple Syrup 375g,679990,$2.50,$0.67 / 100G,https://www.woolworths.com.au/shop/productdetails/679990/woolworths-flavoured-maple-syrup,https://cdn0.woolworths.media/content/wowproductimages/medium/679990.jpg,2020-09-21 17:27:05,,0,,True
e95fb238-f407-471b-9e97-4bec2dcbfe15,Woolworths Supermarket,Pantry,Woolworths Pear In Juice 4 pack,680043,$2.20,$4.40 / 1KG,https://www.woolworths.com.au/shop/productdetails/680043/woolworths-pear-in-juice,https://cdn0.woolworths.media/content/wowproductimages/medium/680043.jpg,2020-09-21 17:27:05,Average product rating out of 5: 4.1. Product score is based on 307 ratings,307,Was $2.50 09/07/2018,True
d759cc41-0c10-4f9d-9c15-697da1dc374a,Woolworths Supermarket,Pantry,Woolworths Tropical Fruit In Juice 4 pack,680044,$2.20,$4.40 / 1KG,https://www.woolworths.com.au/shop/productdetails/680044/woolworths-tropical-fruit-in-juice,https://cdn0.woolworths.media/content/wowproductimages/medium/680044.jpg,2020-09-21 17:27:05,Average product rating out of 5: 3.6. Product score is based on 326 ratings,326,Was $2.50 09/07/2018,True
3801dd3a-ed69-4999-b4e7-b5ca29c1a2ec,Woolworths Supermarket,Pantry,Woolworths Mango Jelly 4 pack,680046,$2.20,$18.33 / 1KG,https://www.woolworths.com.au/shop/productdetails/680046/woolworths-mango-jelly,https://cdn0.woolworths.media/content/wowproductimages/medium/680046.jpg,2020-09-21 17:27:05,Average product rating out of 5: 3.6. Product score is based on 232 ratings,232,,True
a2edefe9-458c-4751-bdfa-420d720b86cd,Woolworths Supermarket,Pantry,Woolworths Raspberry Jelly 4 pack,680047,$2.20,$18.33 / 1KG,https://www.woolworths.com.au/shop/productdetails/680047/woolworths-raspberry-jelly,https://cdn0.woolworths.media/content/wowproductimages/medium/680047.jpg,2020-09-21 17:27:05,Average product rating out of 5: 3.2. Product score is based on 335 ratings,335,,True
989f0cf5-b06d-4e89-8884-46ad9a2f6e1c,Woolworths Supermarket,Pantry,Woolworths Tropical Flavour Jelly 4 pack,680048,$2.20,$18.33 / 1KG,https://www.woolworths.com.au/shop/productdetails/680048/woolworths-tropical-flavour-jelly,https://cdn0.woolworths.media/content/wowproductimages/medium/680048.jpg,2020-09-21 17:27:05,Average product rating out of 5: 3.8. Product score is based on 264 ratings,264,,True
155f507d-7def-44d3-a053-37b5119faeb3,Woolworths Supermarket,Pantry,Woolworths Canned Corn Kernels 4x125g,680188,$2.20,$4.40 / 1KG,https://www.woolworths.com.au/shop/productdetails/680188/woolworths-canned-corn-kernels,https://cdn0.woolworths.media/content/wowproductimages/medium/680188.jpg,2020-09-21 17:27:05,Average product rating out of 5: 4.4. Product score is based on 491 ratings,491,,True
3b2bc193-8e00-4641-bda6-d96a03ab84d1,Woolworths Supermarket,Pantry,Lindt Milk No Sugar Added Block 100g,680447,$5.00,$5.00 / 100G,https://www.woolworths.com.au/shop/productdetails/680447/lindt-milk-no-sugar-added-block,https://cdn0.woolworths.media/content/wowproductimages/medium/680447.jpg,2020-09-21 17:27:05,,0,,True
48cee7aa-863d-4430-8d58-0ff079da1307,Woolworths Supermarket,Pantry,Lindt Dark No Sugar Added Block 100g,680448,$5.00,$5.00 / 100G,https://www.woolworths.com.au/shop/productdetails/680448/lindt-dark-no-sugar-added-block,https://cdn0.woolworths.media/content/wowproductimages/medium/680448.jpg,2020-09-21 17:27:05,,0,,True
66ff8e76-7000-46b5-b8a5-cc7a70df1787,Woolworths Supermarket,Pantry,Arnott's Shapes Chicken Crimpy 175g,384245,$2.50,$1.43 / 100G,https://www.woolworths.com.au/shop/productdetails/384245/arnott-s-shapes-chicken-crimpy,https://cdn0.woolworths.media/content/wowproductimages/medium/384245.jpg,2020-09-21 17:27:05,,0,,True
8536ab1e-3e04-4c42-851c-a5123d655c75,Woolworths Supermarket,Pantry,Sunbites Grain Waves Sour Cream & Chives 5 pack,720220,$3.10,$2.82 / 100G,https://www.woolworths.com.au/shop/productdetails/720220/sunbites-grain-waves-sour-cream-chives,https://cdn0.woolworths.media/content/wowproductimages/medium/720220.jpg,2020-09-21 17:27:05,,0,2 for $5.00,True
ae6cd8a5-6c16-41fd-8034-89d682f719ba,Woolworths Supermarket,Pantry,Indomie Mi Goreng Instant Noodles 5pk 425g,177972,$2.75,$0.65 / 100G,https://www.woolworths.com.au/shop/productdetails/177972/indomie-mi-goreng-instant-noodles,https://cdn0.woolworths.media/content/wowproductimages/medium/177972.jpg,2020-09-21 17:27:05,,0,,True
52c6fa6e-4bdc-44fb-b13a-d9f95a8636ef,Woolworths Supermarket,Pantry,Mckenzie's Rice Flour 375g,094275,$1.50,$4.00 / 1KG,https://www.woolworths.com.au/shop/productdetails/94275/mckenzie-s-rice-flour,https://cdn0.woolworths.media/content/wowproductimages/medium/094275.jpg,2020-09-21 17:27:05,,0,,True
e5d22d2c-b229-4a05-88b6-11d9b9dd648a,Woolworths Supermarket,Pantry,Fantastic Rice Crackers Original 100g,035231,$1.50,$1.50 / 100G,https://www.woolworths.com.au/shop/productdetails/35231/fantastic-rice-crackers-original,https://cdn0.woolworths.media/content/wowproductimages/medium/035231.jpg,2020-09-21 17:27:05,,0,,True
e85658f6-3ec6-4d4a-a679-8fd62dfa0177,Woolworths Supermarket,Pantry,Mckenzie's Himalayan Salt Rock Pink 400g,749926,$5.95,$0.15 / 10G,https://www.woolworths.com.au/shop/productdetails/749926/mckenzie-s-himalayan-salt-rock-pink,https://cdn0.woolworths.media/content/wowproductimages/medium/749926.jpg,2020-09-21 17:27:05,,0,,True
002ad0f0-8233-4628-beae-5979c681b13d,Woolworths Supermarket,Pantry,Ritz Crackers Original 300g,660562,$2.50,$0.83 / 100G,https://www.woolworths.com.au/shop/productdetails/660562/ritz-crackers-original,https://cdn0.woolworths.media/content/wowproductimages/medium/660562.jpg,2020-09-21 17:27:05,,0,,True
34c56883-3ab9-4e7e-996e-22a394df678b,Woolworths Supermarket,Pantry,Cadbury Fry's Turkish Delight 55g bar,098390,$1.00,$1.82 / 100G,https://www.woolworths.com.au/shop/productdetails/98390/cadbury-fry-s-turkish-delight,https://cdn0.woolworths.media/content/wowproductimages/medium/098390.jpg,2020-09-21 17:27:05,,0,,True
6df6e25b-1865-4cb6-ae89-4934fb0e2683,Woolworths Supermarket,Pantry,Ardmona Tomatoes Diced No Added Salt 400g,226849,$1.40,$3.50 / 1KG,https://www.woolworths.com.au/shop/productdetails/226849/ardmona-tomatoes-diced-no-added-salt,https://cdn0.woolworths.media/content/wowproductimages/medium/226849.jpg,2020-09-21 17:27:05,,0,,True
08e7376f-6c86-4bdd-b9a5-15350be9e5ba,Woolworths Supermarket,Pantry,Macro Organic Quinoa Tri Colour 500g,717631,$7.00,$1.40 / 100G,https://www.woolworths.com.au/shop/productdetails/717631/macro-organic-quinoa-tri-colour,https://cdn0.woolworths.media/content/wowproductimages/medium/717631.jpg,2020-09-21 17:27:05,Average product rating out of 5: 4.6. Product score is based on 274 ratings,274,Was $9.99 09/01/2017,True
b2519aac-84cf-43a3-84a2-5c498b34c07a,Woolworths Supermarket,Pantry,Masterfoods Barbecue Sauce 500ml,099696,$2.50,$0.50 / 100ML,https://www.woolworths.com.au/shop/productdetails/99696/masterfoods-barbecue-sauce,https://cdn0.woolworths.media/content/wowproductimages/medium/099696.jpg,2020-09-21 17:27:05,,0,,True
b5ba3fea-4d18-4286-9bfe-f9b4c8c6b7a0,Woolworths Supermarket,Pantry,Arnott's Monte Carlo 250g,036031,$3.00,$1.20 / 100G,https://www.woolworths.com.au/shop/productdetails/36031/arnott-s-monte-carlo,https://cdn0.woolworths.media/content/wowproductimages/medium/036031.jpg,2020-09-21 17:27:05,,0,,True
ed8d41b1-3bee-492c-b44a-4ba018c65d32,Woolworths Supermarket,Pantry,Essentials Pasta Penne 500g,188800,$0.80,$0.16 / 100G,https://www.woolworths.com.au/shop/productdetails/188800/essentials-pasta-penne,https://cdn0.woolworths.media/content/wowproductimages/medium/188800.jpg,2020-09-21 17:27:05,,0,,True
d4a79ff9-f94e-4eb0-98fd-aeb05aed077d,Woolworths Supermarket,Pantry,Essentials Raw Sugar 2kg,018174,$2.10,$0.11 / 100G,https://www.woolworths.com.au/shop/productdetails/18174/essentials-raw-sugar,https://cdn0.woolworths.media/content/wowproductimages/medium/018174.jpg,2020-09-21 17:27:05,,0,,True
2e9c6d2b-d539-4353-bee9-7f1f687215e5,Woolworths Supermarket,Pantry,Heinz Canned Soup Big Red Tomato 420g,034331,$2.20,$0.52 / 100G,https://www.woolworths.com.au/shop/productdetails/34331/heinz-canned-soup-big-red-tomato,https://cdn0.woolworths.media/content/wowproductimages/medium/034331.jpg,2020-09-21 17:27:05,,0,,True
92031ae9-712b-4c85-ba7c-922c77d7e4c1,Woolworths Supermarket,Pantry,Cadbury Dairy Milk Chocolate Fair Trade 350g,757883,$5.00,$1.43 / 100G,https://www.woolworths.com.au/shop/productdetails/757883/cadbury-dairy-milk-chocolate-fair-trade,https://cdn0.woolworths.media/content/wowproductimages/medium/757883.jpg,2020-09-21 17:27:05,,0,Was $6.30 16/01/2017,True
8f890fc2-702d-418c-b7f0-6960009c6940,Woolworths Supermarket,Pantry,Woolworths Rolled Traditional Oats 750g,321220,$1.40,$0.19 / 100G,https://www.woolworths.com.au/shop/productdetails/321220/woolworths-rolled-traditional-oats,https://cdn0.woolworths.media/content/wowproductimages/medium/321220.jpg,2020-09-21 17:27:05,Average product rating out of 5: 4.6. Product score is based on 748 ratings,748,,True
4c1c40f2-588d-4503-9a93-ab2b12edfcf0,Woolworths Supermarket,Pantry,Continental Cup A Soup Creamy Chicken With Lots Of Noodles 2 pack,026649,$2.00,$3.33 / 100G,https://www.woolworths.com.au/shop/productdetails/26649/continental-cup-a-soup-creamy-chicken-with-lots-of-noodles,https://cdn0.woolworths.media/content/wowproductimages/medium/026649.jpg,2020-09-21 17:27:05,,0,,True
345c9e02-4897-49d4-9ba0-e217a90e7911,Woolworths Supermarket,Pantry,Woolworths Diced Italian Tomatoes No Added Salt 400g,770320,$0.80,$2.00 / 1KG,https://www.woolworths.com.au/shop/productdetails/770320/woolworths-diced-italian-tomatoes-no-added-salt,https://cdn0.woolworths.media/content/wowproductimages/medium/770320.jpg,2020-09-21 17:27:05,Average product rating out of 5: 4.7. Product score is based on 311 ratings,311,,True
f47c6def-0f81-4292-b918-22b6c2c209f3,Woolworths Supermarket,Pantry,Sunbites Grain Waves Sour Cream & Chives 170g,082361,$3.50,$2.06 / 100G,https://www.woolworths.com.au/shop/productdetails/82361/sunbites-grain-waves-sour-cream-chives,https://cdn0.woolworths.media/content/wowproductimages/medium/082361.jpg,2020-09-21 17:27:05,,0,,True
8a8bc7c4-b9f9-4d28-a9e6-c22656e4aeb5,Woolworths Supermarket,Pantry,Old El Paso Gluten Free Soft Taco Kit 418g,680455,$7.00,$1.67 / 100G,https://www.woolworths.com.au/shop/productdetails/680455/old-el-paso-gluten-free-soft-taco-kit,https://cdn0.woolworths.media/content/wowproductimages/medium/680455.jpg,2020-09-21 17:27:05,,0,,True
44cf8df9-2518-4bdf-871d-26fd3f7d7c28,Woolworths Supermarket,Pantry,Old El Paso Gluten Free Tortilla 216g,680471,$4.45,$2.06 / 100G,https://www.woolworths.com.au/shop/productdetails/680471/old-el-paso-gluten-free-tortilla,https://cdn0.woolworths.media/content/wowproductimages/medium/680471.jpg,2020-09-21 17:27:05,,0,,True
7c71c441-f81f-4820-a3f6-dd4e95ae65ca,Woolworths Supermarket,Pantry,Capilano Honey Pail 1kg,680476,$15.00,$1.50 / 100G,https://www.woolworths.com.au/shop/productdetails/680476/capilano-honey-pail,https://cdn0.woolworths.media/content/wowproductimages/medium/680476.jpg,2020-09-21 17:27:05,,0,,True
11df5141-6c92-4bdb-b42e-51259d874bc5,Woolworths Supermarket,Pantry,Mission Yellow Corn Tortilla Strips 230g,680480,$2.75,$1.20 / 100G,https://www.woolworths.com.au/shop/productdetails/680480/mission-yellow-corn-tortilla-strips,https://cdn0.woolworths.media/content/wowproductimages/medium/680480.jpg,2020-09-21 17:27:05,,0,,True
af204109-8dda-494d-ad05-aa7665210021,Woolworths Supermarket,Pantry,Woolworths Crushed Ginger 230g,680510,$2.80,$0.12 / 10G,https://www.woolworths.com.au/shop/productdetails/680510/woolworths-crushed-ginger,https://cdn0.woolworths.media/content/wowproductimages/medium/680510.jpg,2020-09-21 17:27:05,Average product rating out of 5: 4.5. Product score is based on 23 ratings,23,,True
299931f6-e2dc-4ef3-8293-b84e7589a677,Woolworths Supermarket,Pantry,Woolworths Crushed Chilli 230g,680511,$2.80,$0.12 / 10G,https://www.woolworths.com.au/shop/productdetails/680511/woolworths-crushed-chilli,https://cdn0.woolworths.media/content/wowproductimages/medium/680511.jpg,2020-09-21 17:27:05,Average product rating out of 5: 3.2. Product score is based on 9 ratings,9,,True
0be41ea6-a3ef-486f-9502-43fb7ac1b916,Woolworths Supermarket,Pantry,Woolworths Coconut Oil Spray 225g,680573,$4.00,$1.78 / 100G,https://www.woolworths.com.au/shop/productdetails/680573/woolworths-coconut-oil-spray,https://cdn0.woolworths.media/content/wowproductimages/medium/680573.jpg,2020-09-21 17:27:05,,0,,True
712bba97-f59a-4d5f-83f1-b1522b319d56,Woolworths Supermarket,Pantry,Leggos Pasta Bake With Three Cheese 500g,680702,$3.00,$0.60 / 100G,https://www.woolworths.com.au/shop/productdetails/680702/leggos-pasta-bake-with-three-cheese,https://cdn0.woolworths.media/content/wowproductimages/medium/680702.jpg,2020-09-21 17:27:05,,0,Was $3.79 10/10/16,True
765ff0f1-8376-400f-87cd-848de5c34d5d,Woolworths Supermarket,Pantry,Green's Brownie Break Double Chocolate Fudge 75g,680716,$2.00,$2.67 / 100G,https://www.woolworths.com.au/shop/productdetails/680716/green-s-brownie-break-double-chocolate-fudge,https://cdn0.woolworths.media/content/wowproductimages/medium/680716.jpg,2020-09-21 17:27:05,,0,,True
edf3d8ff-c44e-4894-aebf-f53644e3cdb1,Woolworths Supermarket,Pantry,Green's Cookie Break Choc Chip Cookie Dough 75g,680717,$2.00,$2.67 / 100G,https://www.woolworths.com.au/shop/productdetails/680717/green-s-cookie-break-choc-chip-cookie-dough,https://cdn0.woolworths.media/content/wowproductimages/medium/680717.jpg,2020-09-21 17:27:05,,0,,True
288c357b-bfac-4606-8c47-779c8b74dd06,Woolworths Supermarket,Pantry,Mama Pho Tom Yum Noodle Bowl 70g,680786,$3.65,$5.21 / 100G,https://www.woolworths.com.au/shop/productdetails/680786/mama-pho-tom-yum-noodle-bowl,https://cdn0.woolworths.media/content/wowproductimages/medium/680786.jpg,2020-09-21 17:27:05,,0,,True
451bb6cc-1a4f-4619-aaf2-17c7ffbb002c,Woolworths Supermarket,Pantry,Mr Squid Shredded Squid 65g,680799,$4.70,$7.23 / 100G,https://www.woolworths.com.au/shop/productdetails/680799/mr-squid-shredded-squid,https://cdn0.woolworths.media/content/wowproductimages/medium/680799.jpg,2020-09-21 17:27:05,,0,,True
85a62ed3-7703-4a7d-bef7-3b8d14cd6ebb,Woolworths Supermarket,Pantry,Betty Crocker Chocolate Frosting 400g,680956,$4.00,$1.00 / 100G,https://www.woolworths.com.au/shop/productdetails/680956/betty-crocker-chocolate-frosting,https://cdn0.woolworths.media/content/wowproductimages/medium/680956.jpg,2020-09-21 17:27:05,,0,,True
463bcfa4-6547-4b79-96ac-367b78464640,Woolworths Supermarket,Pantry,Betty Crocker Vanilla Frosting 400g,680971,$4.00,$1.00 / 100G,https://www.woolworths.com.au/shop/productdetails/680971/betty-crocker-vanilla-frosting,https://cdn0.woolworths.media/content/wowproductimages/medium/680971.jpg,2020-09-21 17:27:05,,0,,True
214800f5-6d45-4b53-b7e1-8b295cc82654,Woolworths Supermarket,Pantry,Betty Crocker Strawberry Frosting 400g,680973,$4.00,$1.00 / 100G,https://www.woolworths.com.au/shop/productdetails/680973/betty-crocker-strawberry-frosting,https://cdn0.woolworths.media/content/wowproductimages/medium/680973.jpg,2020-09-21 17:27:05,,0,,True
4e0bbbb5-409c-421f-b8ea-c33695db8c6f,Woolworths Supermarket,Pantry,Noshu 99% Sugar Free Cake Mix Rich Chocolate 540g,680980,$8.00,$1.48 / 100G,https://www.woolworths.com.au/shop/productdetails/680980/noshu-99-sugar-free-cake-mix-rich-chocolate,https://cdn0.woolworths.media/content/wowproductimages/medium/680980.jpg,2020-09-21 17:27:05,,0,,True
1b15d38e-b2de-4e22-a7b5-c4eff9cc9123,Woolworths Supermarket,Pantry,Waimete Honey Honey Manuka Mgo 30 Plus 250g,681010,$8.00,$3.20 / 100G,https://www.woolworths.com.au/shop/productdetails/681010/waimete-honey-honey-manuka-mgo-30-plus,https://cdn0.woolworths.media/content/wowproductimages/medium/681010.jpg,2020-09-21 17:27:05,,0,,True
1b41a9c1-70ae-41f1-a1cd-43a97e2b536d,Woolworths Supermarket,Pantry,Barilla Pesto With Basil & Rocket 190g,681782,$4.00,$2.11 / 100G,https://www.woolworths.com.au/shop/productdetails/681782/barilla-pesto-with-basil-rocket,https://cdn0.woolworths.media/content/wowproductimages/medium/681782.jpg,2020-09-21 17:27:05,,0,,True
d10a2594-73dd-4512-81d8-28d3586a7530,Woolworths Supermarket,Pantry,Allen's Red Skins Family Bag Lollies 330g,682191,$5.00,$1.52 / 100G,https://www.woolworths.com.au/shop/productdetails/682191/allen-s-red-skins-family-bag-lollies,https://cdn0.woolworths.media/content/wowproductimages/medium/682191.jpg,2020-09-21 17:27:05,,0,2 for $8.00,True
f81a2604-f47e-4c51-ad32-621f62ec70a0,Woolworths Supermarket,Pantry,White Wings Donut Bites 250g,682304,$4.00,$1.60 / 100G,https://www.woolworths.com.au/shop/productdetails/682304/white-wings-donut-bites,https://cdn0.woolworths.media/content/wowproductimages/medium/682304.jpg,2020-09-21 17:27:05,,0,Was $5.00 31/10/16,True
7be9d01c-3942-4134-87e7-f1df3b3575e1,Woolworths Supermarket,Pantry,White Wings Cake In A Cup Butterscotch Brownie 220g,682306,$5.00,$2.27 / 100G,https://www.woolworths.com.au/shop/productdetails/682306/white-wings-cake-in-a-cup-butterscotch-brownie,https://cdn0.woolworths.media/content/wowproductimages/medium/682306.jpg,2020-09-21 17:27:05,,0,,True
948e50ef-1625-4889-b2aa-00e695861918,Woolworths Supermarket,Pantry,Ottogi Korean Bbq Bulgogi 240g,682514,$3.50,$1.46 / 100G,https://www.woolworths.com.au/shop/productdetails/682514/ottogi-korean-bbq-bulgogi,https://cdn0.woolworths.media/content/wowproductimages/medium/682514.jpg,2020-09-21 17:27:05,,0,,True
ff311849-dd34-419c-9d4c-ea79f72450a0,Woolworths Supermarket,Pantry,S&b Curry Mix Golden Medium Hot 92g,682519,$3.80,$4.13 / 100G,https://www.woolworths.com.au/shop/productdetails/682519/s-b-curry-mix-golden-medium-hot,https://cdn0.woolworths.media/content/wowproductimages/medium/682519.jpg,2020-09-21 17:27:05,,0,,True
67f2fd03-b84e-4c4e-80f6-25a5866d69e1,Woolworths Supermarket,Pantry,Ottogi Korean Bbq Kalbi Sauce & Marinade 240g,682522,$3.50,$1.46 / 100G,https://www.woolworths.com.au/shop/productdetails/682522/ottogi-korean-bbq-kalbi-sauce-marinade,https://cdn0.woolworths.media/content/wowproductimages/medium/682522.jpg,2020-09-21 17:27:05,,0,,True
73faecdc-c9b2-440a-b087-d2ef8a3ecace,Woolworths Supermarket,Pantry,Sunbites Grain Waves Sour Cream & Chives 5 pack,720220,$3.10,$2.82 / 100G,https://www.woolworths.com.au/shop/productdetails/720220/sunbites-grain-waves-sour-cream-chives,https://cdn0.woolworths.media/content/wowproductimages/medium/720220.jpg,2020-09-21 17:27:05,,0,2 for $5.00,True
04a351a3-e92f-4246-a884-19f876e9f818,Woolworths Supermarket,Pantry,Cobram Estate Extra Virgin Light Olive Oil 750ml,345955,$15.00,$2.00 / 100ML,https://www.woolworths.com.au/shop/productdetails/345955/cobram-estate-extra-virgin-light-olive-oil,https://cdn0.woolworths.media/content/wowproductimages/medium/345955.jpg,2020-09-21 17:27:05,,0,,True
b254625f-9d00-4549-aff0-36b110ebd89c,Woolworths Supermarket,Pantry,Mckenzie's Himalayan Salt Rock Pink 400g,749926,$5.95,$0.15 / 10G,https://www.woolworths.com.au/shop/productdetails/749926/mckenzie-s-himalayan-salt-rock-pink,https://cdn0.woolworths.media/content/wowproductimages/medium/749926.jpg,2020-09-21 17:27:05,,0,,True
c9f15b19-6f0e-4b61-880d-beca7b8c3a46,Woolworths Supermarket,Pantry,Bertolli Extra Virgin Olive Oil Originale 750ml,502951,$6.50,$0.87 / 100ML,https://www.woolworths.com.au/shop/productdetails/502951/bertolli-extra-virgin-olive-oil-originale,https://cdn0.woolworths.media/content/wowproductimages/medium/502951.jpg,2020-09-21 17:27:05,,0,,True
2e290ac5-7cca-4c7d-8228-002d3c0e2da4,Woolworths Supermarket,Pantry,Nescafe Blend 43 Soluble Instant Coffee 500g,035694,$20.00,$4.00 / 100G,https://www.woolworths.com.au/shop/productdetails/35694/nescafe-blend-43-soluble-instant-coffee,https://cdn0.woolworths.media/content/wowproductimages/medium/035694.jpg,2020-09-21 17:27:05,,0,,True
adb6ae52-6d6e-4c45-be5f-3b80b59b3d13,Woolworths Supermarket,Pantry,Beechworth Pure Honey 1.5kg,250371,$22.00,$1.47 / 100G,https://www.woolworths.com.au/shop/productdetails/250371/beechworth-pure-honey,https://cdn0.woolworths.media/content/wowproductimages/medium/250371.jpg,2020-09-21 17:27:05,,0,,True
b588f1ee-bf58-4c0d-b8e5-977aca1a5449,Woolworths Supermarket,Pantry,Vege Chips Chicken Style 100g,793382,$3.80,$3.80 / 100G,https://www.woolworths.com.au/shop/productdetails/793382/vege-chips-chicken-style,https://cdn0.woolworths.media/content/wowproductimages/medium/793382.jpg,2020-09-21 17:27:05,Average product rating out of 5: 4.7. Product score is based on 20 ratings,20,,True
a7352aae-a464-407e-bff6-5bfedd3f2db6,Woolworths Supermarket,Pantry,Woolworths White Rice Long Grain 5kg,072779,$6.70,$0.13 / 100G,https://www.woolworths.com.au/shop/productdetails/72779/woolworths-white-rice-long-grain,https://cdn0.woolworths.media/content/wowproductimages/medium/072779.jpg,2020-09-21 17:27:05,Average product rating out of 5: 4.8. Product score is based on 14 ratings,14,,True
b9203749-22c9-469c-9c65-d84a5fb2c24c,Woolworths Supermarket,Pantry,Arnott's Monte Carlo 250g,036031,$3.00,$1.20 / 100G,https://www.woolworths.com.au/shop/productdetails/36031/arnott-s-monte-carlo,https://cdn0.woolworths.media/content/wowproductimages/medium/036031.jpg,2020-09-21 17:27:05,,0,,True
5f2012b2-76a7-48d4-8649-319829c77f8b,Woolworths Supermarket,Pantry,Macro Organic Quinoa Tri Colour 500g,717631,$7.00,$1.40 / 100G,https://www.woolworths.com.au/shop/productdetails/717631/macro-organic-quinoa-tri-colour,https://cdn0.woolworths.media/content/wowproductimages/medium/717631.jpg,2020-09-21 17:27:05,Average product rating out of 5: 4.6. Product score is based on 274 ratings,274,Was $9.99 09/01/2017,True
d22eb0e0-636f-414d-bf73-e55527e9166c,Woolworths Supermarket,Pantry,Woolworths Almond Meal 400g,610610,$7.50,$18.75 / 1KG,https://www.woolworths.com.au/shop/productdetails/610610/woolworths-almond-meal,https://cdn0.woolworths.media/content/wowproductimages/medium/610610.jpg,2020-09-21 17:27:05,Average product rating out of 5: 4.6. Product score is based on 326 ratings,326,Was $9.00 22/07/2020,True
74fe5a46-1c97-49ce-9daf-7ed702660ba4,Woolworths Supermarket,Pantry,Moccona Freeze Dried Instant Coffee Classic Medium Roast 400g,208575,$24.00,$6.00 / 100G,https://www.woolworths.com.au/shop/productdetails/208575/moccona-freeze-dried-instant-coffee-classic-medium-roast,https://cdn0.woolworths.media/content/wowproductimages/medium/208575.jpg,2020-09-21 17:27:05,,0,,True
45976041-1a61-47c9-a890-ed596819e8e2,Woolworths Supermarket,Pantry,Woolworths Diced Italian Tomatoes No Added Salt 400g,770320,$0.80,$2.00 / 1KG,https://www.woolworths.com.au/shop/productdetails/770320/woolworths-diced-italian-tomatoes-no-added-salt,https://cdn0.woolworths.media/content/wowproductimages/medium/770320.jpg,2020-09-21 17:27:05,Average product rating out of 5: 4.7. Product score is based on 311 ratings,311,,True
02648118-b480-485b-921c-39cbe661cb6b,Woolworths Supermarket,Pantry,Queen Organic Vanilla Bean Paste 65g,225399,$11.80,$18.15 / 100G,https://www.woolworths.com.au/shop/productdetails/225399/queen-organic-vanilla-bean-paste,https://cdn0.woolworths.media/content/wowproductimages/medium/225399.jpg,2020-09-21 17:27:05,,0,,True
b38393f6-41b1-440a-aea4-a51c641840ee,Woolworths Supermarket,Pantry,Continental Cup A Soup Creamy Chicken With Lots Of Noodles 2 pack,026649,$2.00,$3.33 / 100G,https://www.woolworths.com.au/shop/productdetails/26649/continental-cup-a-soup-creamy-chicken-with-lots-of-noodles,https://cdn0.woolworths.media/content/wowproductimages/medium/026649.jpg,2020-09-21 17:27:05,,0,,True
5bbfccbd-f302-433b-a31a-4560ad832809,Woolworths Supermarket,Pantry,Cadbury Dairy Milk Chocolate Fair Trade 350g,757883,$5.00,$1.43 / 100G,https://www.woolworths.com.au/shop/productdetails/757883/cadbury-dairy-milk-chocolate-fair-trade,https://cdn0.woolworths.media/content/wowproductimages/medium/757883.jpg,2020-09-21 17:27:05,,0,Was $6.30 16/01/2017,True
09549adb-daeb-45aa-9c03-a3f4bf405927,Woolworths Supermarket,Pantry,Woolworths Walnuts Kernel 500g,749540,$11.00,$22.00 / 1KG,https://www.woolworths.com.au/shop/productdetails/749540/woolworths-walnuts-kernel,https://cdn0.woolworths.media/content/wowproductimages/medium/749540.jpg,2020-09-21 17:27:05,Average product rating out of 5: 4.8. Product score is based on 360 ratings,360,,True
328cded5-1426-4c7e-84c2-9a8f75b66200,Woolworths Supermarket,Pantry,Ritz Crackers Original 300g,660562,$2.50,$0.83 / 100G,https://www.woolworths.com.au/shop/productdetails/660562/ritz-crackers-original,https://cdn0.woolworths.media/content/wowproductimages/medium/660562.jpg,2020-09-21 17:27:05,,0,,True
96f813d0-2e0b-490b-b2ea-9900a7ae254f,Woolworths Supermarket,Pantry,Sanitarium Weet-bix Breakfast Cereal 1.2kg,200695,$5.00,$0.42 / 100G,https://www.woolworths.com.au/shop/productdetails/200695/sanitarium-weet-bix-breakfast-cereal,https://cdn0.woolworths.media/content/wowproductimages/medium/200695.jpg,2020-09-21 17:27:05,,0,,True
86fb8ff1-3573-4972-9e23-b6cf2b62c07f,Woolworths Supermarket,Pantry,Woolworths Rolled Traditional Oats 750g,321220,$1.40,$0.19 / 100G,https://www.woolworths.com.au/shop/productdetails/321220/woolworths-rolled-traditional-oats,https://cdn0.woolworths.media/content/wowproductimages/medium/321220.jpg,2020-09-21 17:27:05,Average product rating out of 5: 4.6. Product score is based on 748 ratings,748,,True
82ace231-c89a-404f-ab2d-031b47dfaba6,Woolworths Supermarket,Pantry,Ottogi Gochujang 170g,682523,$2.20,$1.29 / 100G,https://www.woolworths.com.au/shop/productdetails/682523/ottogi-gochujang,https://cdn0.woolworths.media/content/wowproductimages/medium/682523.jpg,2020-09-21 17:27:05,,0,,True
14a0f62e-ec94-4640-9479-5ebf9a8cb973,Woolworths Supermarket,Pantry,S&b Golden Curry Mix Hot 92g,682528,$3.80,$4.13 / 100G,https://www.woolworths.com.au/shop/productdetails/682528/s-b-golden-curry-mix-hot,https://cdn0.woolworths.media/content/wowproductimages/medium/682528.jpg,2020-09-21 17:27:05,,0,,True
c515560e-83cd-4038-9e43-44539a21477e,Woolworths Supermarket,Pantry,Queen Limited Edition Flavour For Icing 50ml,682607,$2.00,$4.00 / 100ML,https://www.woolworths.com.au/shop/productdetails/682607/queen-limited-edition-flavour-for-icing,https://cdn0.woolworths.media/content/wowproductimages/medium/682607.jpg,2020-09-21 17:27:05,,0,,True
23e09102-8c89-409d-8d28-64aeb130ef90,Woolworths Supermarket,Pantry,Cadbury Eclairs 300g,682617,$5.00,$1.67 / 100G,https://www.woolworths.com.au/shop/productdetails/682617/cadbury-eclairs,https://cdn0.woolworths.media/content/wowproductimages/medium/682617.jpg,2020-09-21 17:27:05,,0,,True
e6f663bc-3bda-484c-af77-189932487b09,Woolworths Supermarket,Pantry,Olina's Gluten Free Sunflower Seed & Fig Cracker 100g,683003,$4.50,$4.50 / 100G,https://www.woolworths.com.au/shop/productdetails/683003/olina-s-gluten-free-sunflower-seed-fig-cracker,https://cdn0.woolworths.media/content/wowproductimages/medium/683003.jpg,2020-09-21 17:27:05,Average product rating out of 5: 4.8. Product score is based on 16 ratings,16,,True
c96cedcb-9b1c-4c36-9aa1-0f2d42ba8861,Woolworths Supermarket,Pantry,Okf Aloe Vera Pomegranate Drink 1.5l,683005,$4.50,$0.30 / 100ML,https://www.woolworths.com.au/shop/productdetails/683005/okf-aloe-vera-pomegranate-drink,https://cdn0.woolworths.media/content/wowproductimages/medium/683005.jpg,2020-09-21 17:27:05,,0,,True
cceed371-b6c2-434b-b030-fb32ace4f19b,Woolworths Supermarket,Pantry,Olina's Gluten Free Cranberry Pumpkin Cracker 100g,683027,$4.50,$4.50 / 100G,https://www.woolworths.com.au/shop/productdetails/683027/olina-s-gluten-free-cranberry-pumpkin-cracker,https://cdn0.woolworths.media/content/wowproductimages/medium/683027.jpg,2020-09-21 17:27:05,Average product rating out of 5: 4.9. Product score is based on 15 ratings,15,,True
eae04071-9629-40e7-a9c5-cfa2a4101061,Woolworths Supermarket,Pantry,Okf Aloe Vera Drink 1.5l,683029,$4.50,$0.30 / 100ML,https://www.woolworths.com.au/shop/productdetails/683029/okf-aloe-vera-drink,https://cdn0.woolworths.media/content/wowproductimages/medium/683029.jpg,2020-09-21 17:27:05,,0,,True
66dde50b-5a1e-4a29-9e5b-4a599ed5b466,Woolworths Supermarket,Pantry,Ayam Vietnamese Pho Paste 185g,683081,$3.50,$1.89 / 100G,https://www.woolworths.com.au/shop/productdetails/683081/ayam-vietnamese-pho-paste,https://cdn0.woolworths.media/content/wowproductimages/medium/683081.jpg,2020-09-21 17:27:05,,0,,True
89c35ec6-da22-45e0-a54a-084a20073ff8,Woolworths Supermarket,Pantry,Ayam Vegetarian Oyster Sauce 210ml,683100,$3.50,$1.67 / 100ML,https://www.woolworths.com.au/shop/productdetails/683100/ayam-vegetarian-oyster-sauce,https://cdn0.woolworths.media/content/wowproductimages/medium/683100.jpg,2020-09-21 17:27:05,,0,,True
7a6339ad-709a-4b7a-b545-7f6b91ab8035,Woolworths Supermarket,Pantry,Ayam Dark Soy 210ml,683101,$3.20,$1.52 / 100ML,https://www.woolworths.com.au/shop/productdetails/683101/ayam-dark-soy,https://cdn0.woolworths.media/content/wowproductimages/medium/683101.jpg,2020-09-21 17:27:05,,0,,True
86d318ff-d897-4c3c-b6e1-4fb5797c1837,Woolworths Supermarket,Pantry,Ayam Kecap Manis Sweet Soy Sauce 210ml,683102,$3.20,$1.52 / 100ML,https://www.woolworths.com.au/shop/productdetails/683102/ayam-kecap-manis-sweet-soy-sauce,https://cdn0.woolworths.media/content/wowproductimages/medium/683102.jpg,2020-09-21 17:27:05,,0,,True
4dae0f3e-cbff-4ae0-beff-519dca89bd44,Woolworths Supermarket,Pantry,Heinz Smokey Barbeque Sauce 500ml,683110,$3.20,$0.64 / 100ML,https://www.woolworths.com.au/shop/productdetails/683110/heinz-smokey-barbeque-sauce,https://cdn0.woolworths.media/content/wowproductimages/medium/683110.jpg,2020-09-21 17:27:05,,0,,True
3c5cc298-c764-4072-8b46-706dd7368da6,Woolworths Supermarket,Pantry,Doritos Crackers Cheese Supreme 160g,683682,$2.00,$1.25 / 100G,https://www.woolworths.com.au/shop/productdetails/683682/doritos-crackers-cheese-supreme,https://cdn0.woolworths.media/content/wowproductimages/medium/683682.jpg,2020-09-21 17:27:05,,0,Was $3.50 20/07/2020,True
f871a8c7-2001-46c7-81ba-8e110d37050f,Woolworths Supermarket,Pantry,Dole Tropical Fruit Chunks In Juice 400g,683792,$2.50,$0.63 / 100G,https://www.woolworths.com.au/shop/productdetails/683792/dole-tropical-fruit-chunks-in-juice,https://cdn0.woolworths.media/content/wowproductimages/medium/683792.jpg,2020-09-21 17:27:05,,0,,True
fe36f5da-4cd3-4e49-a175-49ca96a700a8,Woolworths Supermarket,Pantry,Dole Tropical Gold Pineapple Pieces In Juice 400g,683794,$2.50,$0.63 / 100G,https://www.woolworths.com.au/shop/productdetails/683794/dole-tropical-gold-pineapple-pieces-in-juice,https://cdn0.woolworths.media/content/wowproductimages/medium/683794.jpg,2020-09-21 17:27:05,,0,,True
9ce77ac6-cb5e-4082-898a-fa2f0fb262a4,Woolworths Supermarket,Pantry,Dole Tropical Gold Pineapple Chunks In Juice 400g,683968,$2.50,$0.63 / 100G,https://www.woolworths.com.au/shop/productdetails/683968/dole-tropical-gold-pineapple-chunks-in-juice,https://cdn0.woolworths.media/content/wowproductimages/medium/683968.jpg,2020-09-21 17:27:05,,0,,True
6b5511c4-0531-4c25-afc5-db3e9503e67d,Woolworths Supermarket,Pantry,Macro Organic Light Coconut Cream 400ml,684031,$2.50,$0.63 / 100ML,https://www.woolworths.com.au/shop/productdetails/684031/macro-organic-light-coconut-cream,https://cdn0.woolworths.media/content/wowproductimages/medium/684031.jpg,2020-09-21 17:27:05,,0,,True
7a628c02-f722-4f2c-8fbb-bfdb2f9ec0da,Woolworths Supermarket,Pantry,Macro Organic Light Coconut Milk 400ml,684033,$2.50,$0.63 / 100ML,https://www.woolworths.com.au/shop/productdetails/684033/macro-organic-light-coconut-milk,https://cdn0.woolworths.media/content/wowproductimages/medium/684033.jpg,2020-09-21 17:27:05,,0,,True
5f7f78b1-e75c-4319-8507-33a8e9793697,Woolworths Supermarket,Pantry,Macro Organic Coconut Milk 400ml,684034,$2.50,$0.63 / 100ML,https://www.woolworths.com.au/shop/productdetails/684034/macro-organic-coconut-milk,https://cdn0.woolworths.media/content/wowproductimages/medium/684034.jpg,2020-09-21 17:27:05,,0,,True
d349fcff-0b7d-4c2f-851d-f6c473f92134,Woolworths Supermarket,Pantry,Forbidden Foods Brekky Black Rice & Coconut 125g,684083,$3.50,$2.80 / 100G,https://www.woolworths.com.au/shop/productdetails/684083/forbidden-foods-brekky-black-rice-coconut,https://cdn0.woolworths.media/content/wowproductimages/medium/684083.jpg,2020-09-21 17:27:05,Average product rating out of 5: 3.7. Product score is based on 6 ratings,6,,True
fa2531dc-a207-4001-bd62-6a77551ae851,Woolworths Supermarket,Pantry,Tasti Smooshed Peanut Butter Caramel 207g,684165,$6.50,$3.14 / 100G,https://www.woolworths.com.au/shop/productdetails/684165/tasti-smooshed-peanut-butter-caramel,https://cdn0.woolworths.media/content/wowproductimages/medium/684165.jpg,2020-09-21 17:27:05,Average product rating out of 5: 5.0. Product score is based on 12 ratings,12,Was $7.00 01/10/2018,True
7943ce9f-4917-4e96-b4b4-ad5d6a5d6bc4,Woolworths Supermarket,Pantry,Tasti Smooshed Berry Cashew Cacao 207g,684167,$6.50,$3.14 / 100G,https://www.woolworths.com.au/shop/productdetails/684167/tasti-smooshed-berry-cashew-cacao,https://cdn0.woolworths.media/content/wowproductimages/medium/684167.jpg,2020-09-21 17:27:05,Average product rating out of 5: 4.9. Product score is based on 26 ratings,26,Was $7.00 01/10/2018,True
25239266-3566-4e7b-ac64-4bff3532f890,Woolworths Supermarket,Pantry,Well Naturally No Sugar Added Milk Choc Coconut 90g,684194,$3.50,$3.89 / 100G,https://www.woolworths.com.au/shop/productdetails/684194/well-naturally-no-sugar-added-milk-choc-coconut,https://cdn0.woolworths.media/content/wowproductimages/medium/684194.jpg,2020-09-21 17:27:05,Average product rating out of 5: 4.7. Product score is based on 23 ratings,23,,True
7e6e20b9-fccd-4a29-8ec3-1dcbc5b0dcb2,Woolworths Supermarket,Pantry,Arnott's Shapes Chicken Crimpy 175g,384245,$2.50,$1.43 / 100G,https://www.woolworths.com.au/shop/productdetails/384245/arnott-s-shapes-chicken-crimpy,https://cdn0.woolworths.media/content/wowproductimages/medium/384245.jpg,2020-09-21 17:27:05,,0,,True
be5b9f46-aa2a-4165-8f3b-d98edacd4673,Woolworths Supermarket,Pantry,Macro Organic Quinoa Tri Colour 500g,717631,$7.00,$1.40 / 100G,https://www.woolworths.com.au/shop/productdetails/717631/macro-organic-quinoa-tri-colour,https://cdn0.woolworths.media/content/wowproductimages/medium/717631.jpg,2020-09-21 17:27:05,Average product rating out of 5: 4.6. Product score is based on 274 ratings,274,Was $9.99 09/01/2017,True
ad8bd3c9-1331-44c7-851b-0f79d2d84220,Woolworths Supermarket,Pantry,Sunbites Grain Waves Sour Cream & Chives 170g,082361,$3.50,$2.06 / 100G,https://www.woolworths.com.au/shop/productdetails/82361/sunbites-grain-waves-sour-cream-chives,https://cdn0.woolworths.media/content/wowproductimages/medium/082361.jpg,2020-09-21 17:27:05,,0,,True
e9faee93-cfa2-41f5-ae69-7c812988f808,Woolworths Supermarket,Pantry,Fantastic Rice Crackers Original 100g,035231,$1.50,$1.50 / 100G,https://www.woolworths.com.au/shop/productdetails/35231/fantastic-rice-crackers-original,https://cdn0.woolworths.media/content/wowproductimages/medium/035231.jpg,2020-09-21 17:27:05,,0,,True
9b2585b8-c9b5-4a72-9401-4c247394bd10,Woolworths Supermarket,Pantry,Cadbury Dairy Milk Chocolate Fair Trade 350g,757883,$5.00,$1.43 / 100G,https://www.woolworths.com.au/shop/productdetails/757883/cadbury-dairy-milk-chocolate-fair-trade,https://cdn0.woolworths.media/content/wowproductimages/medium/757883.jpg,2020-09-21 17:27:05,,0,Was $6.30 16/01/2017,True
1453e081-71c2-456e-adc4-d0d5aa515171,Woolworths Supermarket,Pantry,Essentials Raw Sugar 2kg,018174,$2.10,$0.11 / 100G,https://www.woolworths.com.au/shop/productdetails/18174/essentials-raw-sugar,https://cdn0.woolworths.media/content/wowproductimages/medium/018174.jpg,2020-09-21 17:27:05,,0,,True
19efa3c5-1702-4eb0-aef9-b40bc5b59daf,Woolworths Supermarket,Pantry,Ritz Crackers Original 300g,660562,$2.50,$0.83 / 100G,https://www.woolworths.com.au/shop/productdetails/660562/ritz-crackers-original,https://cdn0.woolworths.media/content/wowproductimages/medium/660562.jpg,2020-09-21 17:27:05,,0,,True
bc10b4c1-53b7-4182-a7af-89ba53c655ea,Woolworths Supermarket,Pantry,Ardmona Tomatoes Diced No Added Salt 400g,226849,$1.40,$3.50 / 1KG,https://www.woolworths.com.au/shop/productdetails/226849/ardmona-tomatoes-diced-no-added-salt,https://cdn0.woolworths.media/content/wowproductimages/medium/226849.jpg,2020-09-21 17:27:05,,0,,True
f21138d0-2d1a-4f7c-b2f2-5d86c4ce3547,Woolworths Supermarket,Pantry,Masterfoods Barbecue Sauce 500ml,099696,$2.50,$0.50 / 100ML,https://www.woolworths.com.au/shop/productdetails/99696/masterfoods-barbecue-sauce,https://cdn0.woolworths.media/content/wowproductimages/medium/099696.jpg,2020-09-21 17:27:05,,0,,True
66c01559-fe31-4a9a-9f37-a9cda73ce88c,Woolworths Supermarket,Pantry,Heinz Canned Soup Big Red Tomato 420g,034331,$2.20,$0.52 / 100G,https://www.woolworths.com.au/shop/productdetails/34331/heinz-canned-soup-big-red-tomato,https://cdn0.woolworths.media/content/wowproductimages/medium/034331.jpg,2020-09-21 17:27:05,,0,,True
2fd980e3-57ac-4c0b-8c4b-fd21ce528223,Woolworths Supermarket,Pantry,Sunbites Grain Waves Sour Cream & Chives 5 pack,720220,$3.10,$2.82 / 100G,https://www.woolworths.com.au/shop/productdetails/720220/sunbites-grain-waves-sour-cream-chives,https://cdn0.woolworths.media/content/wowproductimages/medium/720220.jpg,2020-09-21 17:27:05,,0,2 for $5.00,True
ff4d73f1-c936-4379-8356-2373c7433740,Woolworths Supermarket,Pantry,Continental Cup A Soup Creamy Chicken With Lots Of Noodles 2 pack,026649,$2.00,$3.33 / 100G,https://www.woolworths.com.au/shop/productdetails/26649/continental-cup-a-soup-creamy-chicken-with-lots-of-noodles,https://cdn0.woolworths.media/content/wowproductimages/medium/026649.jpg,2020-09-21 17:27:05,,0,,True
aefdfab1-a4a7-4c02-aa51-edefcefbe332,Woolworths Supermarket,Pantry,Cadbury Fry's Turkish Delight 55g bar,098390,$1.00,$1.82 / 100G,https://www.woolworths.com.au/shop/productdetails/98390/cadbury-fry-s-turkish-delight,https://cdn0.woolworths.media/content/wowproductimages/medium/098390.jpg,2020-09-21 17:27:05,,0,,True
330b0b4e-3624-453f-be24-9aeba67339cd,Woolworths Supermarket,Pantry,Woolworths Rolled Traditional Oats 750g,321220,$1.40,$0.19 / 100G,https://www.woolworths.com.au/shop/productdetails/321220/woolworths-rolled-traditional-oats,https://cdn0.woolworths.media/content/wowproductimages/medium/321220.jpg,2020-09-21 17:27:05,Average product rating out of 5: 4.6. Product score is based on 748 ratings,748,,True
e41ed569-29b6-478b-933c-a7dbe0c28a46,Woolworths Supermarket,Pantry,Mckenzie's Himalayan Salt Rock Pink 400g,749926,$5.95,$0.15 / 10G,https://www.woolworths.com.au/shop/productdetails/749926/mckenzie-s-himalayan-salt-rock-pink,https://cdn0.woolworths.media/content/wowproductimages/medium/749926.jpg,2020-09-21 17:27:05,,0,,True
f95af366-5b38-4361-b887-c06f4d6dacef,Woolworths Supermarket,Pantry,Mckenzie's Rice Flour 375g,094275,$1.50,$4.00 / 1KG,https://www.woolworths.com.au/shop/productdetails/94275/mckenzie-s-rice-flour,https://cdn0.woolworths.media/content/wowproductimages/medium/094275.jpg,2020-09-21 17:27:05,,0,,True
d13d7f3f-a4b5-4dd9-88a9-0b426c287940,Woolworths Supermarket,Pantry,Arnott's Monte Carlo 250g,036031,$3.00,$1.20 / 100G,https://www.woolworths.com.au/shop/productdetails/36031/arnott-s-monte-carlo,https://cdn0.woolworths.media/content/wowproductimages/medium/036031.jpg,2020-09-21 17:27:05,,0,,True
8a032982-e4ff-483c-bef8-ad8d0c9ed33d,Woolworths Supermarket,Pantry,Essentials Pasta Penne 500g,188800,$0.80,$0.16 / 100G,https://www.woolworths.com.au/shop/productdetails/188800/essentials-pasta-penne,https://cdn0.woolworths.media/content/wowproductimages/medium/188800.jpg,2020-09-21 17:27:05,,0,,True
a2f4f30a-7183-4f31-9701-91b4b8f91fd5,Woolworths Supermarket,Pantry,Indomie Mi Goreng Instant Noodles 5pk 425g,177972,$2.75,$0.65 / 100G,https://www.woolworths.com.au/shop/productdetails/177972/indomie-mi-goreng-instant-noodles,https://cdn0.woolworths.media/content/wowproductimages/medium/177972.jpg,2020-09-21 17:27:05,,0,,True
d66b30bd-7c56-436c-96cc-b6ac71062f78,Woolworths Supermarket,Pantry,Woolworths Diced Italian Tomatoes No Added Salt 400g,770320,$0.80,$2.00 / 1KG,https://www.woolworths.com.au/shop/productdetails/770320/woolworths-diced-italian-tomatoes-no-added-salt,https://cdn0.woolworths.media/content/wowproductimages/medium/770320.jpg,2020-09-21 17:27:05,Average product rating out of 5: 4.7. Product score is based on 311 ratings,311,,True
04190f65-f4fd-4392-b900-9bf0c8b54808,Woolworths Supermarket,Pantry,Well Naturally No Sugar Added Dark Choc Raspberry 90g,684251,$3.50,$3.89 / 100G,https://www.woolworths.com.au/shop/productdetails/684251/well-naturally-no-sugar-added-dark-choc-raspberry,https://cdn0.woolworths.media/content/wowproductimages/medium/684251.jpg,2020-09-21 17:27:05,Average product rating out of 5: 4.5. Product score is based on 11 ratings,11,,True
d72637b6-6c25-489e-a96b-f040e6618dcb,Woolworths Supermarket,Pantry,Vege Chips Yellow Sweet Potato Deli Crisps 100g,684256,$5.50,$5.50 / 100G,https://www.woolworths.com.au/shop/productdetails/684256/vege-chips-yellow-sweet-potato-deli-crisps,https://cdn0.woolworths.media/content/wowproductimages/medium/684256.jpg,2020-09-21 17:27:05,Average product rating out of 5: 4.1. Product score is based on 25 ratings,25,,True
dc65e28b-54a7-4a19-b4ab-09635ff0e8d8,Woolworths Supermarket,Pantry,Well Naturally No Sugar Added Milk Chocolate Sweet Raspberry 45g,684260,$2.00,$4.44 / 100G,https://www.woolworths.com.au/shop/productdetails/684260/well-naturally-no-sugar-added-milk-chocolate-sweet-raspberry,https://cdn0.woolworths.media/content/wowproductimages/medium/684260.jpg,2020-09-21 17:27:05,Average product rating out of 5: 5.0. Product score is based on 10 ratings,10,,True
c82184e7-4f5b-43ca-836f-068cb34a2b41,Woolworths Supermarket,Pantry,Macro Textured Vegetable Protein 200g,686546,$3.00,$1.50 / 100G,https://www.woolworths.com.au/shop/productdetails/686546/macro-textured-vegetable-protein,https://cdn0.woolworths.media/content/wowproductimages/medium/686546.jpg,2020-09-21 17:27:05,Average product rating out of 5: 3.1. Product score is based on 252 ratings,252,,True
4bd70e25-c905-410d-bc74-4b2fc1b94589,Woolworths Supermarket,Pantry,Macro Falafel Mix 200g,686548,$3.50,$1.75 / 100G,https://www.woolworths.com.au/shop/productdetails/686548/macro-falafel-mix,https://cdn0.woolworths.media/content/wowproductimages/medium/686548.jpg,2020-09-21 17:27:05,Average product rating out of 5: 3.6. Product score is based on 791 ratings,791,,True
a871a634-8c6d-4176-a51f-30496035aca8,Woolworths Supermarket,Pantry,Macro Date Syrup 400g,686549,$6.00,$1.50 / 100G,https://www.woolworths.com.au/shop/productdetails/686549/macro-date-syrup,https://cdn0.woolworths.media/content/wowproductimages/medium/686549.jpg,2020-09-21 17:27:05,Average product rating out of 5: 4.4. Product score is based on 7 ratings,7,,True
73f192a4-61ae-488c-a73f-ab8781f4274c,Woolworths Supermarket,Pantry,Jordans Granola Low Sugar Almond Hazelnut 500g,686551,$7.00,$1.40 / 100G,https://www.woolworths.com.au/shop/productdetails/686551/jordans-granola-low-sugar-almond-hazelnut,https://cdn0.woolworths.media/content/wowproductimages/medium/686551.jpg,2020-09-21 17:27:05,,0,,True
758c66bf-b438-4a20-922c-5f94c42f74e5,Woolworths Supermarket,Pantry,Nescafe Gold Short Black Espresso Instant Coffee 100g,686999,$11.00,$11.00 / 100G,https://www.woolworths.com.au/shop/productdetails/686999/nescafe-gold-short-black-espresso-instant-coffee,https://cdn0.woolworths.media/content/wowproductimages/medium/686999.jpg,2020-09-21 17:27:05,,0,,True
f5bbd3ab-893d-4eeb-8086-b526e4de9aca,Woolworths Supermarket,Pantry,Nescafe Gold Orginal Soluble Instant Coffee 100g,687035,$9.50,$9.50 / 100G,https://www.woolworths.com.au/shop/productdetails/687035/nescafe-gold-orginal-soluble-instant-coffee,https://cdn0.woolworths.media/content/wowproductimages/medium/687035.jpg,2020-09-21 17:27:05,,0,,True
77cbb6f7-5ab5-4616-bbdc-009f6bad3ac3,Woolworths Supermarket,Pantry,Nescafe Gold Intense Soluble Instant Coffee 200g,687036,$11.50,$5.75 / 100G,https://www.woolworths.com.au/shop/productdetails/687036/nescafe-gold-intense-soluble-instant-coffee,https://cdn0.woolworths.media/content/wowproductimages/medium/687036.jpg,2020-09-21 17:27:05,,0,Was $18.00 03/06/2020,True
5361a04d-e548-4256-ae80-33d537837f2e,Woolworths Supermarket,Pantry,Nescafe Gold Instant Coffee Refill Soft Sachet 320g,687038,$19.00,$5.94 / 100G,https://www.woolworths.com.au/shop/productdetails/687038/nescafe-gold-instant-coffee-refill-soft-sachet,https://cdn0.woolworths.media/content/wowproductimages/medium/687038.jpg,2020-09-21 17:27:05,,0,,True
8a31f6f8-4220-4032-9fd9-a2f01b0184b6,Woolworths Supermarket,Pantry,Nescafe Gold Orginal Soluble Instant Coffee 200g,687062,$11.50,$5.75 / 100G,https://www.woolworths.com.au/shop/productdetails/687062/nescafe-gold-orginal-soluble-instant-coffee,https://cdn0.woolworths.media/content/wowproductimages/medium/687062.jpg,2020-09-21 17:27:05,,0,Was $18.00 03/06/2020,True
5b30cc21-a7ba-4396-b2da-a735a668ecd7,Woolworths Supermarket,Pantry,Woolworths Free From Gluten Original Crackers 160g,687070,$4.00,$2.50 / 100G,https://www.woolworths.com.au/shop/productdetails/687070/woolworths-free-from-gluten-original-crackers,https://cdn0.woolworths.media/content/wowproductimages/medium/687070.jpg,2020-09-21 17:27:05,Average product rating out of 5: 4.3. Product score is based on 8 ratings,8,Was $4.50 21/01/2019,True
4df8249b-1f81-4e6f-b814-0856e117a232,Woolworths Supermarket,Pantry,Woolworths Free From Gluten Barbecue Flavoured Crackers 160g,687071,$4.00,$2.50 / 100G,https://www.woolworths.com.au/shop/productdetails/687071/woolworths-free-from-gluten-barbecue-flavoured-crackers,https://cdn0.woolworths.media/content/wowproductimages/medium/687071.jpg,2020-09-21 17:27:05,Average product rating out of 5: 3.6. Product score is based on 112 ratings,112,Was $4.50 21/01/2019,True
09de9cc6-2795-408b-acc9-54c81dd295a7,Woolworths Supermarket,Pantry,Woolworths Free From Gluten Pizza Flavoured Crackers 160g,687072,$4.00,$2.50 / 100G,https://www.woolworths.com.au/shop/productdetails/687072/woolworths-free-from-gluten-pizza-flavoured-crackers,https://cdn0.woolworths.media/content/wowproductimages/medium/687072.jpg,2020-09-21 17:27:05,Average product rating out of 5: 3.5. Product score is based on 109 ratings,109,Was $4.50 21/01/2019,True
d5b35689-c396-45a2-8c87-b7da531b87f2,Woolworths Supermarket,Pantry,Woolworths Free From Gluten Chocolate Mini Smiles 8 pack,687074,$4.00,$2.17 / 100G,https://www.woolworths.com.au/shop/productdetails/687074/woolworths-free-from-gluten-chocolate-mini-smiles,https://cdn0.woolworths.media/content/wowproductimages/medium/687074.jpg,2020-09-21 17:27:05,Average product rating out of 5: 3.2. Product score is based on 143 ratings,143,Was $4.50 21/01/2019,True
92475d6e-089f-4fdf-8e40-140562c3b923,Woolworths Supermarket,Pantry,Woolworths Free From Gluten Vanilla Mini Smiles 8 pack,687075,$4.00,$2.17 / 100G,https://www.woolworths.com.au/shop/productdetails/687075/woolworths-free-from-gluten-vanilla-mini-smiles,https://cdn0.woolworths.media/content/wowproductimages/medium/687075.jpg,2020-09-21 17:27:05,Average product rating out of 5: 3.3. Product score is based on 189 ratings,189,Was $4.50 21/01/2019,True
8c0423d1-6827-4bf1-8ef0-b070835d3c4e,Woolworths Supermarket,Pantry,Moccona Wholebean Barista Crema 175g,687769,$18.00,$10.29 / 100G,https://www.woolworths.com.au/shop/productdetails/687769/moccona-wholebean-barista-crema,https://cdn0.woolworths.media/content/wowproductimages/medium/687769.jpg,2020-09-21 17:27:05,,0,,True
62b28e1e-4019-4577-a450-2e4bc02af41d,Woolworths Supermarket,Pantry,L'or Espresso Lungo Estremo Coffee Capsules 10 pack,687775,$4.50,$0.45 / 1EA,https://www.woolworths.com.au/shop/productdetails/687775/l-or-espresso-lungo-estremo-coffee-capsules,https://cdn0.woolworths.media/content/wowproductimages/medium/687775.jpg,2020-09-21 17:27:05,,0,,True
15071b5c-f49e-409b-8606-b8068f647c7c,Woolworths Supermarket,Pantry,L'or Espresso Onyx Coffee Capsules 20 pack,687776,$11.00,$0.55 / 1EA,https://www.woolworths.com.au/shop/productdetails/687776/l-or-espresso-onyx-coffee-capsules,https://cdn0.woolworths.media/content/wowproductimages/medium/687776.jpg,2020-09-21 17:27:05,,0,,True
b77b679b-3cde-45bf-bdf4-dd9a8593bced,Woolworths Supermarket,Pantry,Carman's Porridge Almond Pecan Hazelnut 320g,687777,$6.00,$1.88 / 100G,https://www.woolworths.com.au/shop/productdetails/687777/carman-s-porridge-almond-pecan-hazelnut,https://cdn0.woolworths.media/content/wowproductimages/medium/687777.jpg,2020-09-21 17:27:05,,0,,True
d8608a0d-c7ee-4a38-a679-64c79abc61e9,Woolworths Supermarket,Pantry,L'or Lungo Profondo Coffee Capsules 20 pack,687778,$11.00,$0.55 / 1EA,https://www.woolworths.com.au/shop/productdetails/687778/l-or-lungo-profondo-coffee-capsules,https://cdn0.woolworths.media/content/wowproductimages/medium/687778.jpg,2020-09-21 17:27:05,,0,,True
8e239531-6b36-4484-b275-d0aae51f3a07,Woolworths Supermarket,Pantry,Moccona Capsules Espresso 7 10 pack,687784,$6.00,$0.60 / 1EA,https://www.woolworths.com.au/shop/productdetails/687784/moccona-capsules-espresso-7,https://cdn0.woolworths.media/content/wowproductimages/medium/687784.jpg,2020-09-21 17:27:05,,0,,True
d1a6f98a-7834-4a30-bb6e-37d77769ae19,Woolworths Supermarket,Pantry,Moccona Espresso 10 Coffee Capsules 10 pack,687785,$6.00,$0.60 / 1EA,https://www.woolworths.com.au/shop/productdetails/687785/moccona-espresso-10-coffee-capsules,https://cdn0.woolworths.media/content/wowproductimages/medium/687785.jpg,2020-09-21 17:27:05,,0,,True
7aad3a52-6a7e-41d7-9080-fc466ceb3a9c,Woolworths Supermarket,Pantry,Masterfoods Barbecue Sauce 500ml,099696,$2.50,$0.50 / 100ML,https://www.woolworths.com.au/shop/productdetails/99696/masterfoods-barbecue-sauce,https://cdn0.woolworths.media/content/wowproductimages/medium/099696.jpg,2020-09-21 17:27:05,,0,,True
bcae082e-f29d-4cc6-8c02-6fb87b55e160,Woolworths Supermarket,Pantry,Doritos Share Pack Cheese Supreme 170g,826731,$2.75,$1.62 / 100G,https://www.woolworths.com.au/shop/productdetails/826731/doritos-share-pack-cheese-supreme,https://cdn0.woolworths.media/content/wowproductimages/medium/826731.jpg,2020-09-21 17:27:05,,0,,True
f90974aa-b1a7-4703-8634-554a642d0b57,Woolworths Supermarket,Pantry,Arnott's Shortbread 250g,008838,$2.50,$1.00 / 100G,https://www.woolworths.com.au/shop/productdetails/8838/arnott-s-shortbread,https://cdn0.woolworths.media/content/wowproductimages/medium/008838.jpg,2020-09-21 17:27:05,,0,,True
3ed893df-fa3c-4734-9283-42ebd2a1d18d,Woolworths Supermarket,Pantry,Twisties Cheese Chips 90g,081659,$2.00,$2.22 / 100G,https://www.woolworths.com.au/shop/productdetails/81659/twisties-cheese-chips,https://cdn0.woolworths.media/content/wowproductimages/medium/081659.jpg,2020-09-21 17:27:05,,0,,True
70a55852-bd75-4e15-bc61-9ae7f0df8893,Woolworths Supermarket,Pantry,Bertolli Extra Virgin Olive Oil Originale 750ml,502951,$6.50,$0.87 / 100ML,https://www.woolworths.com.au/shop/productdetails/502951/bertolli-extra-virgin-olive-oil-originale,https://cdn0.woolworths.media/content/wowproductimages/medium/502951.jpg,2020-09-21 17:27:05,,0,,True
31c73f8e-9f07-4b90-86b3-2c1408f2e8d7,Woolworths Supermarket,Pantry,Valcom Canned Bamboo Shoots Sliced 225g,097730,$1.10,$4.89 / 1KG,https://www.woolworths.com.au/shop/productdetails/97730/valcom-canned-bamboo-shoots-sliced,https://cdn0.woolworths.media/content/wowproductimages/medium/097730.jpg,2020-09-21 17:27:05,,0,,True
3cc4ed32-c54f-4fe6-8cb8-fb053fa2e315,Woolworths Supermarket,Pantry,Kellogg's Nutri-grain Protein Breakfast Cereal 290g,701706,$4.95,$1.71 / 100G,https://www.woolworths.com.au/shop/productdetails/701706/kellogg-s-nutri-grain-protein-breakfast-cereal,https://cdn0.woolworths.media/content/wowproductimages/medium/701706.jpg,2020-09-21 17:27:05,,0,,True
6fe9d1e5-6907-42b1-af2a-cdcfb060158c,Woolworths Supermarket,Pantry,Arnott's Malt O' Milk 250g,036036,$2.50,$1.00 / 100G,https://www.woolworths.com.au/shop/productdetails/36036/arnott-s-malt-o-milk,https://cdn0.woolworths.media/content/wowproductimages/medium/036036.jpg,2020-09-21 17:27:05,,0,,True
4fb95b8b-cf1a-4b23-8a2b-b085c54d1819,Woolworths Supermarket,Pantry,Smith's Share Pack Crinkle Cut Salt & Vinegar 170g,826738,$2.75,$1.62 / 100G,https://www.woolworths.com.au/shop/productdetails/826738/smith-s-share-pack-crinkle-cut-salt-vinegar,https://cdn0.woolworths.media/content/wowproductimages/medium/826738.jpg,2020-09-21 17:27:05,,0,,True
06cd9e52-1ddc-4469-b4d3-f860008bcf62,Woolworths Supermarket,Pantry,Arnott's Snack Right Sultana 250g,182697,$3.00,$1.20 / 100G,https://www.woolworths.com.au/shop/productdetails/182697/arnott-s-snack-right-sultana,https://cdn0.woolworths.media/content/wowproductimages/medium/182697.jpg,2020-09-21 17:27:05,,0,Was $4.20 11/02/2019,True
ecd45807-1e49-41a3-9d17-e4710bce612c,Woolworths Supermarket,Pantry,Toblerone Milk Chocolate Bar 50g,047011,$1.00,$2.00 / 100G,https://www.woolworths.com.au/shop/productdetails/47011/toblerone-milk-chocolate-bar,https://cdn0.woolworths.media/content/wowproductimages/medium/047011.jpg,2020-09-21 17:27:05,,0,,True
9ff23234-e92f-4fd1-82b2-b6a4e2e4fe47,Woolworths Supermarket,Pantry,Kooka's Country Cookies Lemon 200g,347837,$2.00,$1.00 / 100G,https://www.woolworths.com.au/shop/productdetails/347837/kooka-s-country-cookies-lemon,https://cdn0.woolworths.media/content/wowproductimages/medium/347837.jpg,2020-09-21 17:27:05,,0,,True
7032239d-ca73-46dc-88c7-b613a54d6ab4,Woolworths Supermarket,Pantry,Uncle Tobys Roll-ups Strawberry Fun Prints 6 pack,324231,$4.00,$4.26 / 100G,https://www.woolworths.com.au/shop/productdetails/324231/uncle-tobys-roll-ups-strawberry-fun-prints,https://cdn0.woolworths.media/content/wowproductimages/medium/324231.jpg,2020-09-21 17:27:05,,0,,True
23149d88-192f-4f28-af38-67069750f9f6,Woolworths Supermarket,Pantry,Woolworths Corn Sweet Kernels 420g,218926,$1.00,$2.38 / 1KG,https://www.woolworths.com.au/shop/productdetails/218926/woolworths-corn-sweet-kernels,https://cdn0.woolworths.media/content/wowproductimages/medium/218926.jpg,2020-09-21 17:27:05,Average product rating out of 5: 4.1. Product score is based on 215 ratings,215,,True
12783d4d-34de-4d93-9ec2-b22d4289ca25,Woolworths Supermarket,Pantry,Moccona Freeze Dried Instant Coffee Classic Medium Roast 400g,208575,$24.00,$6.00 / 100G,https://www.woolworths.com.au/shop/productdetails/208575/moccona-freeze-dried-instant-coffee-classic-medium-roast,https://cdn0.woolworths.media/content/wowproductimages/medium/208575.jpg,2020-09-21 17:27:05,,0,,True
2a2d5860-a9ec-4049-b150-dc957dbd198d,Woolworths Supermarket,Pantry,Macro Organic Quinoa Tri Colour 500g,717631,$7.00,$1.40 / 100G,https://www.woolworths.com.au/shop/productdetails/717631/macro-organic-quinoa-tri-colour,https://cdn0.woolworths.media/content/wowproductimages/medium/717631.jpg,2020-09-21 17:27:05,Average product rating out of 5: 4.6. Product score is based on 274 ratings,274,Was $9.99 09/01/2017,True
53782fb8-79d8-40e5-b3df-82a55fda2764,Woolworths Supermarket,Pantry,Arnott's Shapes Cheddar 175g,384244,$2.50,$1.43 / 100G,https://www.woolworths.com.au/shop/productdetails/384244/arnott-s-shapes-cheddar,https://cdn0.woolworths.media/content/wowproductimages/medium/384244.jpg,2020-09-21 17:27:05,,0,,True
d5bf38be-92bd-4636-a165-aeb9a7e06358,Woolworths Supermarket,Pantry,Uncle Ben's Microwave Mexican Style Brown Rice 250g,727257,$3.00,$1.20 / 100G,https://www.woolworths.com.au/shop/productdetails/727257/uncle-ben-s-microwave-mexican-style-brown-rice,https://cdn0.woolworths.media/content/wowproductimages/medium/727257.jpg,2020-09-21 17:27:05,,0,,True
f82d4bc4-1c04-4995-a8ea-7ae82dfc1633,Woolworths Supermarket,Pantry,Pringles Sour Cream And Onion Chips 134g,479502,$2.50,$1.87 / 100G,https://www.woolworths.com.au/shop/productdetails/479502/pringles-sour-cream-and-onion-chips,https://cdn0.woolworths.media/content/wowproductimages/medium/479502.jpg,2020-09-21 17:27:05,,0,,True
beb1149e-671d-456c-9959-13a1b5c02bae,Woolworths Supermarket,Pantry,Moccona Ristretto 12 Coffee Capsules 10 pack,687786,$6.00,$0.60 / 1EA,https://www.woolworths.com.au/shop/productdetails/687786/moccona-ristretto-12-coffee-capsules,https://cdn0.woolworths.media/content/wowproductimages/medium/687786.jpg,2020-09-21 17:27:05,,0,,True
aa30972b-d303-482e-bc6f-2ee49791eb10,Woolworths Supermarket,Pantry,Moccona Lungo 8 Coffee Capsules 10 pack,687787,$6.00,$0.60 / 1EA,https://www.woolworths.com.au/shop/productdetails/687787/moccona-lungo-8-coffee-capsules,https://cdn0.woolworths.media/content/wowproductimages/medium/687787.jpg,2020-09-21 17:27:05,,0,,True
1ddaab5c-e01b-4c29-a893-cd619f805a06,Woolworths Supermarket,Pantry,Carman's Porridge 5 Grain Superseed 320g,687790,$6.00,$1.88 / 100G,https://www.woolworths.com.au/shop/productdetails/687790/carman-s-porridge-5-grain-superseed,https://cdn0.woolworths.media/content/wowproductimages/medium/687790.jpg,2020-09-21 17:27:05,,0,,True
9075ea79-e611-43ed-a674-fa7b1556dd2f,Woolworths Supermarket,Pantry,Moccona Wholebean Barista Rich Espresso 175g,687794,$18.00,$10.29 / 100G,https://www.woolworths.com.au/shop/productdetails/687794/moccona-wholebean-barista-rich-espresso,https://cdn0.woolworths.media/content/wowproductimages/medium/687794.jpg,2020-09-21 17:27:05,,0,,True
09d6c4f8-e400-47cd-8b48-c9426ab5998f,Woolworths Supermarket,Pantry,Moccona Wholebean Barista Smooth Espresso 175g,687799,$18.00,$10.29 / 100G,https://www.woolworths.com.au/shop/productdetails/687799/moccona-wholebean-barista-smooth-espresso,https://cdn0.woolworths.media/content/wowproductimages/medium/687799.jpg,2020-09-21 17:27:05,,0,,True
2e253f65-79b7-4c25-9f21-30f964c7376a,Woolworths Supermarket,Pantry,Carman's Muesli Classic 875g,688508,$8.00,$0.91 / 100G,https://www.woolworths.com.au/shop/productdetails/688508/carman-s-muesli-classic,https://cdn0.woolworths.media/content/wowproductimages/medium/688508.jpg,2020-09-21 17:27:05,,0,Was $9.00 09/07/2018,True
df89936a-34a9-4999-938c-c2096ddd78e7,Woolworths Supermarket,Pantry,Carman's Muesli Natural 875g,688509,$8.00,$0.91 / 100G,https://www.woolworths.com.au/shop/productdetails/688509/carman-s-muesli-natural,https://cdn0.woolworths.media/content/wowproductimages/medium/688509.jpg,2020-09-21 17:27:05,,0,Was $9.00 09/07/2018,True
b780134e-c10c-4d2f-b533-d86a7a710ea8,Woolworths Supermarket,Pantry,Carman's Muesli Original 875g,688530,$8.00,$0.91 / 100G,https://www.woolworths.com.au/shop/productdetails/688530/carman-s-muesli-original,https://cdn0.woolworths.media/content/wowproductimages/medium/688530.jpg,2020-09-21 17:27:05,,0,Was $9.00 09/07/2018,True
5c106d2f-dc30-403a-83a2-94f272bb15b6,Woolworths Supermarket,Pantry,Nescafe Gold Smooth 90g,688715,$9.00,$10.00 / 100G,https://www.woolworths.com.au/shop/productdetails/688715/nescafe-gold-smooth,https://cdn0.woolworths.media/content/wowproductimages/medium/688715.jpg,2020-09-21 17:27:05,,0,,True
bf09adf3-c579-403d-bdc2-4076a2c47553,Woolworths Supermarket,Pantry,Macro Xanthan Gum 100g,689518,$5.00,$5.00 / 100G,https://www.woolworths.com.au/shop/productdetails/689518/macro-xanthan-gum,https://cdn0.woolworths.media/content/wowproductimages/medium/689518.jpg,2020-09-21 17:27:05,Average product rating out of 5: 4.8. Product score is based on 6 ratings,6,,True
c25a5722-886d-4fe6-99f7-3e6302d212a4,Woolworths Supermarket,Pantry,Nuttvia Hazelnut Spread 350g,689559,$5.40,$1.54 / 100G,https://www.woolworths.com.au/shop/productdetails/689559/nuttvia-hazelnut-spread,https://cdn0.woolworths.media/content/wowproductimages/medium/689559.jpg,2020-09-21 17:27:05,,0,,True
42bae4a8-5b4f-4bd9-84e1-d56ba4270bcd,Woolworths Supermarket,Pantry,Nescafe Dolce Gusto Cappuccino Capsules 16 pack,689624,$8.50,$0.53 / 1EA,https://www.woolworths.com.au/shop/productdetails/689624/nescafe-dolce-gusto-cappuccino-capsules,https://cdn0.woolworths.media/content/wowproductimages/medium/689624.jpg,2020-09-21 17:27:05,,0,,True
e009ac6f-e210-4773-9294-554daff39f60,Woolworths Supermarket,Pantry,Arnott's Jatz Mini Multipack 184g,689838,$4.00,$2.17 / 100G,https://www.woolworths.com.au/shop/productdetails/689838/arnott-s-jatz-mini-multipack,https://cdn0.woolworths.media/content/wowproductimages/medium/689838.jpg,2020-09-21 17:27:05,,0,,True
02ee3a19-b2c9-4430-870b-7b6ddaf98387,Woolworths Supermarket,Pantry,Arnott's Favourites Bbq Shapes Scotch Finger & Tiny Teddy Choc 15 pack,689894,$5.00,$1.33 / 100G,https://www.woolworths.com.au/shop/productdetails/689894/arnott-s-favourites-bbq-shapes-scotch-finger-tiny-teddy-choc,https://cdn0.woolworths.media/content/wowproductimages/medium/689894.jpg,2020-09-21 17:27:05,,0,Was $6.00 08/01/2018,True
b802466b-f9b7-4e2a-8f76-74d30e55987c,Woolworths Supermarket,Pantry,Sandhurst Baby Cucumbers 500g,689896,$4.00,$8.00 / 1KG,https://www.woolworths.com.au/shop/productdetails/689896/sandhurst-baby-cucumbers,https://cdn0.woolworths.media/content/wowproductimages/medium/689896.jpg,2020-09-21 17:27:05,,0,,True
1fe498bd-7abe-4b36-8a68-a676f9d29cda,Woolworths Supermarket,Pantry,"Arnott's Mini Choc Chip, Jatz, & Scotch Finger Multipack 12 pack",689921,$5.00,$1.71 / 100G,https://www.woolworths.com.au/shop/productdetails/689921/arnott-s-mini-choc-chip-jatz-scotch-finger-multipack,https://cdn0.woolworths.media/content/wowproductimages/medium/689921.jpg,2020-09-21 17:27:05,,0,Was $6.00 08/01/2018,True
e99d970e-0040-42c6-a302-efdc9bfb8ffb,Woolworths Supermarket,Pantry,Arnott's Tiny Teddy Chocolate 8 pack,689922,$4.00,$2.00 / 100G,https://www.woolworths.com.au/shop/productdetails/689922/arnott-s-tiny-teddy-chocolate,https://cdn0.woolworths.media/content/wowproductimages/medium/689922.jpg,2020-09-21 17:27:05,,0,,True
ce3f8792-de0e-4ce8-9d6f-808351dc2bef,Woolworths Supermarket,Pantry,Woolworths Peppermint Tea 40 pack,690091,$1.75,$0.04 / 1EA,https://www.woolworths.com.au/shop/productdetails/690091/woolworths-peppermint-tea,https://cdn0.woolworths.media/content/wowproductimages/medium/690091.jpg,2020-09-21 17:27:05,Average product rating out of 5: 4.0. Product score is based on 467 ratings,467,,True
0ec86f70-0119-4a52-bbd8-08d1d8406040,Woolworths Supermarket,Pantry,Woolworths Green Tea 50 pack,690093,$2.20,$0.04 / 1EA,https://www.woolworths.com.au/shop/productdetails/690093/woolworths-green-tea,https://cdn0.woolworths.media/content/wowproductimages/medium/690093.jpg,2020-09-21 17:27:05,Average product rating out of 5: 4.1. Product score is based on 398 ratings,398,,True
06a8f60b-94af-4f63-8695-3246a3c8dca6,Woolworths Supermarket,Pantry,Woolworths Camomile Tea 40 pack,690094,$1.75,$0.04 / 1EA,https://www.woolworths.com.au/shop/productdetails/690094/woolworths-camomile-tea,https://cdn0.woolworths.media/content/wowproductimages/medium/690094.jpg,2020-09-21 17:27:05,Average product rating out of 5: 4.1. Product score is based on 410 ratings,410,,True
a1f1bbdb-1326-4a78-a9f1-00fd735799ef,Woolworths Supermarket,Pantry,Macro Organic Fairtrade Ground Coffee Dark 200g,690359,$6.00,$3.00 / 100G,https://www.woolworths.com.au/shop/productdetails/690359/macro-organic-fairtrade-ground-coffee-dark,https://cdn0.woolworths.media/content/wowproductimages/medium/690359.jpg,2020-09-21 17:27:05,,0,Was $7.00 22/11/2017,True
d02062b4-4c3f-4b68-b5a9-3aa1c7a08536,Woolworths Supermarket,Pantry,Macro Organic Fairtrade Ground Coffee Medium 200g,690360,$6.00,$3.00 / 100G,https://www.woolworths.com.au/shop/productdetails/690360/macro-organic-fairtrade-ground-coffee-medium,https://cdn0.woolworths.media/content/wowproductimages/medium/690360.jpg,2020-09-21 17:27:05,Average product rating out of 5: 3.8. Product score is based on 336 ratings,336,Was $7.00 22/11/2017,True
2865bcd2-6b26-4e3c-9203-817b7d602811,Woolworths Supermarket,Pantry,Macro Organic Fairtrade Coffee Beans Medium 200g,690361,$6.00,$3.00 / 100G,https://www.woolworths.com.au/shop/productdetails/690361/macro-organic-fairtrade-coffee-beans-medium,https://cdn0.woolworths.media/content/wowproductimages/medium/690361.jpg,2020-09-21 17:27:05,,0,Was $7.00 22/11/2017,True
0348b198-c1ea-472c-b0a0-d113df0cfdf3,Woolworths Supermarket,Pantry,Woolworths Pitted Kalamata Olives 345g,690365,$3.00,$8.70 / 1KG,https://www.woolworths.com.au/shop/productdetails/690365/woolworths-pitted-kalamata-olives,https://cdn0.woolworths.media/content/wowproductimages/medium/690365.jpg,2020-09-21 17:27:05,Average product rating out of 5: 4.3. Product score is based on 337 ratings,337,,True
52e0479c-543f-4f07-a905-79a2283dc230,Woolworths Supermarket,Pantry,Masterfoods Barbecue Sauce 500ml,099696,$2.50,$0.50 / 100ML,https://www.woolworths.com.au/shop/productdetails/99696/masterfoods-barbecue-sauce,https://cdn0.woolworths.media/content/wowproductimages/medium/099696.jpg,2020-09-21 17:27:05,,0,,True
e5a1474b-b7f8-4786-8c40-695dee1c3dfc,Woolworths Supermarket,Pantry,Doritos Share Pack Cheese Supreme 170g,826731,$2.75,$1.62 / 100G,https://www.woolworths.com.au/shop/productdetails/826731/doritos-share-pack-cheese-supreme,https://cdn0.woolworths.media/content/wowproductimages/medium/826731.jpg,2020-09-21 17:27:05,,0,,True
53d11b6a-13c0-4ba0-a157-fd95d3b55b40,Woolworths Supermarket,Pantry,Arnott's Shortbread 250g,008838,$2.50,$1.00 / 100G,https://www.woolworths.com.au/shop/productdetails/8838/arnott-s-shortbread,https://cdn0.woolworths.media/content/wowproductimages/medium/008838.jpg,2020-09-21 17:27:05,,0,,True
050cdade-53b3-4f55-b9d3-e0ba92d922ec,Woolworths Supermarket,Pantry,Twisties Cheese Chips 90g,081659,$2.00,$2.22 / 100G,https://www.woolworths.com.au/shop/productdetails/81659/twisties-cheese-chips,https://cdn0.woolworths.media/content/wowproductimages/medium/081659.jpg,2020-09-21 17:27:05,,0,,True
a8d3d822-bc51-4478-8f9a-fa36958fde48,Woolworths Supermarket,Pantry,Bertolli Extra Virgin Olive Oil Originale 750ml,502951,$6.50,$0.87 / 100ML,https://www.woolworths.com.au/shop/productdetails/502951/bertolli-extra-virgin-olive-oil-originale,https://cdn0.woolworths.media/content/wowproductimages/medium/502951.jpg,2020-09-21 17:27:05,,0,,True
f88ab17e-56ff-4a2c-90ec-7047adc6ed17,Woolworths Supermarket,Pantry,Valcom Canned Bamboo Shoots Sliced 225g,097730,$1.10,$4.89 / 1KG,https://www.woolworths.com.au/shop/productdetails/97730/valcom-canned-bamboo-shoots-sliced,https://cdn0.woolworths.media/content/wowproductimages/medium/097730.jpg,2020-09-21 17:27:05,,0,,True
76d9a0cc-5375-4248-b739-73104b9877e1,Woolworths Supermarket,Pantry,Kellogg's Nutri-grain Protein Breakfast Cereal 290g,701706,$4.95,$1.71 / 100G,https://www.woolworths.com.au/shop/productdetails/701706/kellogg-s-nutri-grain-protein-breakfast-cereal,https://cdn0.woolworths.media/content/wowproductimages/medium/701706.jpg,2020-09-21 17:27:05,,0,,True
d33b239f-5c14-435e-a9be-7dc1b13c2a70,Woolworths Supermarket,Pantry,Arnott's Malt O' Milk 250g,036036,$2.50,$1.00 / 100G,https://www.woolworths.com.au/shop/productdetails/36036/arnott-s-malt-o-milk,https://cdn0.woolworths.media/content/wowproductimages/medium/036036.jpg,2020-09-21 17:27:05,,0,,True
e1f56743-b671-4c4d-adbe-49de74a36d18,Woolworths Supermarket,Pantry,Smith's Share Pack Crinkle Cut Salt & Vinegar 170g,826738,$2.75,$1.62 / 100G,https://www.woolworths.com.au/shop/productdetails/826738/smith-s-share-pack-crinkle-cut-salt-vinegar,https://cdn0.woolworths.media/content/wowproductimages/medium/826738.jpg,2020-09-21 17:27:05,,0,,True
50690474-0948-474f-abe1-c4129950aa9a,Woolworths Supermarket,Pantry,Arnott's Snack Right Sultana 250g,182697,$3.00,$1.20 / 100G,https://www.woolworths.com.au/shop/productdetails/182697/arnott-s-snack-right-sultana,https://cdn0.woolworths.media/content/wowproductimages/medium/182697.jpg,2020-09-21 17:27:05,,0,Was $4.20 11/02/2019,True
a8281eed-02cf-4ad1-a9c6-ec06b96de19d,Woolworths Supermarket,Pantry,Toblerone Milk Chocolate Bar 50g,047011,$1.00,$2.00 / 100G,https://www.woolworths.com.au/shop/productdetails/47011/toblerone-milk-chocolate-bar,https://cdn0.woolworths.media/content/wowproductimages/medium/047011.jpg,2020-09-21 17:27:05,,0,,True
b418cdfc-cd77-4ea4-9d0f-1e2a6c36001d,Woolworths Supermarket,Pantry,Kooka's Country Cookies Lemon 200g,347837,$2.00,$1.00 / 100G,https://www.woolworths.com.au/shop/productdetails/347837/kooka-s-country-cookies-lemon,https://cdn0.woolworths.media/content/wowproductimages/medium/347837.jpg,2020-09-21 17:27:05,,0,,True
ea90b950-02da-4dac-98de-4de03eeea366,Woolworths Supermarket,Pantry,Uncle Tobys Roll-ups Strawberry Fun Prints 6 pack,324231,$4.00,$4.26 / 100G,https://www.woolworths.com.au/shop/productdetails/324231/uncle-tobys-roll-ups-strawberry-fun-prints,https://cdn0.woolworths.media/content/wowproductimages/medium/324231.jpg,2020-09-21 17:27:05,,0,,True
c3f73b5d-3697-433a-842f-748943feb559,Woolworths Supermarket,Pantry,Woolworths Corn Sweet Kernels 420g,218926,$1.00,$2.38 / 1KG,https://www.woolworths.com.au/shop/productdetails/218926/woolworths-corn-sweet-kernels,https://cdn0.woolworths.media/content/wowproductimages/medium/218926.jpg,2020-09-21 17:27:05,Average product rating out of 5: 4.1. Product score is based on 215 ratings,215,,True
7b3657e8-9cae-43b3-873e-931b990aeb77,Woolworths Supermarket,Pantry,Moccona Freeze Dried Instant Coffee Classic Medium Roast 400g,208575,$24.00,$6.00 / 100G,https://www.woolworths.com.au/shop/productdetails/208575/moccona-freeze-dried-instant-coffee-classic-medium-roast,https://cdn0.woolworths.media/content/wowproductimages/medium/208575.jpg,2020-09-21 17:27:05,,0,,True
058acf42-6571-459a-b2cb-b2d3d20542ec,Woolworths Supermarket,Pantry,Macro Organic Quinoa Tri Colour 500g,717631,$7.00,$1.40 / 100G,https://www.woolworths.com.au/shop/productdetails/717631/macro-organic-quinoa-tri-colour,https://cdn0.woolworths.media/content/wowproductimages/medium/717631.jpg,2020-09-21 17:27:05,Average product rating out of 5: 4.6. Product score is based on 274 ratings,274,Was $9.99 09/01/2017,True
b2271e55-56d8-464d-b99d-32d908d005c9,Woolworths Supermarket,Pantry,Arnott's Shapes Cheddar 175g,384244,$2.50,$1.43 / 100G,https://www.woolworths.com.au/shop/productdetails/384244/arnott-s-shapes-cheddar,https://cdn0.woolworths.media/content/wowproductimages/medium/384244.jpg,2020-09-21 17:27:05,,0,,True
7db73806-b74b-4e1b-aa16-00671bba6cfd,Woolworths Supermarket,Pantry,Uncle Ben's Microwave Mexican Style Brown Rice 250g,727257,$3.00,$1.20 / 100G,https://www.woolworths.com.au/shop/productdetails/727257/uncle-ben-s-microwave-mexican-style-brown-rice,https://cdn0.woolworths.media/content/wowproductimages/medium/727257.jpg,2020-09-21 17:27:05,,0,,True
811aa516-51fa-46c0-8edd-0e91c731e183,Woolworths Supermarket,Pantry,Pringles Sour Cream And Onion Chips 134g,479502,$2.50,$1.87 / 100G,https://www.woolworths.com.au/shop/productdetails/479502/pringles-sour-cream-and-onion-chips,https://cdn0.woolworths.media/content/wowproductimages/medium/479502.jpg,2020-09-21 17:27:05,,0,,True
007ca7a5-32ec-4e1f-ad8e-ec2118166ddc,Woolworths Supermarket,Pantry,Macro Organic Olives Whole Greek Kalamata 350g,690366,$4.00,$11.43 / 1KG,https://www.woolworths.com.au/shop/productdetails/690366/macro-organic-olives-whole-greek-kalamata,https://cdn0.woolworths.media/content/wowproductimages/medium/690366.jpg,2020-09-21 17:27:05,Average product rating out of 5: 4.3. Product score is based on 439 ratings,439,,True
e8f413cd-6e0e-4d77-8964-9d7295ff3ae2,Woolworths Supermarket,Pantry,Woolworths Whole Kalamata Olives 350g,690367,$2.80,$8.00 / 1KG,https://www.woolworths.com.au/shop/productdetails/690367/woolworths-whole-kalamata-olives,https://cdn0.woolworths.media/content/wowproductimages/medium/690367.jpg,2020-09-21 17:27:05,Average product rating out of 5: 4.1. Product score is based on 419 ratings,419,,True
afbdf5e2-d607-4802-9e8b-f7a0c9b8038a,Woolworths Supermarket,Pantry,Woolworths Chai Latte Sachets 10 pack,690852,$3.25,$1.30 / 100G,https://www.woolworths.com.au/shop/productdetails/690852/woolworths-chai-latte-sachets,https://cdn0.woolworths.media/content/wowproductimages/medium/690852.jpg,2020-09-21 17:27:05,Average product rating out of 5: 3.6. Product score is based on 244 ratings,244,,True
e69ab30b-8ae1-45e4-8d22-4ab211928598,Woolworths Supermarket,Pantry,Whittaker's Block Dark Salted Caramel 62% Cocoa 250g,690897,$5.00,$2.00 / 100G,https://www.woolworths.com.au/shop/productdetails/690897/whittaker-s-block-dark-salted-caramel-62-cocoa,https://cdn0.woolworths.media/content/wowproductimages/medium/690897.jpg,2020-09-21 17:27:05,,0,,True
05531f9e-d37f-44ff-96be-315e76b41a20,Woolworths Supermarket,Pantry,Fehlbergs Chipotle Cucumbers 470g,691119,$3.80,$0.81 / 100G,https://www.woolworths.com.au/shop/productdetails/691119/fehlbergs-chipotle-cucumbers,https://cdn0.woolworths.media/content/wowproductimages/medium/691119.jpg,2020-09-21 17:27:05,,0,,True
656afde3-6ecb-4bd5-b7e9-5e1c8dcd7d09,Woolworths Supermarket,Pantry,Always Fresh Mushrooms Whole 230g,691211,$4.00,$17.39 / 1KG,https://www.woolworths.com.au/shop/productdetails/691211/always-fresh-mushrooms-whole,https://cdn0.woolworths.media/content/wowproductimages/medium/691211.jpg,2020-09-21 17:27:05,,0,,True
aa1a477a-ce65-4339-a0d8-2d30f1401bdd,Woolworths Supermarket,Pantry,Always Fresh Garlic Olives 230g,691212,$5.40,$23.48 / 1KG,https://www.woolworths.com.au/shop/productdetails/691212/always-fresh-garlic-olives,https://cdn0.woolworths.media/content/wowproductimages/medium/691212.jpg,2020-09-21 17:27:05,,0,,True
6fde46af-285f-4b41-8643-477ab7249ce7,Woolworths Supermarket,Pantry,Always Fresh Jalapeno Olives 230g,691214,$5.40,$23.48 / 1KG,https://www.woolworths.com.au/shop/productdetails/691214/always-fresh-jalapeno-olives,https://cdn0.woolworths.media/content/wowproductimages/medium/691214.jpg,2020-09-21 17:27:05,,0,,True
034439c9-2167-4676-9708-4cabd1d89d81,Woolworths Supermarket,Pantry,Safcol Tuna Springwater 74g,691215,$2.00,$27.03 / 1KG,https://www.woolworths.com.au/shop/productdetails/691215/safcol-tuna-springwater,https://cdn0.woolworths.media/content/wowproductimages/medium/691215.jpg,2020-09-21 17:27:05,,0,,True
0f6900c4-3e1b-47d6-8cac-c97fb82caf69,Woolworths Supermarket,Pantry,Safcol Tuna Oil Blend 74g,691217,$2.00,$27.03 / 1KG,https://www.woolworths.com.au/shop/productdetails/691217/safcol-tuna-oil-blend,https://cdn0.woolworths.media/content/wowproductimages/medium/691217.jpg,2020-09-21 17:27:05,,0,,True
7bce8060-e181-4503-941f-0ebe8f9442a7,Woolworths Supermarket,Pantry,Sunrice Super Grains Gluten Free Active Blend Cup 250g,691288,$3.00,$1.20 / 100G,https://www.woolworths.com.au/shop/productdetails/691288/sunrice-super-grains-gluten-free-active-blend-cup,https://cdn0.woolworths.media/content/wowproductimages/medium/691288.jpg,2020-09-21 17:27:05,,0,Was $3.80 24/02/2020,True
2b2e8aae-abf8-4ba2-818d-84be05dd5ea1,Woolworths Supermarket,Pantry,Sunrice Super Grains Gluten Free Multigrain Blend Cup 250g,691292,$3.00,$1.20 / 100G,https://www.woolworths.com.au/shop/productdetails/691292/sunrice-super-grains-gluten-free-multigrain-blend-cup,https://cdn0.woolworths.media/content/wowproductimages/medium/691292.jpg,2020-09-21 17:27:05,,0,Was $3.80 24/02/2020,True
36892947-117b-4888-9041-9dbd708c74d5,Woolworths Supermarket,Pantry,Sunrice Super Grains Gluten Free Super Duo Cup 250g,691295,$3.00,$1.20 / 100G,https://www.woolworths.com.au/shop/productdetails/691295/sunrice-super-grains-gluten-free-super-duo-cup,https://cdn0.woolworths.media/content/wowproductimages/medium/691295.jpg,2020-09-21 17:27:05,,0,Was $3.80 24/02/2020,True
121498c5-7609-4e7b-b745-45b92a1b930d,Woolworths Supermarket,Pantry,Safcol Tuna Italian Style Tomato & Onion 74g,691310,$2.00,$27.03 / 1KG,https://www.woolworths.com.au/shop/productdetails/691310/safcol-tuna-italian-style-tomato-onion,https://cdn0.woolworths.media/content/wowproductimages/medium/691310.jpg,2020-09-21 17:27:05,,0,,True
339ed3e6-3d93-4405-b152-ed9f41b8d8ad,Woolworths Supermarket,Pantry,Continental Cheesy Rice 125g,691507,$2.10,$1.68 / 100G,https://www.woolworths.com.au/shop/productdetails/691507/continental-cheesy-rice,https://cdn0.woolworths.media/content/wowproductimages/medium/691507.jpg,2020-09-21 17:27:05,,0,,True
d517bbd0-461f-4d19-ad87-ad80d22e6324,Woolworths Supermarket,Pantry,Continental Cheesy Rice Value Pack 190g,691513,$3.00,$1.58 / 100G,https://www.woolworths.com.au/shop/productdetails/691513/continental-cheesy-rice-value-pack,https://cdn0.woolworths.media/content/wowproductimages/medium/691513.jpg,2020-09-21 17:27:05,,0,,True
07239e94-bf79-49f1-bf6f-53116f15ce94,Woolworths Supermarket,Pantry,Uncle Ben's Veg Medley Rice Cup 125g x2 pack,691787,$3.00,$1.20 / 100G,https://www.woolworths.com.au/shop/productdetails/691787/uncle-ben-s-veg-medley-rice-cup,https://cdn0.woolworths.media/content/wowproductimages/medium/691787.jpg,2020-09-21 17:27:05,,0,,True
a7eccf71-e028-4671-9b13-8044741e7f4c,Woolworths Supermarket,Pantry,Fehlbergs Sandwich Stackers 500g,691961,$4.00,$8.00 / 1KG,https://www.woolworths.com.au/shop/productdetails/691961/fehlbergs-sandwich-stackers,https://cdn0.woolworths.media/content/wowproductimages/medium/691961.jpg,2020-09-21 17:27:05,,0,,True
395f2bc7-e634-4ee0-9511-2a23f6e7ce58,Woolworths Supermarket,Pantry,Uncle Ben's Mexican Beans Rice Cup 125g x2 pack,692165,$3.00,$1.20 / 100G,https://www.woolworths.com.au/shop/productdetails/692165/uncle-ben-s-mexican-beans-rice-cup,https://cdn0.woolworths.media/content/wowproductimages/medium/692165.jpg,2020-09-21 17:27:05,,0,,True
5cd244ad-9a0f-4e8d-84da-9691ec2f04b9,Woolworths Supermarket,Pantry,Lavazza Vigoroso Coffee Capsules 10 pack,692537,$6.00,$0.60 / 1EA,https://www.woolworths.com.au/shop/productdetails/692537/lavazza-vigoroso-coffee-capsules,https://cdn0.woolworths.media/content/wowproductimages/medium/692537.jpg,2020-09-21 17:27:05,,0,,True
1e2d40ef-54e9-4f75-a312-8c045cac4a04,Woolworths Supermarket,Pantry,Vittoria Italian Ground 500g,692561,$7.50,$1.50 / 100G,https://www.woolworths.com.au/shop/productdetails/692561/vittoria-italian-ground,https://cdn0.woolworths.media/content/wowproductimages/medium/692561.jpg,2020-09-21 17:27:05,,0,,True
c313be6a-ab53-44fb-8ea0-d847684eae5d,Woolworths Supermarket,Pantry,Vegemite Portions 10 pack,692574,$3.70,$3.85 / 100G,https://www.woolworths.com.au/shop/productdetails/692574/vegemite-portions,https://cdn0.woolworths.media/content/wowproductimages/medium/692574.jpg,2020-09-21 17:27:05,,0,,True
ba3b4a12-cef8-493e-8930-f4416a707a9c,Woolworths Supermarket,Pantry,Kraft Mac N Cheese Original 205g,693152,$2.90,$1.41 / 100G,https://www.woolworths.com.au/shop/productdetails/693152/kraft-mac-n-cheese-original,https://cdn0.woolworths.media/content/wowproductimages/medium/693152.jpg,2020-09-21 17:27:05,,0,,True
4ef60982-2b55-4b93-b3c0-bdf05b087440,Woolworths Supermarket,Pantry,Oreo Cadbury Coated Mint Cookies 2 pack,693175,$3.00,$1.47 / 100G,https://www.woolworths.com.au/shop/productdetails/693175/oreo-cadbury-coated-mint-cookies,https://cdn0.woolworths.media/content/wowproductimages/medium/693175.jpg,2020-09-21 17:27:05,,0,,True
3b1b41b8-ba4a-4390-89e4-d2cabacb9dd3,Woolworths Supermarket,Pantry,Masterfoods Barbecue Sauce 500ml,099696,$2.50,$0.50 / 100ML,https://www.woolworths.com.au/shop/productdetails/99696/masterfoods-barbecue-sauce,https://cdn0.woolworths.media/content/wowproductimages/medium/099696.jpg,2020-09-21 17:27:05,,0,,True
ef712773-1a23-4117-91d6-8ece61513169,Woolworths Supermarket,Pantry,Doritos Share Pack Cheese Supreme 170g,826731,$2.75,$1.62 / 100G,https://www.woolworths.com.au/shop/productdetails/826731/doritos-share-pack-cheese-supreme,https://cdn0.woolworths.media/content/wowproductimages/medium/826731.jpg,2020-09-21 17:27:05,,0,,True
44f66909-c340-4868-a237-92b2f147084b,Woolworths Supermarket,Pantry,Arnott's Shortbread 250g,008838,$2.50,$1.00 / 100G,https://www.woolworths.com.au/shop/productdetails/8838/arnott-s-shortbread,https://cdn0.woolworths.media/content/wowproductimages/medium/008838.jpg,2020-09-21 17:27:05,,0,,True
a509bdcd-a954-48b1-b059-587e59d0ce06,Woolworths Supermarket,Pantry,Twisties Cheese Chips 90g,081659,$2.00,$2.22 / 100G,https://www.woolworths.com.au/shop/productdetails/81659/twisties-cheese-chips,https://cdn0.woolworths.media/content/wowproductimages/medium/081659.jpg,2020-09-21 17:27:05,,0,,True
fba3a596-4608-4fb7-83bf-32b71dcf5b05,Woolworths Supermarket,Pantry,Bertolli Extra Virgin Olive Oil Originale 750ml,502951,$6.50,$0.87 / 100ML,https://www.woolworths.com.au/shop/productdetails/502951/bertolli-extra-virgin-olive-oil-originale,https://cdn0.woolworths.media/content/wowproductimages/medium/502951.jpg,2020-09-21 17:27:05,,0,,True
936cea68-93db-4eee-b704-a61d5f1e1e51,Woolworths Supermarket,Pantry,Valcom Canned Bamboo Shoots Sliced 225g,097730,$1.10,$4.89 / 1KG,https://www.woolworths.com.au/shop/productdetails/97730/valcom-canned-bamboo-shoots-sliced,https://cdn0.woolworths.media/content/wowproductimages/medium/097730.jpg,2020-09-21 17:27:05,,0,,True
78b06b2d-533c-4a63-92da-d4be1ba1a608,Woolworths Supermarket,Pantry,Kellogg's Nutri-grain Protein Breakfast Cereal 290g,701706,$4.95,$1.71 / 100G,https://www.woolworths.com.au/shop/productdetails/701706/kellogg-s-nutri-grain-protein-breakfast-cereal,https://cdn0.woolworths.media/content/wowproductimages/medium/701706.jpg,2020-09-21 17:27:05,,0,,True
9de46185-11c7-482a-8ebd-d573b3b37d7b,Woolworths Supermarket,Pantry,Arnott's Malt O' Milk 250g,036036,$2.50,$1.00 / 100G,https://www.woolworths.com.au/shop/productdetails/36036/arnott-s-malt-o-milk,https://cdn0.woolworths.media/content/wowproductimages/medium/036036.jpg,2020-09-21 17:27:05,,0,,True
cddc3b44-ec27-469e-b3c9-dee79d446537,Woolworths Supermarket,Pantry,Smith's Share Pack Crinkle Cut Salt & Vinegar 170g,826738,$2.75,$1.62 / 100G,https://www.woolworths.com.au/shop/productdetails/826738/smith-s-share-pack-crinkle-cut-salt-vinegar,https://cdn0.woolworths.media/content/wowproductimages/medium/826738.jpg,2020-09-21 17:27:05,,0,,True
99328b3f-8545-468a-bdbc-3db87991f52b,Woolworths Supermarket,Pantry,Arnott's Snack Right Sultana 250g,182697,$3.00,$1.20 / 100G,https://www.woolworths.com.au/shop/productdetails/182697/arnott-s-snack-right-sultana,https://cdn0.woolworths.media/content/wowproductimages/medium/182697.jpg,2020-09-21 17:27:05,,0,Was $4.20 11/02/2019,True
e791fc3b-5154-4408-ae80-bf78b036476c,Woolworths Supermarket,Pantry,Toblerone Milk Chocolate Bar 50g,047011,$1.00,$2.00 / 100G,https://www.woolworths.com.au/shop/productdetails/47011/toblerone-milk-chocolate-bar,https://cdn0.woolworths.media/content/wowproductimages/medium/047011.jpg,2020-09-21 17:27:05,,0,,True
012094aa-21a7-4521-a667-9cfc9d21466b,Woolworths Supermarket,Pantry,Kooka's Country Cookies Lemon 200g,347837,$2.00,$1.00 / 100G,https://www.woolworths.com.au/shop/productdetails/347837/kooka-s-country-cookies-lemon,https://cdn0.woolworths.media/content/wowproductimages/medium/347837.jpg,2020-09-21 17:27:05,,0,,True
b6ec718f-5546-4025-941d-bd15736ccd76,Woolworths Supermarket,Pantry,Uncle Tobys Roll-ups Strawberry Fun Prints 6 pack,324231,$4.00,$4.26 / 100G,https://www.woolworths.com.au/shop/productdetails/324231/uncle-tobys-roll-ups-strawberry-fun-prints,https://cdn0.woolworths.media/content/wowproductimages/medium/324231.jpg,2020-09-21 17:27:05,,0,,True
baadc583-102f-41fd-92fd-38f535151720,Woolworths Supermarket,Pantry,Woolworths Corn Sweet Kernels 420g,218926,$1.00,$2.38 / 1KG,https://www.woolworths.com.au/shop/productdetails/218926/woolworths-corn-sweet-kernels,https://cdn0.woolworths.media/content/wowproductimages/medium/218926.jpg,2020-09-21 17:27:05,Average product rating out of 5: 4.1. Product score is based on 215 ratings,215,,True
b0e5e775-37ef-45b6-acc2-e0f1a5c0e23e,Woolworths Supermarket,Pantry,Moccona Freeze Dried Instant Coffee Classic Medium Roast 400g,208575,$24.00,$6.00 / 100G,https://www.woolworths.com.au/shop/productdetails/208575/moccona-freeze-dried-instant-coffee-classic-medium-roast,https://cdn0.woolworths.media/content/wowproductimages/medium/208575.jpg,2020-09-21 17:27:05,,0,,True
bbb7a643-f5a9-4d9c-b605-18a7532e3074,Woolworths Supermarket,Pantry,Macro Organic Quinoa Tri Colour 500g,717631,$7.00,$1.40 / 100G,https://www.woolworths.com.au/shop/productdetails/717631/macro-organic-quinoa-tri-colour,https://cdn0.woolworths.media/content/wowproductimages/medium/717631.jpg,2020-09-21 17:27:05,Average product rating out of 5: 4.6. Product score is based on 274 ratings,274,Was $9.99 09/01/2017,True
5875ee53-2183-4a7c-909d-d439ffa6980e,Woolworths Supermarket,Pantry,Arnott's Shapes Cheddar 175g,384244,$2.50,$1.43 / 100G,https://www.woolworths.com.au/shop/productdetails/384244/arnott-s-shapes-cheddar,https://cdn0.woolworths.media/content/wowproductimages/medium/384244.jpg,2020-09-21 17:27:05,,0,,True
6576740d-65ed-4995-bc61-cb77228994f2,Woolworths Supermarket,Pantry,Uncle Ben's Microwave Mexican Style Brown Rice 250g,727257,$3.00,$1.20 / 100G,https://www.woolworths.com.au/shop/productdetails/727257/uncle-ben-s-microwave-mexican-style-brown-rice,https://cdn0.woolworths.media/content/wowproductimages/medium/727257.jpg,2020-09-21 17:27:05,,0,,True
77802baa-1cf2-453f-b465-dfa605962a4b,Woolworths Supermarket,Pantry,Pringles Sour Cream And Onion Chips 134g,479502,$2.50,$1.87 / 100G,https://www.woolworths.com.au/shop/productdetails/479502/pringles-sour-cream-and-onion-chips,https://cdn0.woolworths.media/content/wowproductimages/medium/479502.jpg,2020-09-21 17:27:05,,0,,True
527c61c3-d4a3-4e51-9d51-2ffb857fd331,Woolworths Supermarket,Pantry,Cadbury Freddo Biscuit 167g,693176,$3.00,$1.80 / 100G,https://www.woolworths.com.au/shop/productdetails/693176/cadbury-freddo-biscuit,https://cdn0.woolworths.media/content/wowproductimages/medium/693176.jpg,2020-09-21 17:27:05,,0,,True
be3ea602-a37c-4d3d-a177-be40f6ea99f0,Woolworths Supermarket,Pantry,Spc Puree & Simple Apple & Strawberry Pouches 4 pack,693177,$5.00,$13.89 / 1KG,https://www.woolworths.com.au/shop/productdetails/693177/spc-puree-simple-apple-strawberry-pouches,https://cdn0.woolworths.media/content/wowproductimages/medium/693177.jpg,2020-09-21 17:27:05,,0,,True
d26f013a-3728-4ba4-bd56-f71cd44446d5,Woolworths Supermarket,Pantry,Spc Puree & Simple Apple & Mango Pouches 4 pack,693287,$5.00,$13.89 / 1KG,https://www.woolworths.com.au/shop/productdetails/693287/spc-puree-simple-apple-mango-pouches,https://cdn0.woolworths.media/content/wowproductimages/medium/693287.jpg,2020-09-21 17:27:05,,0,,True
9a1dc9ac-9edf-4d40-a309-51f9a3c95258,Woolworths Supermarket,Pantry,Cadbury Dairy Milk Packed With Crunchie 350g,693528,$5.00,$1.43 / 100G,https://www.woolworths.com.au/shop/productdetails/693528/cadbury-dairy-milk-packed-with-crunchie,https://cdn0.woolworths.media/content/wowproductimages/medium/693528.jpg,2020-09-21 17:27:05,,0,Was $6.30 16/01/2017,True
505110bf-03a6-498a-ab27-27fb35b26afe,Woolworths Supermarket,Pantry,Kraft Mac & Cheese Dinner Original 410g,693538,$4.00,$0.98 / 100G,https://www.woolworths.com.au/shop/productdetails/693538/kraft-mac-cheese-dinner-original,https://cdn0.woolworths.media/content/wowproductimages/medium/693538.jpg,2020-09-21 17:27:05,,0,Was $5.02 25/06/2018,True
a4eed33f-ef7f-46d3-885b-838dc0341238,Woolworths Supermarket,Pantry,Carman's Crackers Ancient Grain Cracked Pepper 80g,693688,$3.80,$4.75 / 100G,https://www.woolworths.com.au/shop/productdetails/693688/carman-s-crackers-ancient-grain-cracked-pepper,https://cdn0.woolworths.media/content/wowproductimages/medium/693688.jpg,2020-09-21 17:27:05,,0,,True
cedfa411-a2fa-4a2e-8d44-82b193a0d893,Woolworths Supermarket,Pantry,Woolworths Salmon Naturally Smoked 95g,693762,$1.20,$12.63 / 1KG,https://www.woolworths.com.au/shop/productdetails/693762/woolworths-salmon-naturally-smoked,https://cdn0.woolworths.media/content/wowproductimages/medium/693762.jpg,2020-09-21 17:27:05,,0,,True
337eb160-0823-42c3-8aa2-cc7f2eb8d548,Woolworths Supermarket,Pantry,Woolworths Salmon In Springwater 95g,693763,$1.20,$12.63 / 1KG,https://www.woolworths.com.au/shop/productdetails/693763/woolworths-salmon-in-springwater,https://cdn0.woolworths.media/content/wowproductimages/medium/693763.jpg,2020-09-21 17:27:05,Average product rating out of 5: 3.4. Product score is based on 498 ratings,498,,True
19eefdfd-dd33-4174-a1c7-e49926a37b3f,Woolworths Supermarket,Pantry,Carman's Crackers Rosemary Sea Salt 80g,693845,$3.80,$4.75 / 100G,https://www.woolworths.com.au/shop/productdetails/693845/carman-s-crackers-rosemary-sea-salt,https://cdn0.woolworths.media/content/wowproductimages/medium/693845.jpg,2020-09-21 17:27:05,,0,,True
ead43e9f-5ac2-42a4-98c3-ae3ca47c4f28,Woolworths Supermarket,Pantry,Praise Burger Sauce Aioli 250ml,694025,$4.00,$1.60 / 100ML,https://www.woolworths.com.au/shop/productdetails/694025/praise-burger-sauce-aioli,https://cdn0.woolworths.media/content/wowproductimages/medium/694025.jpg,2020-09-21 17:27:05,,0,,True
9668c766-4b22-4b96-be5e-4072c3b2df7e,Woolworths Supermarket,Pantry,S&w Vegan Mayonnaise 460g,694101,$5.50,$1.20 / 100G,https://www.woolworths.com.au/shop/productdetails/694101/s-w-vegan-mayonnaise,https://cdn0.woolworths.media/content/wowproductimages/medium/694101.jpg,2020-09-21 17:27:05,,0,,True
b0d6e7b4-bd7e-494f-8d6e-c615d9793b24,Woolworths Supermarket,Pantry,Heinz Dijon Mustard Mayonnaise 295ml,694336,$4.00,$1.36 / 100ML,https://www.woolworths.com.au/shop/productdetails/694336/heinz-dijon-mustard-mayonnaise,https://cdn0.woolworths.media/content/wowproductimages/medium/694336.jpg,2020-09-21 17:27:05,,0,,True
ad9ddfdf-bc79-4e38-8208-a98a089502ef,Woolworths Supermarket,Pantry,Woolworths Basmati Rice 1kg,694550,$3.30,$0.33 / 100G,https://www.woolworths.com.au/shop/productdetails/694550/woolworths-basmati-rice,https://cdn0.woolworths.media/content/wowproductimages/medium/694550.jpg,2020-09-21 17:27:05,,0,,True
797e379a-5808-47d4-8778-61ec0fe14a22,Woolworths Supermarket,Pantry,Woolworths Basmati Rice 2kg,694551,$6.30,$0.32 / 100G,https://www.woolworths.com.au/shop/productdetails/694551/woolworths-basmati-rice,https://cdn0.woolworths.media/content/wowproductimages/medium/694551.jpg,2020-09-21 17:27:05,,0,,True
ac1a0676-4c8e-4a65-b17e-c870d0f23aff,Woolworths Supermarket,Pantry,Woolworths Arborio Rice 1kg,694552,$2.70,$0.27 / 100G,https://www.woolworths.com.au/shop/productdetails/694552/woolworths-arborio-rice,https://cdn0.woolworths.media/content/wowproductimages/medium/694552.jpg,2020-09-21 17:27:05,,0,,True
23932206-d966-43de-a289-a2c735f08222,Woolworths Supermarket,Pantry,Essentials Coconut Milk 400ml,694751,$0.95,$0.24 / 100ML,https://www.woolworths.com.au/shop/productdetails/694751/essentials-coconut-milk,https://cdn0.woolworths.media/content/wowproductimages/medium/694751.jpg,2020-09-21 17:27:05,Average product rating out of 5: 4.4. Product score is based on 241 ratings,241,,True
57aea9a3-140b-41f6-ad9d-a9dc07b20c07,Woolworths Supermarket,Pantry,Cornwell's Organic Apple Cider Vinegar 500ml,694836,$4.80,$0.96 / 100ML,https://www.woolworths.com.au/shop/productdetails/694836/cornwell-s-organic-apple-cider-vinegar,https://cdn0.woolworths.media/content/wowproductimages/medium/694836.jpg,2020-09-21 17:27:05,,0,,True
a77550f6-1750-488f-96b1-fbe3cb6dc0e6,Woolworths Supermarket,Pantry,Macro Organic Cornflour 300g,694862,$3.00,$10.00 / 1KG,https://www.woolworths.com.au/shop/productdetails/694862/macro-organic-cornflour,https://cdn0.woolworths.media/content/wowproductimages/medium/694862.jpg,2020-09-21 17:27:05,Average product rating out of 5: 4.6. Product score is based on 274 ratings,274,,True
9f09ddf0-9ece-4fcd-ab3a-a986f9fdeb08,Woolworths Supermarket,Pantry,Woolworths Rice Bran Oil 500ml,695458,$3.00,$0.60 / 100ML,https://www.woolworths.com.au/shop/productdetails/695458/woolworths-rice-bran-oil,https://cdn0.woolworths.media/content/wowproductimages/medium/695458.jpg,2020-09-21 17:27:05,,0,,True
778ca32e-9d0d-402c-912d-94bf134ec797,Woolworths Supermarket,Pantry,Woolworths Rice Bran Oil Spray 225g,695460,$3.00,$1.33 / 100G,https://www.woolworths.com.au/shop/productdetails/695460/woolworths-rice-bran-oil-spray,https://cdn0.woolworths.media/content/wowproductimages/medium/695460.jpg,2020-09-21 17:27:05,,0,,True
358d97e8-792b-4fad-b67f-c3499c28d984,Woolworths Supermarket,Pantry,Fehlbergs Double Strength White Vinegar 1l,695662,$3.00,$0.30 / 100ML,https://www.woolworths.com.au/shop/productdetails/695662/fehlbergs-double-strength-white-vinegar,https://cdn0.woolworths.media/content/wowproductimages/medium/695662.jpg,2020-09-21 17:27:05,,0,,True
40ed9649-d5fb-405c-9310-9adcb74671e5,Woolworths Supermarket,Pantry,Nabisco Premium Crispbread Original 300g,696347,$3.00,$1.00 / 100G,https://www.woolworths.com.au/shop/productdetails/696347/nabisco-premium-crispbread-original,https://cdn0.woolworths.media/content/wowproductimages/medium/696347.jpg,2020-09-21 17:27:05,,0,,True
4af30b56-e762-4767-ac43-68e12bcdb375,Woolworths Supermarket,Pantry,Nestle Kitkat Gold Block 170g,696545,$4.50,$2.65 / 100G,https://www.woolworths.com.au/shop/productdetails/696545/nestle-kitkat-gold-block,https://cdn0.woolworths.media/content/wowproductimages/medium/696545.jpg,2020-09-21 17:27:05,,0,,True
e43a95ec-e2b8-41c8-97fa-f23c11a7ddb2,Woolworths Supermarket,Pantry,Woolworths Original Flavour Stacked Chips 160g,696773,$1.75,$1.09 / 100G,https://www.woolworths.com.au/shop/productdetails/696773/woolworths-original-flavour-stacked-chips,https://cdn0.woolworths.media/content/wowproductimages/medium/696773.jpg,2020-09-21 17:27:05,Average product rating out of 5: 3.9. Product score is based on 49 ratings,49,,True
84960d05-036f-4e68-b935-7acc83e81ea1,Woolworths Supermarket,Pantry,Sunbites Grain Waves Sour Cream & Chives 5 pack,720220,$3.10,$2.82 / 100G,https://www.woolworths.com.au/shop/productdetails/720220/sunbites-grain-waves-sour-cream-chives,https://cdn0.woolworths.media/content/wowproductimages/medium/720220.jpg,2020-09-21 17:27:05,,0,2 for $5.00,True
b30d47b8-5b84-425c-970b-9077e50ef249,Woolworths Supermarket,Pantry,Woolworths Rolled Traditional Oats 750g,321220,$1.40,$0.19 / 100G,https://www.woolworths.com.au/shop/productdetails/321220/woolworths-rolled-traditional-oats,https://cdn0.woolworths.media/content/wowproductimages/medium/321220.jpg,2020-09-21 17:27:05,Average product rating out of 5: 4.6. Product score is based on 748 ratings,748,,True
7774ff28-0285-442f-951d-be0154b105d4,Woolworths Supermarket,Pantry,Sanitarium Weet-bix Breakfast Cereal 1.2kg,200695,$5.00,$0.42 / 100G,https://www.woolworths.com.au/shop/productdetails/200695/sanitarium-weet-bix-breakfast-cereal,https://cdn0.woolworths.media/content/wowproductimages/medium/200695.jpg,2020-09-21 17:27:05,,0,,True
8a68ea83-98e5-48eb-8516-02d70de7891e,Woolworths Supermarket,Pantry,Woolworths Walnuts Kernel 500g,749540,$11.00,$22.00 / 1KG,https://www.woolworths.com.au/shop/productdetails/749540/woolworths-walnuts-kernel,https://cdn0.woolworths.media/content/wowproductimages/medium/749540.jpg,2020-09-21 17:27:05,Average product rating out of 5: 4.8. Product score is based on 360 ratings,360,,True
2f0fbaf7-654e-4cfc-bcad-5d9b0c0af1e0,Woolworths Supermarket,Pantry,Mckenzie's Himalayan Salt Rock Pink 400g,749926,$5.95,$0.15 / 10G,https://www.woolworths.com.au/shop/productdetails/749926/mckenzie-s-himalayan-salt-rock-pink,https://cdn0.woolworths.media/content/wowproductimages/medium/749926.jpg,2020-09-21 17:27:05,,0,,True
283f22da-5ad3-44b4-85ab-3a34eecbb41f,Woolworths Supermarket,Pantry,Moccona Freeze Dried Instant Coffee Classic Medium Roast 400g,208575,$24.00,$6.00 / 100G,https://www.woolworths.com.au/shop/productdetails/208575/moccona-freeze-dried-instant-coffee-classic-medium-roast,https://cdn0.woolworths.media/content/wowproductimages/medium/208575.jpg,2020-09-21 17:27:05,,0,,True
962320c5-4cfc-4fbe-b771-04fb8fcfe325,Woolworths Supermarket,Pantry,Continental Cup A Soup Creamy Chicken With Lots Of Noodles 2 pack,026649,$2.00,$3.33 / 100G,https://www.woolworths.com.au/shop/productdetails/26649/continental-cup-a-soup-creamy-chicken-with-lots-of-noodles,https://cdn0.woolworths.media/content/wowproductimages/medium/026649.jpg,2020-09-21 17:27:05,,0,,True
a925a336-61d4-4b34-bbb9-15f0380dba52,Woolworths Supermarket,Pantry,Macro Organic Quinoa Tri Colour 500g,717631,$7.00,$1.40 / 100G,https://www.woolworths.com.au/shop/productdetails/717631/macro-organic-quinoa-tri-colour,https://cdn0.woolworths.media/content/wowproductimages/medium/717631.jpg,2020-09-21 17:27:05,Average product rating out of 5: 4.6. Product score is based on 274 ratings,274,Was $9.99 09/01/2017,True
1cd1b1b6-a9bf-42e1-b7e3-b2b00adcd0a0,Woolworths Supermarket,Pantry,Bertolli Extra Virgin Olive Oil Originale 750ml,502951,$6.50,$0.87 / 100ML,https://www.woolworths.com.au/shop/productdetails/502951/bertolli-extra-virgin-olive-oil-originale,https://cdn0.woolworths.media/content/wowproductimages/medium/502951.jpg,2020-09-21 17:27:05,,0,,True
c506bc1e-7ded-46bc-932d-e4f77e50249f,Woolworths Supermarket,Pantry,Arnott's Monte Carlo 250g,036031,$3.00,$1.20 / 100G,https://www.woolworths.com.au/shop/productdetails/36031/arnott-s-monte-carlo,https://cdn0.woolworths.media/content/wowproductimages/medium/036031.jpg,2020-09-21 17:27:05,,0,,True
7fac0470-60a6-4a69-88cd-63aac7b7dae5,Woolworths Supermarket,Pantry,Cobram Estate Extra Virgin Light Olive Oil 750ml,345955,$15.00,$2.00 / 100ML,https://www.woolworths.com.au/shop/productdetails/345955/cobram-estate-extra-virgin-light-olive-oil,https://cdn0.woolworths.media/content/wowproductimages/medium/345955.jpg,2020-09-21 17:27:05,,0,,True
8b96a006-97f4-403a-a816-33e70a9a4bd1,Woolworths Supermarket,Pantry,Cadbury Dairy Milk Chocolate Fair Trade 350g,757883,$5.00,$1.43 / 100G,https://www.woolworths.com.au/shop/productdetails/757883/cadbury-dairy-milk-chocolate-fair-trade,https://cdn0.woolworths.media/content/wowproductimages/medium/757883.jpg,2020-09-21 17:27:05,,0,Was $6.30 16/01/2017,True
e699e4b7-1fbd-465c-8a86-01b465a54eff,Woolworths Supermarket,Pantry,Woolworths Diced Italian Tomatoes No Added Salt 400g,770320,$0.80,$2.00 / 1KG,https://www.woolworths.com.au/shop/productdetails/770320/woolworths-diced-italian-tomatoes-no-added-salt,https://cdn0.woolworths.media/content/wowproductimages/medium/770320.jpg,2020-09-21 17:27:05,Average product rating out of 5: 4.7. Product score is based on 311 ratings,311,,True
a2ba4969-953f-4057-a6fe-faade95471b5,Woolworths Supermarket,Pantry,Queen Organic Vanilla Bean Paste 65g,225399,$11.80,$18.15 / 100G,https://www.woolworths.com.au/shop/productdetails/225399/queen-organic-vanilla-bean-paste,https://cdn0.woolworths.media/content/wowproductimages/medium/225399.jpg,2020-09-21 17:27:05,,0,,True
7c19e34d-543e-49ff-9eb9-ce76b90756fd,Woolworths Supermarket,Pantry,Woolworths White Rice Long Grain 5kg,072779,$6.70,$0.13 / 100G,https://www.woolworths.com.au/shop/productdetails/72779/woolworths-white-rice-long-grain,https://cdn0.woolworths.media/content/wowproductimages/medium/072779.jpg,2020-09-21 17:27:05,Average product rating out of 5: 4.8. Product score is based on 14 ratings,14,,True
b1e8692e-acd9-46ad-b11f-defbc58487bc,Woolworths Supermarket,Pantry,Woolworths Almond Meal 400g,610610,$7.50,$18.75 / 1KG,https://www.woolworths.com.au/shop/productdetails/610610/woolworths-almond-meal,https://cdn0.woolworths.media/content/wowproductimages/medium/610610.jpg,2020-09-21 17:27:05,Average product rating out of 5: 4.6. Product score is based on 326 ratings,326,Was $9.00 22/07/2020,True
e11b2f93-eef9-4014-b6ef-018bf14b8896,Woolworths Supermarket,Pantry,Vege Chips Chicken Style 100g,793382,$3.80,$3.80 / 100G,https://www.woolworths.com.au/shop/productdetails/793382/vege-chips-chicken-style,https://cdn0.woolworths.media/content/wowproductimages/medium/793382.jpg,2020-09-21 17:27:05,Average product rating out of 5: 4.7. Product score is based on 20 ratings,20,,True
bcc3cb83-bf0f-4833-8bfb-dddc0baeb779,Woolworths Supermarket,Pantry,Beechworth Pure Honey 1.5kg,250371,$22.00,$1.47 / 100G,https://www.woolworths.com.au/shop/productdetails/250371/beechworth-pure-honey,https://cdn0.woolworths.media/content/wowproductimages/medium/250371.jpg,2020-09-21 17:27:05,,0,,True
061190c7-f8b7-4a62-b4cb-6984414b1866,Woolworths Supermarket,Pantry,Nescafe Blend 43 Soluble Instant Coffee 500g,035694,$20.00,$4.00 / 100G,https://www.woolworths.com.au/shop/productdetails/35694/nescafe-blend-43-soluble-instant-coffee,https://cdn0.woolworths.media/content/wowproductimages/medium/035694.jpg,2020-09-21 17:27:05,,0,,True
f7db777d-02db-465e-afe6-606ee3835606,Woolworths Supermarket,Pantry,Ritz Crackers Original 300g,660562,$2.50,$0.83 / 100G,https://www.woolworths.com.au/shop/productdetails/660562/ritz-crackers-original,https://cdn0.woolworths.media/content/wowproductimages/medium/660562.jpg,2020-09-21 17:27:05,,0,,True
c25f8b57-f3d9-426e-9eb8-435f9aced22e,Woolworths Supermarket,Pantry,Woolworths Sour Cream & Onion Stacked Chips 160g,696776,$1.75,$1.09 / 100G,https://www.woolworths.com.au/shop/productdetails/696776/woolworths-sour-cream-onion-stacked-chips,https://cdn0.woolworths.media/content/wowproductimages/medium/696776.jpg,2020-09-21 17:27:05,Average product rating out of 5: 4.1. Product score is based on 2188 ratings,2188,,True
f6bcf499-ad16-454a-a120-e0db345fe939,Woolworths Supermarket,Pantry,Woolworths Two Fruits In Syrup 820g,697503,$2.00,$2.44 / 1KG,https://www.woolworths.com.au/shop/productdetails/697503/woolworths-two-fruits-in-syrup,https://cdn0.woolworths.media/content/wowproductimages/medium/697503.jpg,2020-09-21 17:27:05,,0,,True
67ef6cb4-f85e-43c4-be46-df7b4f7d622b,Woolworths Supermarket,Pantry,M&m's Caramel Chocolate Medium Bag 130g,697823,$4.50,$3.46 / 100G,https://www.woolworths.com.au/shop/productdetails/697823/m-m-s-caramel-chocolate-medium-bag,https://cdn0.woolworths.media/content/wowproductimages/medium/697823.jpg,2020-09-21 17:27:05,,0,,True
cd59edbc-62f8-4992-af2c-2bac708d143a,Woolworths Supermarket,Pantry,Macro Unrefined Coconut Sugar 250g,698016,$4.00,$1.60 / 100G,https://www.woolworths.com.au/shop/productdetails/698016/macro-unrefined-coconut-sugar,https://cdn0.woolworths.media/content/wowproductimages/medium/698016.jpg,2020-09-21 17:27:05,Average product rating out of 5: 4.8. Product score is based on 24 ratings,24,,True
4a0479ad-8c3f-4b44-abab-8bff512bb9f8,Woolworths Supermarket,Pantry,Macro Bean Burger Mix 200g,698063,$3.50,$1.75 / 100G,https://www.woolworths.com.au/shop/productdetails/698063/macro-bean-burger-mix,https://cdn0.woolworths.media/content/wowproductimages/medium/698063.jpg,2020-09-21 17:27:05,Average product rating out of 5: 3.4. Product score is based on 696 ratings,696,,True
f1ef12ba-0ca5-4255-a1d6-5128c4d3b7a8,Woolworths Supermarket,Pantry,Macro Organic Coconut Flour 400g,698064,$4.00,$1.00 / 100G,https://www.woolworths.com.au/shop/productdetails/698064/macro-organic-coconut-flour,https://cdn0.woolworths.media/content/wowproductimages/medium/698064.jpg,2020-09-21 17:27:05,Average product rating out of 5: 4.1. Product score is based on 312 ratings,312,,True
4252c666-2859-4bd1-9dfc-38bb646b98fe,Woolworths Supermarket,Pantry,Heinz Spaghetti Tomato Sauce 535g,698733,$2.50,$0.47 / 100G,https://www.woolworths.com.au/shop/productdetails/698733/heinz-spaghetti-tomato-sauce,https://cdn0.woolworths.media/content/wowproductimages/medium/698733.jpg,2020-09-21 17:27:05,,0,Was $3.00 11/06/2018,True
2d7fa51a-2e89-4d27-b0c1-99b96e4b9f86,Woolworths Supermarket,Pantry,Heinz Spaghetti Extra Cheesy 535g,698736,$2.50,$0.47 / 100G,https://www.woolworths.com.au/shop/productdetails/698736/heinz-spaghetti-extra-cheesy,https://cdn0.woolworths.media/content/wowproductimages/medium/698736.jpg,2020-09-21 17:27:05,,0,Was $3.00 11/06/2018,True
ddb5bf86-92db-4e79-9eb4-f2f7ade2c720,Woolworths Supermarket,Pantry,Essentials Olive Oil 1l,698861,$6.00,$0.60 / 100ML,https://www.woolworths.com.au/shop/productdetails/698861/essentials-olive-oil,https://cdn0.woolworths.media/content/wowproductimages/medium/698861.jpg,2020-09-21 17:27:05,,0,,True
46800415-934d-49c9-a122-2e512d128270,Woolworths Supermarket,Pantry,Essentials Olive Oil 500ml,698862,$3.00,$0.60 / 100ML,https://www.woolworths.com.au/shop/productdetails/698862/essentials-olive-oil,https://cdn0.woolworths.media/content/wowproductimages/medium/698862.jpg,2020-09-21 17:27:05,,0,,True
686af991-b7fa-4df6-bce9-b303f090deb0,Woolworths Supermarket,Pantry,Woolworths Classic Olive Oil Spanish Classic 1l,698863,$7.00,$0.70 / 100ML,https://www.woolworths.com.au/shop/productdetails/698863/woolworths-classic-olive-oil-spanish-classic,https://cdn0.woolworths.media/content/wowproductimages/medium/698863.jpg,2020-09-21 17:27:05,Average product rating out of 5: 4.3. Product score is based on 461 ratings,461,Was $9.49 25/07/2016,True
961edb22-7510-421f-8fc2-1ee2a9fa155d,Woolworths Supermarket,Pantry,Woolworths Olive Oil Spanish Classic 500ml,698864,$4.00,$0.80 / 100ML,https://www.woolworths.com.au/shop/productdetails/698864/woolworths-olive-oil-spanish-classic,https://cdn0.woolworths.media/content/wowproductimages/medium/698864.jpg,2020-09-21 17:27:05,,0,Was $5.69 25/07/2016,True
b62dc0f5-4d31-48a7-a180-aa4276336969,Woolworths Supermarket,Pantry,Woolworths Olive Oil Spanish Mellow 1l,698865,$7.00,$0.70 / 100ML,https://www.woolworths.com.au/shop/productdetails/698865/woolworths-olive-oil-spanish-mellow,https://cdn0.woolworths.media/content/wowproductimages/medium/698865.jpg,2020-09-21 17:27:05,,0,Was $9.49 25/07/2016,True
fd09db5f-f1d1-46b9-9e6b-e1a966c19d2d,Woolworths Supermarket,Pantry,Woolworths Olive Oil Spanish Mellow 500ml,698866,$4.00,$0.80 / 100ML,https://www.woolworths.com.au/shop/productdetails/698866/woolworths-olive-oil-spanish-mellow,https://cdn0.woolworths.media/content/wowproductimages/medium/698866.jpg,2020-09-21 17:27:05,,0,Was $5.69 25/07/2016,True
90983b9e-f37e-4c88-9dc3-3d46e22a688f,Woolworths Supermarket,Pantry,Macro Organic Extra Virgin Spanish Olive Oil 500ml,698867,$5.00,$1.00 / 100ML,https://www.woolworths.com.au/shop/productdetails/698867/macro-organic-extra-virgin-spanish-olive-oil,https://cdn0.woolworths.media/content/wowproductimages/medium/698867.jpg,2020-09-21 17:27:05,Average product rating out of 5: 4.6. Product score is based on 437 ratings,437,Was $5.19 25/07/2016,True
8dd3c820-30ce-4580-ad94-e29f8c8fa6f1,Woolworths Supermarket,Pantry,Woolworths Extra Virgin Spanish Olive Oil 1l,698868,$7.00,$0.70 / 100ML,https://www.woolworths.com.au/shop/productdetails/698868/woolworths-extra-virgin-spanish-olive-oil,https://cdn0.woolworths.media/content/wowproductimages/medium/698868.jpg,2020-09-21 17:27:05,Average product rating out of 5: 4.0. Product score is based on 267 ratings,267,Was $9.99 25/07/2016,True
cf10e113-fe5b-4f4a-8bc1-1293ecadec78,Woolworths Supermarket,Pantry,Woolworths Spanish Extra Virgin Olive Oil 500ml,698956,$4.00,$0.80 / 100ML,https://www.woolworths.com.au/shop/productdetails/698956/woolworths-spanish-extra-virgin-olive-oil,https://cdn0.woolworths.media/content/wowproductimages/medium/698956.jpg,2020-09-21 17:27:05,,0,Was $5.89 25/07/2016,True
048454a1-2fe1-42e4-8f99-689d623764b7,Woolworths Supermarket,Pantry,The Natural Confectionery Co. Fruit Basket Reduced Sugar 220g,698977,$4.00,$1.82 / 100G,https://www.woolworths.com.au/shop/productdetails/698977/the-natural-confectionery-co-fruit-basket-reduced-sugar,https://cdn0.woolworths.media/content/wowproductimages/medium/698977.jpg,2020-09-21 17:27:05,,0,,True
a107c117-f4ee-4c85-8f4c-f2aa5f1bfe47,Woolworths Supermarket,Pantry,The Natural Confectionery Co. Snakes Reduced Sugar 260g,698978,$4.00,$1.54 / 100G,https://www.woolworths.com.au/shop/productdetails/698978/the-natural-confectionery-co-snakes-reduced-sugar,https://cdn0.woolworths.media/content/wowproductimages/medium/698978.jpg,2020-09-21 17:27:05,,0,,True
c45e69c4-a893-468c-a948-c38f024e11e6,Woolworths Supermarket,Pantry,Masterfoods Schnitzel Mix Garlic & Herb 80g,699319,$2.50,$0.31 / 10G,https://www.woolworths.com.au/shop/productdetails/699319/masterfoods-schnitzel-mix-garlic-herb,https://cdn0.woolworths.media/content/wowproductimages/medium/699319.jpg,2020-09-21 17:27:05,,0,,True
83ad69da-6d19-4de4-91c4-d6e9b2d7e8bf,Woolworths Supermarket,Pantry,Calbee Harvest Snaps Salt & Vinegar 16g x 5 pack,699335,$3.50,$4.38 / 100G,https://www.woolworths.com.au/shop/productdetails/699335/calbee-harvest-snaps-salt-vinegar,https://cdn0.woolworths.media/content/wowproductimages/medium/699335.jpg,2020-09-21 17:27:05,,0,2 for $5.00,True
49f5c968-2889-4368-9121-0cb8b1533cb1,Woolworths Supermarket,Pantry,Calbee Harvest Snaps Salt & Vinegar 93g,699336,$3.00,$3.23 / 100G,https://www.woolworths.com.au/shop/productdetails/699336/calbee-harvest-snaps-salt-vinegar,https://cdn0.woolworths.media/content/wowproductimages/medium/699336.jpg,2020-09-21 17:27:05,,0,,True
7893a75b-90d2-4719-b0c9-4e510ae05616,Woolworths Supermarket,Pantry,Raw C Virgin Coconut Oil 330ml,699413,$5.50,$1.67 / 100ML,https://www.woolworths.com.au/shop/productdetails/699413/raw-c-virgin-coconut-oil,https://cdn0.woolworths.media/content/wowproductimages/medium/699413.jpg,2020-09-21 17:27:05,,0,,True
fcdeed50-21cb-41c5-ad1b-ed7972e13b88,Woolworths Supermarket,Pantry,Csr All Natural Buttercream Icing Mix Chocolate 250g,699576,$2.50,$1.00 / 100G,https://www.woolworths.com.au/shop/productdetails/699576/csr-all-natural-buttercream-icing-mix-chocolate,https://cdn0.woolworths.media/content/wowproductimages/medium/699576.jpg,2020-09-21 17:27:05,,0,,True
320151b5-1b05-407b-9081-0c66f8984f47,Woolworths Supermarket,Pantry,Sunbites Grain Waves Sour Cream & Chives 5 pack,720220,$3.10,$2.82 / 100G,https://www.woolworths.com.au/shop/productdetails/720220/sunbites-grain-waves-sour-cream-chives,https://cdn0.woolworths.media/content/wowproductimages/medium/720220.jpg,2020-09-21 17:27:05,,0,2 for $5.00,True
fc77ce91-0a2c-4de8-8bff-764a49c9f0c4,Woolworths Supermarket,Pantry,Bertolli Extra Virgin Olive Oil Originale 750ml,502951,$6.50,$0.87 / 100ML,https://www.woolworths.com.au/shop/productdetails/502951/bertolli-extra-virgin-olive-oil-originale,https://cdn0.woolworths.media/content/wowproductimages/medium/502951.jpg,2020-09-21 17:27:05,,0,,True
ac0d42a0-93f1-4664-a995-a0a1ec7effbd,Woolworths Supermarket,Pantry,Ritz Crackers Original 300g,660562,$2.50,$0.83 / 100G,https://www.woolworths.com.au/shop/productdetails/660562/ritz-crackers-original,https://cdn0.woolworths.media/content/wowproductimages/medium/660562.jpg,2020-09-21 17:27:05,,0,,True
0e5a833a-260e-4d36-9eaf-5bb82d3676bf,Woolworths Supermarket,Pantry,Sanitarium Weet-bix Breakfast Cereal 1.2kg,200695,$5.00,$0.42 / 100G,https://www.woolworths.com.au/shop/productdetails/200695/sanitarium-weet-bix-breakfast-cereal,https://cdn0.woolworths.media/content/wowproductimages/medium/200695.jpg,2020-09-21 17:27:05,,0,,True
b45ef075-7d39-4d68-a501-3c92924bd0cc,Woolworths Supermarket,Pantry,Beechworth Pure Honey 1.5kg,250371,$22.00,$1.47 / 100G,https://www.woolworths.com.au/shop/productdetails/250371/beechworth-pure-honey,https://cdn0.woolworths.media/content/wowproductimages/medium/250371.jpg,2020-09-21 17:27:05,,0,,True
6386b695-5137-45e8-a8d9-05eb2b41f3d4,Woolworths Supermarket,Pantry,Moccona Freeze Dried Instant Coffee Classic Medium Roast 400g,208575,$24.00,$6.00 / 100G,https://www.woolworths.com.au/shop/productdetails/208575/moccona-freeze-dried-instant-coffee-classic-medium-roast,https://cdn0.woolworths.media/content/wowproductimages/medium/208575.jpg,2020-09-21 17:27:05,,0,,True
8c408e8c-2370-4ac7-98fe-f6173871f541,Woolworths Supermarket,Pantry,Vege Chips Chicken Style 100g,793382,$3.80,$3.80 / 100G,https://www.woolworths.com.au/shop/productdetails/793382/vege-chips-chicken-style,https://cdn0.woolworths.media/content/wowproductimages/medium/793382.jpg,2020-09-21 17:27:05,Average product rating out of 5: 4.7. Product score is based on 20 ratings,20,,True
78797bc5-5c0d-4ce3-8e12-84a6fd395b5b,Woolworths Supermarket,Pantry,Woolworths Almond Meal 400g,610610,$7.50,$18.75 / 1KG,https://www.woolworths.com.au/shop/productdetails/610610/woolworths-almond-meal,https://cdn0.woolworths.media/content/wowproductimages/medium/610610.jpg,2020-09-21 17:27:05,Average product rating out of 5: 4.6. Product score is based on 326 ratings,326,Was $9.00 22/07/2020,True
177394b0-762b-460b-b738-e62f5dc84ff4,Woolworths Supermarket,Pantry,Nescafe Blend 43 Soluble Instant Coffee 500g,035694,$20.00,$4.00 / 100G,https://www.woolworths.com.au/shop/productdetails/35694/nescafe-blend-43-soluble-instant-coffee,https://cdn0.woolworths.media/content/wowproductimages/medium/035694.jpg,2020-09-21 17:27:05,,0,,True
3ef052f1-09d4-4f72-af70-27505a29b617,Woolworths Supermarket,Pantry,Continental Cup A Soup Creamy Chicken With Lots Of Noodles 2 pack,026649,$2.00,$3.33 / 100G,https://www.woolworths.com.au/shop/productdetails/26649/continental-cup-a-soup-creamy-chicken-with-lots-of-noodles,https://cdn0.woolworths.media/content/wowproductimages/medium/026649.jpg,2020-09-21 17:27:05,,0,,True
51f3f2c3-6cfe-492f-9021-a31907e8d6ac,Woolworths Supermarket,Pantry,Arnott's Monte Carlo 250g,036031,$3.00,$1.20 / 100G,https://www.woolworths.com.au/shop/productdetails/36031/arnott-s-monte-carlo,https://cdn0.woolworths.media/content/wowproductimages/medium/036031.jpg,2020-09-21 17:27:05,,0,,True
71bf1741-6d64-4758-a9cd-d039bd6b3e36,Woolworths Supermarket,Pantry,Macro Organic Quinoa Tri Colour 500g,717631,$7.00,$1.40 / 100G,https://www.woolworths.com.au/shop/productdetails/717631/macro-organic-quinoa-tri-colour,https://cdn0.woolworths.media/content/wowproductimages/medium/717631.jpg,2020-09-21 17:27:05,Average product rating out of 5: 4.6. Product score is based on 274 ratings,274,Was $9.99 09/01/2017,True
505083ab-3758-4994-bd9e-d5264854fd36,Woolworths Supermarket,Pantry,Woolworths Walnuts Kernel 500g,749540,$11.00,$22.00 / 1KG,https://www.woolworths.com.au/shop/productdetails/749540/woolworths-walnuts-kernel,https://cdn0.woolworths.media/content/wowproductimages/medium/749540.jpg,2020-09-21 17:27:05,Average product rating out of 5: 4.8. Product score is based on 360 ratings,360,,True
d07894e6-a01e-4ff3-bc95-2b69795e006d,Woolworths Supermarket,Pantry,Cadbury Dairy Milk Chocolate Fair Trade 350g,757883,$5.00,$1.43 / 100G,https://www.woolworths.com.au/shop/productdetails/757883/cadbury-dairy-milk-chocolate-fair-trade,https://cdn0.woolworths.media/content/wowproductimages/medium/757883.jpg,2020-09-21 17:27:05,,0,Was $6.30 16/01/2017,True
98c8c976-e565-4512-a29a-727f88567457,Woolworths Supermarket,Pantry,Queen Organic Vanilla Bean Paste 65g,225399,$11.80,$18.15 / 100G,https://www.woolworths.com.au/shop/productdetails/225399/queen-organic-vanilla-bean-paste,https://cdn0.woolworths.media/content/wowproductimages/medium/225399.jpg,2020-09-21 17:27:05,,0,,True
31720419-c7a3-4033-8fe9-ec3defba3b2e,Woolworths Supermarket,Pantry,Woolworths White Rice Long Grain 5kg,072779,$6.70,$0.13 / 100G,https://www.woolworths.com.au/shop/productdetails/72779/woolworths-white-rice-long-grain,https://cdn0.woolworths.media/content/wowproductimages/medium/072779.jpg,2020-09-21 17:27:05,Average product rating out of 5: 4.8. Product score is based on 14 ratings,14,,True
9dbf5b9a-a158-40cd-838e-0b7b8344e163,Woolworths Supermarket,Pantry,Mckenzie's Himalayan Salt Rock Pink 400g,749926,$5.95,$0.15 / 10G,https://www.woolworths.com.au/shop/productdetails/749926/mckenzie-s-himalayan-salt-rock-pink,https://cdn0.woolworths.media/content/wowproductimages/medium/749926.jpg,2020-09-21 17:27:05,,0,,True
de12e302-b902-4408-9d0f-c52f1694448b,Woolworths Supermarket,Pantry,Woolworths Diced Italian Tomatoes No Added Salt 400g,770320,$0.80,$2.00 / 1KG,https://www.woolworths.com.au/shop/productdetails/770320/woolworths-diced-italian-tomatoes-no-added-salt,https://cdn0.woolworths.media/content/wowproductimages/medium/770320.jpg,2020-09-21 17:27:05,Average product rating out of 5: 4.7. Product score is based on 311 ratings,311,,True
f3f51dc0-37da-49a0-86fa-dbc1b68b7eb5,Woolworths Supermarket,Pantry,Cobram Estate Extra Virgin Light Olive Oil 750ml,345955,$15.00,$2.00 / 100ML,https://www.woolworths.com.au/shop/productdetails/345955/cobram-estate-extra-virgin-light-olive-oil,https://cdn0.woolworths.media/content/wowproductimages/medium/345955.jpg,2020-09-21 17:27:05,,0,,True
264e4419-acb0-44ec-b464-33db27d20b6d,Woolworths Supermarket,Pantry,Woolworths Rolled Traditional Oats 750g,321220,$1.40,$0.19 / 100G,https://www.woolworths.com.au/shop/productdetails/321220/woolworths-rolled-traditional-oats,https://cdn0.woolworths.media/content/wowproductimages/medium/321220.jpg,2020-09-21 17:27:05,Average product rating out of 5: 4.6. Product score is based on 748 ratings,748,,True
dfcbe1d4-8250-42d8-b50a-29fcddc7e1e8,Woolworths Supermarket,Pantry,Csr All Natural Buttercream Icing Mix Vanilla 250g,699577,$2.50,$1.00 / 100G,https://www.woolworths.com.au/shop/productdetails/699577/csr-all-natural-buttercream-icing-mix-vanilla,https://cdn0.woolworths.media/content/wowproductimages/medium/699577.jpg,2020-09-21 17:27:05,,0,,True
caf9857f-225f-4e67-ac3e-2f4da333dfec,Woolworths Supermarket,Pantry,Csr All Natural Buttercream Icing Mix Strawberry Flavour 250g,699578,$2.50,$1.00 / 100G,https://www.woolworths.com.au/shop/productdetails/699578/csr-all-natural-buttercream-icing-mix-strawberry-flavour,https://cdn0.woolworths.media/content/wowproductimages/medium/699578.jpg,2020-09-21 17:27:05,,0,,True
f60af21b-fd90-4316-8aad-2655db495e1c,Woolworths Supermarket,Pantry,Woolworths Thin Corn Cake With Brown Rice 150g,699836,$1.65,$1.10 / 100G,https://www.woolworths.com.au/shop/productdetails/699836/woolworths-thin-corn-cake-with-brown-rice,https://cdn0.woolworths.media/content/wowproductimages/medium/699836.jpg,2020-09-21 17:27:05,Average product rating out of 5: 4.4. Product score is based on 397 ratings,397,,True
7bfb81a2-74e6-4dcd-99f0-bd7f154257e8,Woolworths Supermarket,Pantry,Maggi Fusian 2 Minute Instant Mi Goreng Noodle Hot & Spicy Cup 65g,700019,$1.80,$2.77 / 100G,https://www.woolworths.com.au/shop/productdetails/700019/maggi-fusian-2-minute-instant-mi-goreng-noodle-hot-spicy-cup,https://cdn0.woolworths.media/content/wowproductimages/medium/700019.jpg,2020-09-21 17:27:05,,0,,True
1901c864-8354-4c77-a82d-10d436274d45,Woolworths Supermarket,Pantry,Maggi Fusian 2 Minute Instant Hot & Spicy Noodles 5 pack,700075,$3.95,$1.10 / 100G,https://www.woolworths.com.au/shop/productdetails/700075/maggi-fusian-2-minute-instant-hot-spicy-noodles,https://cdn0.woolworths.media/content/wowproductimages/medium/700075.jpg,2020-09-21 17:27:05,,0,,True
0ff3bc36-a5db-4c35-96ab-053ce5d4af77,Woolworths Supermarket,Pantry,Maggi Fusian 2 Minute Instant Mi Goreng Soy & Mild Spice Cup 64g,700105,$1.80,$2.81 / 100G,https://www.woolworths.com.au/shop/productdetails/700105/maggi-fusian-2-minute-instant-mi-goreng-soy-mild-spice-cup,https://cdn0.woolworths.media/content/wowproductimages/medium/700105.jpg,2020-09-21 17:27:05,,0,,True
ada2c7d4-1786-4cd8-bb82-96b7e23c3652,Woolworths Supermarket,Pantry,Maggi Fusian 2 Minute Instant Soy & Mild Noodle 5 pack,700110,$3.95,$1.10 / 100G,https://www.woolworths.com.au/shop/productdetails/700110/maggi-fusian-2-minute-instant-soy-mild-noodle,https://cdn0.woolworths.media/content/wowproductimages/medium/700110.jpg,2020-09-21 17:27:05,,0,,True
5c4b5931-4b9e-4344-9188-24904198dec8,Woolworths Supermarket,Pantry,Woolworths Free From Gluten Arrowroot Biscuit 205g,700236,$2.70,$1.32 / 100G,https://www.woolworths.com.au/shop/productdetails/700236/woolworths-free-from-gluten-arrowroot-biscuit,https://cdn0.woolworths.media/content/wowproductimages/medium/700236.jpg,2020-09-21 17:27:05,Average product rating out of 5: 3.9. Product score is based on 177 ratings,177,Was $3.00 01/03/2018,True
c0560a2c-6084-44b2-9b08-87ad05ea56a6,Woolworths Supermarket,Pantry,Woolworths Lasagne Sheets 250g,700276,$1.70,$0.68 / 100G,https://www.woolworths.com.au/shop/productdetails/700276/woolworths-lasagne-sheets,https://cdn0.woolworths.media/content/wowproductimages/medium/700276.jpg,2020-09-21 17:27:05,Average product rating out of 5: 4.4. Product score is based on 314 ratings,314,,True
1ff7e8b7-9a0f-406f-b5d0-5490590ed933,Woolworths Supermarket,Pantry,Mother Earth Golden Baked Oaty Slice Golden Oats 6pk 240g,700306,$3.00,$1.25 / 100G,https://www.woolworths.com.au/shop/productdetails/700306/mother-earth-golden-baked-oaty-slice-golden-oats,https://cdn0.woolworths.media/content/wowproductimages/medium/700306.jpg,2020-09-21 17:27:05,,0,Was $4.00 26/02/2018,True
c5b69f8d-d566-41b0-a36b-005ea7a753d3,Woolworths Supermarket,Pantry,Mccormicks Organic Cinnamon Ground 13g,700379,$2.50,$1.92 / 10G,https://www.woolworths.com.au/shop/productdetails/700379/mccormicks-organic-cinnamon-ground,https://cdn0.woolworths.media/content/wowproductimages/medium/700379.jpg,2020-09-21 17:27:05,,0,,True
058617ca-3296-426c-a478-fec7d15e636d,Woolworths Supermarket,Pantry,Mccormicks Organic Paprika Ground 16g,700456,$2.50,$1.56 / 10G,https://www.woolworths.com.au/shop/productdetails/700456/mccormicks-organic-paprika-ground,https://cdn0.woolworths.media/content/wowproductimages/medium/700456.jpg,2020-09-21 17:27:05,,0,,True
659c9021-945f-475f-b917-9695c32bf5a0,Woolworths Supermarket,Pantry,Mccormicks Organic Tumericground 17g,700508,$2.50,$1.47 / 10G,https://www.woolworths.com.au/shop/productdetails/700508/mccormicks-organic-tumericground,https://cdn0.woolworths.media/content/wowproductimages/medium/700508.jpg,2020-09-21 17:27:05,,0,,True
43f7197d-efae-48fb-a747-92b7d6299541,Woolworths Supermarket,Pantry,Macro Organic Rolled Oats 500g,700524,$3.50,$0.70 / 100G,https://www.woolworths.com.au/shop/productdetails/700524/macro-organic-rolled-oats,https://cdn0.woolworths.media/content/wowproductimages/medium/700524.jpg,2020-09-21 17:27:05,Average product rating out of 5: 4.7. Product score is based on 60 ratings,60,Was $3.75 17/05/2018,True
f0af3229-dcfc-446e-a3a1-5b3396a92f48,Woolworths Supermarket,Pantry,Macro Organic Quick Oats 500g,700525,$3.50,$0.70 / 100G,https://www.woolworths.com.au/shop/productdetails/700525/macro-organic-quick-oats,https://cdn0.woolworths.media/content/wowproductimages/medium/700525.jpg,2020-09-21 17:27:05,Average product rating out of 5: 4.5. Product score is based on 622 ratings,622,Was $3.75 17/05/2018,True
5dbdaaf2-1fe8-4f32-b7ab-46a1ad3518a6,Woolworths Supermarket,Pantry,Mccormicks Organic Chilli Flakes 12g,700528,$2.50,$2.08 / 10G,https://www.woolworths.com.au/shop/productdetails/700528/mccormicks-organic-chilli-flakes,https://cdn0.woolworths.media/content/wowproductimages/medium/700528.jpg,2020-09-21 17:27:05,,0,,True
ac28de2e-949d-48c3-ad52-f8a8e2292db9,Woolworths Supermarket,Pantry,Mother Earth Oaty Slice Almond Grain 240g,700564,$3.00,$1.25 / 100G,https://www.woolworths.com.au/shop/productdetails/700564/mother-earth-oaty-slice-almond-grain,https://cdn0.woolworths.media/content/wowproductimages/medium/700564.jpg,2020-09-21 17:27:05,,0,Was $4.00 26/02/2018,True
455afe72-7457-48fb-ad27-2aeeb082a6b4,Woolworths Supermarket,Pantry,Mccormicks Organic Cumin Ground 14g,700580,$2.50,$1.79 / 10G,https://www.woolworths.com.au/shop/productdetails/700580/mccormicks-organic-cumin-ground,https://cdn0.woolworths.media/content/wowproductimages/medium/700580.jpg,2020-09-21 17:27:05,,0,,True
a3547019-ee85-4c1e-9ced-200c7363cb67,Woolworths Supermarket,Pantry,Macro Organic Lasagne Sheets 250g,700584,$2.00,$0.80 / 100G,https://www.woolworths.com.au/shop/productdetails/700584/macro-organic-lasagne-sheets,https://cdn0.woolworths.media/content/wowproductimages/medium/700584.jpg,2020-09-21 17:27:05,,0,,True
5399dc2d-e05a-4946-b541-9f5dee7b87ef,Woolworths Supermarket,Pantry,Macro Organic Baked Beans 420g,700589,$0.95,$0.23 / 100G,https://www.woolworths.com.au/shop/productdetails/700589/macro-organic-baked-beans,https://cdn0.woolworths.media/content/wowproductimages/medium/700589.jpg,2020-09-21 17:27:05,,0,,True
b93092a4-c5be-4a6e-a8af-8f4ab804c915,Woolworths Supermarket,Pantry,Macro Apple Cider Vinegar 500ml,700632,$3.50,$0.70 / 100ML,https://www.woolworths.com.au/shop/productdetails/700632/macro-apple-cider-vinegar,https://cdn0.woolworths.media/content/wowproductimages/medium/700632.jpg,2020-09-21 17:27:05,Average product rating out of 5: 4.4. Product score is based on 428 ratings,428,Was $4.00 15/07/2019,True
a74b939e-aa8e-4f5f-98a5-9111e6d6f0fa,Woolworths Supermarket,Pantry,Macro Organic Vinegar Balsamic 4 Leaf 250ml,700635,$6.00,$2.40 / 100ML,https://www.woolworths.com.au/shop/productdetails/700635/macro-organic-vinegar-balsamic-4-leaf,https://cdn0.woolworths.media/content/wowproductimages/medium/700635.jpg,2020-09-21 17:27:05,Average product rating out of 5: 4.6. Product score is based on 364 ratings,364,,True
fb0f0023-bd7f-40a0-a997-2f552aa95342,Woolworths Supermarket,Pantry,Macro Organic Chickpeas 425g,700638,$1.30,$0.31 / 100G,https://www.woolworths.com.au/shop/productdetails/700638/macro-organic-chickpeas,https://cdn0.woolworths.media/content/wowproductimages/medium/700638.jpg,2020-09-21 17:27:05,Average product rating out of 5: 4.4. Product score is based on 374 ratings,374,,True
00fdbb57-88ac-4fab-87b8-b27f830a31f6,Woolworths Supermarket,Pantry,Macro Organic Cannellini Beans 425g,700639,$1.30,$0.31 / 100G,https://www.woolworths.com.au/shop/productdetails/700639/macro-organic-cannellini-beans,https://cdn0.woolworths.media/content/wowproductimages/medium/700639.jpg,2020-09-21 17:27:05,Average product rating out of 5: 4.2. Product score is based on 304 ratings,304,,True
e5692459-9fd0-4d03-802b-df6128d488b9,Woolworths Supermarket,Pantry,Masterfoods Barbecue Sauce 500ml,099696,$2.50,$0.50 / 100ML,https://www.woolworths.com.au/shop/productdetails/99696/masterfoods-barbecue-sauce,https://cdn0.woolworths.media/content/wowproductimages/medium/099696.jpg,2020-09-21 17:27:05,,0,,True
117f8a17-0d3a-4c68-bec3-727808b1fdc1,Woolworths Supermarket,Pantry,Doritos Share Pack Cheese Supreme 170g,826731,$2.75,$1.62 / 100G,https://www.woolworths.com.au/shop/productdetails/826731/doritos-share-pack-cheese-supreme,https://cdn0.woolworths.media/content/wowproductimages/medium/826731.jpg,2020-09-21 17:27:05,,0,,True
6cfdf119-8f9b-4fdb-acb6-2fcd1e595c33,Woolworths Supermarket,Pantry,Arnott's Shortbread 250g,008838,$2.50,$1.00 / 100G,https://www.woolworths.com.au/shop/productdetails/8838/arnott-s-shortbread,https://cdn0.woolworths.media/content/wowproductimages/medium/008838.jpg,2020-09-21 17:27:05,,0,,True
00096408-c065-4130-a769-4c8ef9485331,Woolworths Supermarket,Pantry,Twisties Cheese Chips 90g,081659,$2.00,$2.22 / 100G,https://www.woolworths.com.au/shop/productdetails/81659/twisties-cheese-chips,https://cdn0.woolworths.media/content/wowproductimages/medium/081659.jpg,2020-09-21 17:27:05,,0,,True
83f9697a-1bdd-4e35-9564-2220db505774,Woolworths Supermarket,Pantry,Bertolli Extra Virgin Olive Oil Originale 750ml,502951,$6.50,$0.87 / 100ML,https://www.woolworths.com.au/shop/productdetails/502951/bertolli-extra-virgin-olive-oil-originale,https://cdn0.woolworths.media/content/wowproductimages/medium/502951.jpg,2020-09-21 17:27:05,,0,,True
af794604-e6cf-46b1-a317-485dbb7ebd9f,Woolworths Supermarket,Pantry,Valcom Canned Bamboo Shoots Sliced 225g,097730,$1.10,$4.89 / 1KG,https://www.woolworths.com.au/shop/productdetails/97730/valcom-canned-bamboo-shoots-sliced,https://cdn0.woolworths.media/content/wowproductimages/medium/097730.jpg,2020-09-21 17:27:05,,0,,True
bb14d5a1-f1cf-4668-b0ca-3b8d9b261cea,Woolworths Supermarket,Pantry,Kellogg's Nutri-grain Protein Breakfast Cereal 290g,701706,$4.95,$1.71 / 100G,https://www.woolworths.com.au/shop/productdetails/701706/kellogg-s-nutri-grain-protein-breakfast-cereal,https://cdn0.woolworths.media/content/wowproductimages/medium/701706.jpg,2020-09-21 17:27:05,,0,,True
aaf63e8f-4553-4f49-8103-7e9afcdfdd25,Woolworths Supermarket,Pantry,Arnott's Malt O' Milk 250g,036036,$2.50,$1.00 / 100G,https://www.woolworths.com.au/shop/productdetails/36036/arnott-s-malt-o-milk,https://cdn0.woolworths.media/content/wowproductimages/medium/036036.jpg,2020-09-21 17:27:05,,0,,True
2f23355d-de8b-42cc-9e61-b325e55ded31,Woolworths Supermarket,Pantry,Smith's Share Pack Crinkle Cut Salt & Vinegar 170g,826738,$2.75,$1.62 / 100G,https://www.woolworths.com.au/shop/productdetails/826738/smith-s-share-pack-crinkle-cut-salt-vinegar,https://cdn0.woolworths.media/content/wowproductimages/medium/826738.jpg,2020-09-21 17:27:05,,0,,True
c77d8bb4-f358-4fd7-9c29-3a5abc9af195,Woolworths Supermarket,Pantry,Arnott's Snack Right Sultana 250g,182697,$3.00,$1.20 / 100G,https://www.woolworths.com.au/shop/productdetails/182697/arnott-s-snack-right-sultana,https://cdn0.woolworths.media/content/wowproductimages/medium/182697.jpg,2020-09-21 17:27:05,,0,Was $4.20 11/02/2019,True
5295d7d4-9090-4df6-ad07-43b298d63b99,Woolworths Supermarket,Pantry,Toblerone Milk Chocolate Bar 50g,047011,$1.00,$2.00 / 100G,https://www.woolworths.com.au/shop/productdetails/47011/toblerone-milk-chocolate-bar,https://cdn0.woolworths.media/content/wowproductimages/medium/047011.jpg,2020-09-21 17:27:05,,0,,True
658e551e-be1c-43ac-ba6e-e027f89eb4c6,Woolworths Supermarket,Pantry,Kooka's Country Cookies Lemon 200g,347837,$2.00,$1.00 / 100G,https://www.woolworths.com.au/shop/productdetails/347837/kooka-s-country-cookies-lemon,https://cdn0.woolworths.media/content/wowproductimages/medium/347837.jpg,2020-09-21 17:27:05,,0,,True
fd171656-7411-48dc-ac94-44223099421c,Woolworths Supermarket,Pantry,Uncle Tobys Roll-ups Strawberry Fun Prints 6 pack,324231,$4.00,$4.26 / 100G,https://www.woolworths.com.au/shop/productdetails/324231/uncle-tobys-roll-ups-strawberry-fun-prints,https://cdn0.woolworths.media/content/wowproductimages/medium/324231.jpg,2020-09-21 17:27:05,,0,,True
d0dbce53-661e-4859-9667-edc5a8703f3f,Woolworths Supermarket,Pantry,Woolworths Corn Sweet Kernels 420g,218926,$1.00,$2.38 / 1KG,https://www.woolworths.com.au/shop/productdetails/218926/woolworths-corn-sweet-kernels,https://cdn0.woolworths.media/content/wowproductimages/medium/218926.jpg,2020-09-21 17:27:05,Average product rating out of 5: 4.1. Product score is based on 215 ratings,215,,True
ef1bd156-fa17-4dfa-a828-c2b9986935bf,Woolworths Supermarket,Pantry,Moccona Freeze Dried Instant Coffee Classic Medium Roast 400g,208575,$24.00,$6.00 / 100G,https://www.woolworths.com.au/shop/productdetails/208575/moccona-freeze-dried-instant-coffee-classic-medium-roast,https://cdn0.woolworths.media/content/wowproductimages/medium/208575.jpg,2020-09-21 17:27:05,,0,,True
5cd9720a-def7-4b2b-a1bf-66ca6cfeaa58,Woolworths Supermarket,Pantry,Macro Organic Quinoa Tri Colour 500g,717631,$7.00,$1.40 / 100G,https://www.woolworths.com.au/shop/productdetails/717631/macro-organic-quinoa-tri-colour,https://cdn0.woolworths.media/content/wowproductimages/medium/717631.jpg,2020-09-21 17:27:05,Average product rating out of 5: 4.6. Product score is based on 274 ratings,274,Was $9.99 09/01/2017,True
cf4195d9-ad60-418c-91b3-a99b1a23d0c0,Woolworths Supermarket,Pantry,Arnott's Shapes Cheddar 175g,384244,$2.50,$1.43 / 100G,https://www.woolworths.com.au/shop/productdetails/384244/arnott-s-shapes-cheddar,https://cdn0.woolworths.media/content/wowproductimages/medium/384244.jpg,2020-09-21 17:27:05,,0,,True
def152fd-26ec-401e-96a2-2a8bc00c6fcb,Woolworths Supermarket,Pantry,Uncle Ben's Microwave Mexican Style Brown Rice 250g,727257,$3.00,$1.20 / 100G,https://www.woolworths.com.au/shop/productdetails/727257/uncle-ben-s-microwave-mexican-style-brown-rice,https://cdn0.woolworths.media/content/wowproductimages/medium/727257.jpg,2020-09-21 17:27:05,,0,,True
85974faf-fee1-49ed-83ee-d2f8c87d6135,Woolworths Supermarket,Pantry,Pringles Sour Cream And Onion Chips 134g,479502,$2.50,$1.87 / 100G,https://www.woolworths.com.au/shop/productdetails/479502/pringles-sour-cream-and-onion-chips,https://cdn0.woolworths.media/content/wowproductimages/medium/479502.jpg,2020-09-21 17:27:05,,0,,True
e5c6c4e8-60a4-442d-bdd6-8189194c3659,Woolworths Supermarket,Pantry,Macro Organic Red Kidney Beans 425g,700640,$1.30,$0.31 / 100G,https://www.woolworths.com.au/shop/productdetails/700640/macro-organic-red-kidney-beans,https://cdn0.woolworths.media/content/wowproductimages/medium/700640.jpg,2020-09-21 17:27:05,Average product rating out of 5: 4.4. Product score is based on 988 ratings,988,,True
e548e2d8-3127-46a6-bfb3-f2bbc6fa3aa3,Woolworths Supermarket,Pantry,Macro Organic Tomatoes Diced No Added Salt 400g,700642,$1.20,$3.00 / 1KG,https://www.woolworths.com.au/shop/productdetails/700642/macro-organic-tomatoes-diced-no-added-salt,https://cdn0.woolworths.media/content/wowproductimages/medium/700642.jpg,2020-09-21 17:27:05,Average product rating out of 5: 4.6. Product score is based on 423 ratings,423,,True
442be737-35b5-40e4-8128-ad976b13d679,Woolworths Supermarket,Pantry,Macro Organic Passata 700g,700648,$2.15,$0.31 / 100G,https://www.woolworths.com.au/shop/productdetails/700648/macro-organic-passata,https://cdn0.woolworths.media/content/wowproductimages/medium/700648.jpg,2020-09-21 17:27:05,Average product rating out of 5: 4.4. Product score is based on 561 ratings,561,,True
6fb13774-63ff-435f-a42c-73b26a4eb808,Woolworths Supermarket,Pantry,San Remo La Pasta Alfredo 160g,700692,$2.00,$1.25 / 100G,https://www.woolworths.com.au/shop/productdetails/700692/san-remo-la-pasta-alfredo,https://cdn0.woolworths.media/content/wowproductimages/medium/700692.jpg,2020-09-21 17:27:05,,0,,True
e9fb519b-6de9-4ad7-ab88-a5d890394a18,Woolworths Supermarket,Pantry,San Remo La Pasta Creamy Bacon 160g,700712,$2.00,$1.25 / 100G,https://www.woolworths.com.au/shop/productdetails/700712/san-remo-la-pasta-creamy-bacon,https://cdn0.woolworths.media/content/wowproductimages/medium/700712.jpg,2020-09-21 17:27:05,,0,,True
b1cea0e0-6649-450d-9342-033958cde457,Woolworths Supermarket,Pantry,San Remo La Pasta Carbonara 160g,700713,$2.00,$1.25 / 100G,https://www.woolworths.com.au/shop/productdetails/700713/san-remo-la-pasta-carbonara,https://cdn0.woolworths.media/content/wowproductimages/medium/700713.jpg,2020-09-21 17:27:05,,0,,True
8a511b9f-44b4-44ea-aa34-55e2e7f46d12,Woolworths Supermarket,Pantry,San Remo La Pasta Macaroni Cheese 160g,700721,$2.00,$1.25 / 100G,https://www.woolworths.com.au/shop/productdetails/700721/san-remo-la-pasta-macaroni-cheese,https://cdn0.woolworths.media/content/wowproductimages/medium/700721.jpg,2020-09-21 17:27:05,,0,,True
343c6465-28c5-4bef-9598-002a537c1d97,Woolworths Supermarket,Pantry,Higher Living Sweet Dreams Tea Bags 15 pack,701038,$3.70,$0.25 / 1EA,https://www.woolworths.com.au/shop/productdetails/701038/higher-living-sweet-dreams-tea-bags,https://cdn0.woolworths.media/content/wowproductimages/medium/701038.jpg,2020-09-21 17:27:05,,0,,True
6d94f727-b58a-4856-b4ea-dc355750803d,Woolworths Supermarket,Pantry,Higher Living Ginger Kick Tea Bags 15 pack,701112,$3.70,$0.25 / 1EA,https://www.woolworths.com.au/shop/productdetails/701112/higher-living-ginger-kick-tea-bags,https://cdn0.woolworths.media/content/wowproductimages/medium/701112.jpg,2020-09-21 17:27:05,,0,,True
4ad100a9-e941-432b-ae80-a2a16026c7af,Woolworths Supermarket,Pantry,Twinings Raspberry Strawberry & Loganberry Tea Bags 10pk 15g,701255,$2.70,$0.27 / 1EA,https://www.woolworths.com.au/shop/productdetails/701255/twinings-raspberry-strawberry-loganberry-tea-bags,https://cdn0.woolworths.media/content/wowproductimages/medium/701255.jpg,2020-09-21 17:27:05,,0,,True
21e30af2-9cb2-47c1-a013-a4f64c4a2d65,Woolworths Supermarket,Pantry,Twinings Cranberry Pomegranate Tea Bags 10pk 20g,701318,$2.70,$0.27 / 1EA,https://www.woolworths.com.au/shop/productdetails/701318/twinings-cranberry-pomegranate-tea-bags,https://cdn0.woolworths.media/content/wowproductimages/medium/701318.jpg,2020-09-21 17:27:05,,0,,True
a2083de9-6329-43a2-940d-9827f0fa5388,Woolworths Supermarket,Pantry,Twinings Camomile Honey & Vanilla Tea Bags 10pk 15g,701332,$2.70,$0.27 / 1EA,https://www.woolworths.com.au/shop/productdetails/701332/twinings-camomile-honey-vanilla-tea-bags,https://cdn0.woolworths.media/content/wowproductimages/medium/701332.jpg,2020-09-21 17:27:05,,0,,True
4be4f1c8-1b50-4a5d-a430-4c6e230383fa,Woolworths Supermarket,Pantry,Kellogg's Just Right Apricot & Sultana Cereal 460g,701638,$5.90,$1.28 / 100G,https://www.woolworths.com.au/shop/productdetails/701638/kellogg-s-just-right-apricot-sultana-cereal,https://cdn0.woolworths.media/content/wowproductimages/medium/701638.jpg,2020-09-21 17:27:05,,0,,True
8ba6068e-cf95-49c9-bb3e-5d943bc3e09f,Woolworths Supermarket,Pantry,Kellogg's Special K Original Breakfast Cereal 300g,701639,$4.95,$1.65 / 100G,https://www.woolworths.com.au/shop/productdetails/701639/kellogg-s-special-k-original-breakfast-cereal,https://cdn0.woolworths.media/content/wowproductimages/medium/701639.jpg,2020-09-21 17:27:05,,0,,True
76faa456-7ff2-4147-b70c-0862b9b36fcd,Woolworths Supermarket,Pantry,Kellogg's Corn Flakes Breakfast Cereal 220g,701674,$2.90,$1.32 / 100G,https://www.woolworths.com.au/shop/productdetails/701674/kellogg-s-corn-flakes-breakfast-cereal,https://cdn0.woolworths.media/content/wowproductimages/medium/701674.jpg,2020-09-21 17:27:05,,0,,True
6b907b36-abff-4385-8e93-f8adfb49037e,Woolworths Supermarket,Pantry,Kellogg's Frosties Breakfast Cereal 350g,701675,$4.95,$1.41 / 100G,https://www.woolworths.com.au/shop/productdetails/701675/kellogg-s-frosties-breakfast-cereal,https://cdn0.woolworths.media/content/wowproductimages/medium/701675.jpg,2020-09-21 17:27:05,,0,,True
d2068906-07a5-4c49-a2a0-eace366d9857,Woolworths Supermarket,Pantry,Kellogg's All-bran High Fibre Breakfast Cereal 530g,701676,$5.25,$0.99 / 100G,https://www.woolworths.com.au/shop/productdetails/701676/kellogg-s-all-bran-high-fibre-breakfast-cereal,https://cdn0.woolworths.media/content/wowproductimages/medium/701676.jpg,2020-09-21 17:27:05,,0,,True
80424c24-8125-48fb-b206-8dc41eb0c1cf,Woolworths Supermarket,Pantry,Kellogg's All-bran Flakes Honey Almond Cereal 420g,701689,$6.50,$1.55 / 100G,https://www.woolworths.com.au/shop/productdetails/701689/kellogg-s-all-bran-flakes-honey-almond-cereal,https://cdn0.woolworths.media/content/wowproductimages/medium/701689.jpg,2020-09-21 17:27:05,,0,,True
321ed2fd-aace-4d12-a799-17e66f608dea,Woolworths Supermarket,Pantry,Be Natural Breakfast Cereal With 5 Whole Grain Flakes 325g,701701,$3.20,$0.98 / 100G,https://www.woolworths.com.au/shop/productdetails/701701/be-natural-breakfast-cereal-with-5-whole-grain-flakes,https://cdn0.woolworths.media/content/wowproductimages/medium/701701.jpg,2020-09-21 17:27:05,,0,,True
78264d65-a14b-4aec-9937-994a271d4ea5,Woolworths Supermarket,Pantry,Kellogg's Just Right Apricot & Sultana Cereal 790g,701704,$8.50,$1.08 / 100G,https://www.woolworths.com.au/shop/productdetails/701704/kellogg-s-just-right-apricot-sultana-cereal,https://cdn0.woolworths.media/content/wowproductimages/medium/701704.jpg,2020-09-21 17:27:05,,0,,True
7c3b26af-e5dc-47d9-8a57-94c711dd6783,Woolworths Supermarket,Pantry,Kellogg's Coco Pops Chocolatey Breakfast Cereal 375g,701705,$5.40,$1.44 / 100G,https://www.woolworths.com.au/shop/productdetails/701705/kellogg-s-coco-pops-chocolatey-breakfast-cereal,https://cdn0.woolworths.media/content/wowproductimages/medium/701705.jpg,2020-09-21 17:27:05,,0,,True
96417472-8dfa-4765-a70d-62fd7f7991e0,Woolworths Supermarket,Pantry,Kellogg's Nutri-grain Protein Breakfast Cereal 290g,701706,$4.95,$1.71 / 100G,https://www.woolworths.com.au/shop/productdetails/701706/kellogg-s-nutri-grain-protein-breakfast-cereal,https://cdn0.woolworths.media/content/wowproductimages/medium/701706.jpg,2020-09-21 17:27:05,,0,,True
967f5f5d-44b2-4b55-8d46-0398d911d845,Woolworths Supermarket,Pantry,Kellogg's Coco Pops Chocolatey Breakfast Cereal 650g,701707,$5.50,$0.85 / 100G,https://www.woolworths.com.au/shop/productdetails/701707/kellogg-s-coco-pops-chocolatey-breakfast-cereal,https://cdn0.woolworths.media/content/wowproductimages/medium/701707.jpg,2020-09-21 17:27:05,,0,,True
66a02fbc-1c62-43f4-8e41-fca921c0f17f,Woolworths Supermarket,Pantry,Kellogg's Crispix Honey Pillows Breakfast Cereal 460g,701717,$5.50,$1.20 / 100G,https://www.woolworths.com.au/shop/productdetails/701717/kellogg-s-crispix-honey-pillows-breakfast-cereal,https://cdn0.woolworths.media/content/wowproductimages/medium/701717.jpg,2020-09-21 17:27:05,,0,Was $6.59 12/06/2018,True
40ad1e6d-5926-4818-8fec-ca1eb7242432,Woolworths Supermarket,Pantry,Arnott's Shapes Chicken Crimpy 175g,384245,$2.50,$1.43 / 100G,https://www.woolworths.com.au/shop/productdetails/384245/arnott-s-shapes-chicken-crimpy,https://cdn0.woolworths.media/content/wowproductimages/medium/384245.jpg,2020-09-21 17:27:05,,0,,True
5f38c3ea-04a6-4b96-a544-1f5b460679bb,Woolworths Supermarket,Pantry,Sunbites Grain Waves Sour Cream & Chives 5 pack,720220,$3.10,$2.82 / 100G,https://www.woolworths.com.au/shop/productdetails/720220/sunbites-grain-waves-sour-cream-chives,https://cdn0.woolworths.media/content/wowproductimages/medium/720220.jpg,2020-09-21 17:27:05,,0,2 for $5.00,True
41617d48-7dda-4ef8-a8fc-8be3d06bc29e,Woolworths Supermarket,Pantry,Cadbury Dairy Milk Chocolate Fair Trade 350g,757883,$5.00,$1.43 / 100G,https://www.woolworths.com.au/shop/productdetails/757883/cadbury-dairy-milk-chocolate-fair-trade,https://cdn0.woolworths.media/content/wowproductimages/medium/757883.jpg,2020-09-21 17:27:05,,0,Was $6.30 16/01/2017,True
a2d73d93-80ff-45ae-9dac-e4ac2e55a8ae,Woolworths Supermarket,Pantry,Essentials Raw Sugar 2kg,018174,$2.10,$0.11 / 100G,https://www.woolworths.com.au/shop/productdetails/18174/essentials-raw-sugar,https://cdn0.woolworths.media/content/wowproductimages/medium/018174.jpg,2020-09-21 17:27:05,,0,,True
76ee9c73-a05a-470d-9af3-40ed44c57763,Woolworths Supermarket,Pantry,Mckenzie's Rice Flour 375g,094275,$1.50,$4.00 / 1KG,https://www.woolworths.com.au/shop/productdetails/94275/mckenzie-s-rice-flour,https://cdn0.woolworths.media/content/wowproductimages/medium/094275.jpg,2020-09-21 17:27:05,,0,,True
83c938a1-1d46-486a-8c7a-6700173107c0,Woolworths Supermarket,Pantry,Woolworths Rolled Traditional Oats 750g,321220,$1.40,$0.19 / 100G,https://www.woolworths.com.au/shop/productdetails/321220/woolworths-rolled-traditional-oats,https://cdn0.woolworths.media/content/wowproductimages/medium/321220.jpg,2020-09-21 17:27:05,Average product rating out of 5: 4.6. Product score is based on 748 ratings,748,,True
e3ad0849-e796-44c6-8380-616b17ec0e38,Woolworths Supermarket,Pantry,Arnott's Monte Carlo 250g,036031,$3.00,$1.20 / 100G,https://www.woolworths.com.au/shop/productdetails/36031/arnott-s-monte-carlo,https://cdn0.woolworths.media/content/wowproductimages/medium/036031.jpg,2020-09-21 17:27:05,,0,,True
0e82e8cd-37cd-4e0f-9767-341420c9ec04,Woolworths Supermarket,Pantry,Essentials Pasta Penne 500g,188800,$0.80,$0.16 / 100G,https://www.woolworths.com.au/shop/productdetails/188800/essentials-pasta-penne,https://cdn0.woolworths.media/content/wowproductimages/medium/188800.jpg,2020-09-21 17:27:05,,0,,True
a5cd79fa-ae87-4780-a037-2b025d11a786,Woolworths Supermarket,Pantry,Heinz Canned Soup Big Red Tomato 420g,034331,$2.20,$0.52 / 100G,https://www.woolworths.com.au/shop/productdetails/34331/heinz-canned-soup-big-red-tomato,https://cdn0.woolworths.media/content/wowproductimages/medium/034331.jpg,2020-09-21 17:27:05,,0,,True
c51620d0-bd00-4d07-82d4-846be835f90d,Woolworths Supermarket,Pantry,Ritz Crackers Original 300g,660562,$2.50,$0.83 / 100G,https://www.woolworths.com.au/shop/productdetails/660562/ritz-crackers-original,https://cdn0.woolworths.media/content/wowproductimages/medium/660562.jpg,2020-09-21 17:27:05,,0,,True
325a00ab-37ad-4435-a2dd-2985d41fb0a2,Woolworths Supermarket,Pantry,Masterfoods Barbecue Sauce 500ml,099696,$2.50,$0.50 / 100ML,https://www.woolworths.com.au/shop/productdetails/99696/masterfoods-barbecue-sauce,https://cdn0.woolworths.media/content/wowproductimages/medium/099696.jpg,2020-09-21 17:27:05,,0,,True
3c8aea76-7369-46dd-99da-194778f349f5,Woolworths Supermarket,Pantry,Ardmona Tomatoes Diced No Added Salt 400g,226849,$1.40,$3.50 / 1KG,https://www.woolworths.com.au/shop/productdetails/226849/ardmona-tomatoes-diced-no-added-salt,https://cdn0.woolworths.media/content/wowproductimages/medium/226849.jpg,2020-09-21 17:27:05,,0,,True
65e14530-8fad-4468-82c1-cccac61cc6a5,Woolworths Supermarket,Pantry,Sunbites Grain Waves Sour Cream & Chives 170g,082361,$3.50,$2.06 / 100G,https://www.woolworths.com.au/shop/productdetails/82361/sunbites-grain-waves-sour-cream-chives,https://cdn0.woolworths.media/content/wowproductimages/medium/082361.jpg,2020-09-21 17:27:05,,0,,True
0c9b335f-9525-4610-a8e8-e46ab0faf7c5,Woolworths Supermarket,Pantry,Cadbury Fry's Turkish Delight 55g bar,098390,$1.00,$1.82 / 100G,https://www.woolworths.com.au/shop/productdetails/98390/cadbury-fry-s-turkish-delight,https://cdn0.woolworths.media/content/wowproductimages/medium/098390.jpg,2020-09-21 17:27:05,,0,,True
3ce69076-993f-4d96-b03d-a4ebc04a8894,Woolworths Supermarket,Pantry,Mckenzie's Himalayan Salt Rock Pink 400g,749926,$5.95,$0.15 / 10G,https://www.woolworths.com.au/shop/productdetails/749926/mckenzie-s-himalayan-salt-rock-pink,https://cdn0.woolworths.media/content/wowproductimages/medium/749926.jpg,2020-09-21 17:27:05,,0,,True
b9a5223a-b15a-44b6-b29a-6b3e2617142b,Woolworths Supermarket,Pantry,Macro Organic Quinoa Tri Colour 500g,717631,$7.00,$1.40 / 100G,https://www.woolworths.com.au/shop/productdetails/717631/macro-organic-quinoa-tri-colour,https://cdn0.woolworths.media/content/wowproductimages/medium/717631.jpg,2020-09-21 17:27:05,Average product rating out of 5: 4.6. Product score is based on 274 ratings,274,Was $9.99 09/01/2017,True
143733a9-1180-4fb9-b288-d20a080f39ea,Woolworths Supermarket,Pantry,Fantastic Rice Crackers Original 100g,035231,$1.50,$1.50 / 100G,https://www.woolworths.com.au/shop/productdetails/35231/fantastic-rice-crackers-original,https://cdn0.woolworths.media/content/wowproductimages/medium/035231.jpg,2020-09-21 17:27:05,,0,,True
9e1f2e83-9de4-4577-8e51-bc1fe78a990c,Woolworths Supermarket,Pantry,Indomie Mi Goreng Instant Noodles 5pk 425g,177972,$2.75,$0.65 / 100G,https://www.woolworths.com.au/shop/productdetails/177972/indomie-mi-goreng-instant-noodles,https://cdn0.woolworths.media/content/wowproductimages/medium/177972.jpg,2020-09-21 17:27:05,,0,,True
fdc9f341-8f8c-4c0e-bf35-d39224737ec4,Woolworths Supermarket,Pantry,Continental Cup A Soup Creamy Chicken With Lots Of Noodles 2 pack,026649,$2.00,$3.33 / 100G,https://www.woolworths.com.au/shop/productdetails/26649/continental-cup-a-soup-creamy-chicken-with-lots-of-noodles,https://cdn0.woolworths.media/content/wowproductimages/medium/026649.jpg,2020-09-21 17:27:05,,0,,True
eb857eca-17cd-4544-957c-fa9be50f99ec,Woolworths Supermarket,Pantry,Woolworths Diced Italian Tomatoes No Added Salt 400g,770320,$0.80,$2.00 / 1KG,https://www.woolworths.com.au/shop/productdetails/770320/woolworths-diced-italian-tomatoes-no-added-salt,https://cdn0.woolworths.media/content/wowproductimages/medium/770320.jpg,2020-09-21 17:27:05,Average product rating out of 5: 4.7. Product score is based on 311 ratings,311,,True
a36fe67c-ff35-4053-b56b-0282fc013597,Woolworths Supermarket,Pantry,Kellogg's Froot Loops Breakfast Cereal 285g,701718,$5.70,$2.00 / 100G,https://www.woolworths.com.au/shop/productdetails/701718/kellogg-s-froot-loops-breakfast-cereal,https://cdn0.woolworths.media/content/wowproductimages/medium/701718.jpg,2020-09-21 17:27:05,,0,,True
5ebb3535-bac4-4f33-85a2-7669cf33b4ea,Woolworths Supermarket,Pantry,Kellogg's Rice Bubbles Puffed Rice Breakfast Cereal 250g,701719,$4.15,$1.66 / 100G,https://www.woolworths.com.au/shop/productdetails/701719/kellogg-s-rice-bubbles-puffed-rice-breakfast-cereal,https://cdn0.woolworths.media/content/wowproductimages/medium/701719.jpg,2020-09-21 17:27:05,,0,,True
c72535a1-0a02-429d-8841-5bdf8501132c,Woolworths Supermarket,Pantry,Kellogg's All-bran Wheat Flakes Breakfast Cereal 330g,701725,$4.50,$1.36 / 100G,https://www.woolworths.com.au/shop/productdetails/701725/kellogg-s-all-bran-wheat-flakes-breakfast-cereal,https://cdn0.woolworths.media/content/wowproductimages/medium/701725.jpg,2020-09-21 17:27:05,,0,,True
0a18f405-95bf-4671-86ad-100ff5d976f9,Woolworths Supermarket,Pantry,Kellogg's Coco Pops Chex Breakfast Cereal 500g,701726,$7.00,$1.40 / 100G,https://www.woolworths.com.au/shop/productdetails/701726/kellogg-s-coco-pops-chex-breakfast-cereal,https://cdn0.woolworths.media/content/wowproductimages/medium/701726.jpg,2020-09-21 17:27:05,,0,,True
057cad78-3318-4daa-a257-74886e63520a,Woolworths Supermarket,Pantry,Kellogg's Sultana Bran High Fibre Breakfast Cereal 730g,701727,$5.50,$0.75 / 100G,https://www.woolworths.com.au/shop/productdetails/701727/kellogg-s-sultana-bran-high-fibre-breakfast-cereal,https://cdn0.woolworths.media/content/wowproductimages/medium/701727.jpg,2020-09-21 17:27:05,,0,,True
3a3517c4-a632-4110-a0a3-f4512b826bdb,Woolworths Supermarket,Pantry,Kellogg's Froot Loops Breakfast Cereal 500g,701731,$8.50,$1.70 / 100G,https://www.woolworths.com.au/shop/productdetails/701731/kellogg-s-froot-loops-breakfast-cereal,https://cdn0.woolworths.media/content/wowproductimages/medium/701731.jpg,2020-09-21 17:27:05,,0,,True
ac567bf5-498e-4281-8ffc-2dac1b7cb61e,Woolworths Supermarket,Pantry,Kellogg's Sultana Bran High Fibre Breakfast Cereal 420g,701732,$5.30,$1.26 / 100G,https://www.woolworths.com.au/shop/productdetails/701732/kellogg-s-sultana-bran-high-fibre-breakfast-cereal,https://cdn0.woolworths.media/content/wowproductimages/medium/701732.jpg,2020-09-21 17:27:05,,0,,True
cd4c8600-fe28-4725-b86d-04ffe63f7017,Woolworths Supermarket,Pantry,Kellogg's Guardian Psyllium Breakfast Cereal 360g,701733,$6.30,$1.75 / 100G,https://www.woolworths.com.au/shop/productdetails/701733/kellogg-s-guardian-psyllium-breakfast-cereal,https://cdn0.woolworths.media/content/wowproductimages/medium/701733.jpg,2020-09-21 17:27:05,,0,,True
1cd8f72a-01dd-4905-83e5-d7968c8773f5,Woolworths Supermarket,Pantry,Kellogg's Special K High Fibre Advantage Cereal 315g,701734,$4.80,$1.52 / 100G,https://www.woolworths.com.au/shop/productdetails/701734/kellogg-s-special-k-high-fibre-advantage-cereal,https://cdn0.woolworths.media/content/wowproductimages/medium/701734.jpg,2020-09-21 17:27:05,,0,,True
7eaa9a1a-025e-49ee-b461-f5d4d7d19f8d,Woolworths Supermarket,Pantry,Kellogg's Crunchy Nut Clusters Breakfast Cereal 450g,701736,$6.40,$1.42 / 100G,https://www.woolworths.com.au/shop/productdetails/701736/kellogg-s-crunchy-nut-clusters-breakfast-cereal,https://cdn0.woolworths.media/content/wowproductimages/medium/701736.jpg,2020-09-21 17:27:05,,0,,True
ade40397-2bb1-402e-95d1-9899f519c872,Woolworths Supermarket,Pantry,Kellogg's Special K Original Breakfast Cereal 535g,701737,$5.50,$1.03 / 100G,https://www.woolworths.com.au/shop/productdetails/701737/kellogg-s-special-k-original-breakfast-cereal,https://cdn0.woolworths.media/content/wowproductimages/medium/701737.jpg,2020-09-21 17:27:05,,0,,True
104d4537-ed0a-415f-9d55-fd666c74b69a,Woolworths Supermarket,Pantry,Kellogg's Nutri-grain Protein Breakfast Cereal 500g,701741,$5.50,$1.10 / 100G,https://www.woolworths.com.au/shop/productdetails/701741/kellogg-s-nutri-grain-protein-breakfast-cereal,https://cdn0.woolworths.media/content/wowproductimages/medium/701741.jpg,2020-09-21 17:27:05,,0,,True
7ff6c7e9-af19-4690-b616-bf6953067621,Woolworths Supermarket,Pantry,Kellogg's Special K Forest Berries Cereal 380g,701750,$5.90,$1.55 / 100G,https://www.woolworths.com.au/shop/productdetails/701750/kellogg-s-special-k-forest-berries-cereal,https://cdn0.woolworths.media/content/wowproductimages/medium/701750.jpg,2020-09-21 17:27:05,,0,,True
e3e0679b-e60f-4adc-9524-0f0834716320,Woolworths Supermarket,Pantry,Kellogg's Crunchy Nut Corn Flakes Breakfast Cereal 380g,701751,$4.95,$1.30 / 100G,https://www.woolworths.com.au/shop/productdetails/701751/kellogg-s-crunchy-nut-corn-flakes-breakfast-cereal,https://cdn0.woolworths.media/content/wowproductimages/medium/701751.jpg,2020-09-21 17:27:05,,0,,True
4ea82c47-d260-44dd-a13d-c6e408f1b60b,Woolworths Supermarket,Pantry,Kellogg's Sultana Bran Fibre Cereal With Oat Clusters 500g,701760,$5.80,$1.16 / 100G,https://www.woolworths.com.au/shop/productdetails/701760/kellogg-s-sultana-bran-fibre-cereal-with-oat-clusters,https://cdn0.woolworths.media/content/wowproductimages/medium/701760.jpg,2020-09-21 17:27:05,,0,,True
79ec7788-0f09-427a-9ac2-53c130344136,Woolworths Supermarket,Pantry,Kellogg's Sustain Whole Grain Flakes Cereal 480g,701761,$5.70,$1.19 / 100G,https://www.woolworths.com.au/shop/productdetails/701761/kellogg-s-sustain-whole-grain-flakes-cereal,https://cdn0.woolworths.media/content/wowproductimages/medium/701761.jpg,2020-09-21 17:27:05,,0,,True
baeb5666-ded4-4647-a770-a411a2facdd7,Woolworths Supermarket,Pantry,Macro Organic Basmati Rice 1kg,701764,$5.00,$0.50 / 100G,https://www.woolworths.com.au/shop/productdetails/701764/macro-organic-basmati-rice,https://cdn0.woolworths.media/content/wowproductimages/medium/701764.jpg,2020-09-21 17:27:05,Average product rating out of 5: 4.5. Product score is based on 645 ratings,645,,True
005c39ef-b9df-4374-b35c-dace6908094c,Woolworths Supermarket,Pantry,Masterfoods Marinade Honey Bbq 375g,701846,$2.50,$0.67 / 100G,https://www.woolworths.com.au/shop/productdetails/701846/masterfoods-marinade-honey-bbq,https://cdn0.woolworths.media/content/wowproductimages/medium/701846.jpg,2020-09-21 17:27:05,,0,Was $3.39 24/10/16,True
f2a87cc9-8607-4be3-90f3-2c040d436c16,Woolworths Supermarket,Pantry,Twinings Infuse Passionfruit Mango & Orange 12 pack,701877,$5.50,$0.46 / 1EA,https://www.woolworths.com.au/shop/productdetails/701877/twinings-infuse-passionfruit-mango-orange,https://cdn0.woolworths.media/content/wowproductimages/medium/701877.jpg,2020-09-21 17:27:05,,0,,True
bf8b0d51-4bae-4a85-b0b4-191a5c5608da,Woolworths Supermarket,Pantry,Uncle Tobys Cereal Plus Protein 410g,701901,$4.75,$1.16 / 100G,https://www.woolworths.com.au/shop/productdetails/701901/uncle-tobys-cereal-plus-protein,https://cdn0.woolworths.media/content/wowproductimages/medium/701901.jpg,2020-09-21 17:27:05,,0,,True
ebb846e4-6000-4ff0-89e2-90e8c9adfb8a,Woolworths Supermarket,Pantry,Twinings Infuse Rose Lemonade 12 pack,701938,$5.50,$0.46 / 1EA,https://www.woolworths.com.au/shop/productdetails/701938/twinings-infuse-rose-lemonade,https://cdn0.woolworths.media/content/wowproductimages/medium/701938.jpg,2020-09-21 17:27:05,,0,,True
e3049461-99b3-422a-a808-5749dfa32d26,Woolworths Supermarket,Pantry,Nando's Marinade Peri Peri Lemon & Herb 270g,701943,$3.75,$1.44 / 100G,https://www.woolworths.com.au/shop/productdetails/701943/nando-s-marinade-peri-peri-lemon-herb,https://cdn0.woolworths.media/content/wowproductimages/medium/701943.jpg,2020-09-21 17:27:05,,0,,True
7da56465-5c55-4601-b5c6-46fc1cd989c2,Woolworths Supermarket,Pantry,Twinings Infuse Starter Pack 1 Bottle + 3 Infusers 4 pack,701949,$10.00,$10.00 / 1EA,https://www.woolworths.com.au/shop/productdetails/701949/twinings-infuse-starter-pack-1-bottle-3-infusers,https://cdn0.woolworths.media/content/wowproductimages/medium/701949.jpg,2020-09-21 17:27:05,,0,,True
1ac9264b-ac0f-49be-9cbe-6982d656a116,Woolworths Supermarket,Pantry,Woolworths Mixed Berries In Syrup 415g,701951,$3.80,$9.16 / 1KG,https://www.woolworths.com.au/shop/productdetails/701951/woolworths-mixed-berries-in-syrup,https://cdn0.woolworths.media/content/wowproductimages/medium/701951.jpg,2020-09-21 17:27:05,,0,,True
d373da88-e346-4f9b-91cf-b7b40295373d,Woolworths Supermarket,Pantry,Sunbites Grain Waves Sour Cream & Chives 5 pack,720220,$3.10,$2.82 / 100G,https://www.woolworths.com.au/shop/productdetails/720220/sunbites-grain-waves-sour-cream-chives,https://cdn0.woolworths.media/content/wowproductimages/medium/720220.jpg,2020-09-21 17:27:05,,0,2 for $5.00,True
5ad48a9d-7ed0-45cc-baa2-dd8d11fcf731,Woolworths Supermarket,Pantry,Cobram Estate Extra Virgin Light Olive Oil 750ml,345955,$15.00,$2.00 / 100ML,https://www.woolworths.com.au/shop/productdetails/345955/cobram-estate-extra-virgin-light-olive-oil,https://cdn0.woolworths.media/content/wowproductimages/medium/345955.jpg,2020-09-21 17:27:05,,0,,True
a370b59f-4733-4f50-ac6a-46119ec26cba,Woolworths Supermarket,Pantry,Nescafe Blend 43 Soluble Instant Coffee 500g,035694,$20.00,$4.00 / 100G,https://www.woolworths.com.au/shop/productdetails/35694/nescafe-blend-43-soluble-instant-coffee,https://cdn0.woolworths.media/content/wowproductimages/medium/035694.jpg,2020-09-21 17:27:05,,0,,True
734f1135-f782-444c-b988-1ff029596a13,Woolworths Supermarket,Pantry,Sanitarium Weet-bix Breakfast Cereal 1.2kg,200695,$5.00,$0.42 / 100G,https://www.woolworths.com.au/shop/productdetails/200695/sanitarium-weet-bix-breakfast-cereal,https://cdn0.woolworths.media/content/wowproductimages/medium/200695.jpg,2020-09-21 17:27:05,,0,,True
4b27e965-9a70-4d40-b34b-573bd6ab9dc1,Woolworths Supermarket,Pantry,Woolworths White Rice Long Grain 5kg,072779,$6.70,$0.13 / 100G,https://www.woolworths.com.au/shop/productdetails/72779/woolworths-white-rice-long-grain,https://cdn0.woolworths.media/content/wowproductimages/medium/072779.jpg,2020-09-21 17:27:05,Average product rating out of 5: 4.8. Product score is based on 14 ratings,14,,True
71181c8b-1058-4f06-87a1-e83807630388,Woolworths Supermarket,Pantry,Bertolli Extra Virgin Olive Oil Originale 750ml,502951,$6.50,$0.87 / 100ML,https://www.woolworths.com.au/shop/productdetails/502951/bertolli-extra-virgin-olive-oil-originale,https://cdn0.woolworths.media/content/wowproductimages/medium/502951.jpg,2020-09-21 17:27:05,,0,,True
6301cae6-e4f6-4899-9c44-f18368eff0b0,Woolworths Supermarket,Pantry,Macro Organic Quinoa Tri Colour 500g,717631,$7.00,$1.40 / 100G,https://www.woolworths.com.au/shop/productdetails/717631/macro-organic-quinoa-tri-colour,https://cdn0.woolworths.media/content/wowproductimages/medium/717631.jpg,2020-09-21 17:27:05,Average product rating out of 5: 4.6. Product score is based on 274 ratings,274,Was $9.99 09/01/2017,True
17838b8e-eea7-4611-b85e-d39b55f208aa,Woolworths Supermarket,Pantry,Beechworth Pure Honey 1.5kg,250371,$22.00,$1.47 / 100G,https://www.woolworths.com.au/shop/productdetails/250371/beechworth-pure-honey,https://cdn0.woolworths.media/content/wowproductimages/medium/250371.jpg,2020-09-21 17:27:05,,0,,True
e93dbea9-c8f3-4a19-8e02-2861c20b4c29,Woolworths Supermarket,Pantry,Arnott's Monte Carlo 250g,036031,$3.00,$1.20 / 100G,https://www.woolworths.com.au/shop/productdetails/36031/arnott-s-monte-carlo,https://cdn0.woolworths.media/content/wowproductimages/medium/036031.jpg,2020-09-21 17:27:05,,0,,True
fb6bb269-498d-4e91-a3cd-e2ca205a630e,Woolworths Supermarket,Pantry,Continental Cup A Soup Creamy Chicken With Lots Of Noodles 2 pack,026649,$2.00,$3.33 / 100G,https://www.woolworths.com.au/shop/productdetails/26649/continental-cup-a-soup-creamy-chicken-with-lots-of-noodles,https://cdn0.woolworths.media/content/wowproductimages/medium/026649.jpg,2020-09-21 17:27:05,,0,,True
b4f750b7-601a-4c82-8c4c-9ee0140814f5,Woolworths Supermarket,Pantry,Queen Organic Vanilla Bean Paste 65g,225399,$11.80,$18.15 / 100G,https://www.woolworths.com.au/shop/productdetails/225399/queen-organic-vanilla-bean-paste,https://cdn0.woolworths.media/content/wowproductimages/medium/225399.jpg,2020-09-21 17:27:05,,0,,True
71123913-4e55-4137-8ff4-9825f208b93c,Woolworths Supermarket,Pantry,Cadbury Dairy Milk Chocolate Fair Trade 350g,757883,$5.00,$1.43 / 100G,https://www.woolworths.com.au/shop/productdetails/757883/cadbury-dairy-milk-chocolate-fair-trade,https://cdn0.woolworths.media/content/wowproductimages/medium/757883.jpg,2020-09-21 17:27:05,,0,Was $6.30 16/01/2017,True
1993536a-a7ac-42f0-9912-7993d50b0b7c,Woolworths Supermarket,Pantry,Woolworths Diced Italian Tomatoes No Added Salt 400g,770320,$0.80,$2.00 / 1KG,https://www.woolworths.com.au/shop/productdetails/770320/woolworths-diced-italian-tomatoes-no-added-salt,https://cdn0.woolworths.media/content/wowproductimages/medium/770320.jpg,2020-09-21 17:27:05,Average product rating out of 5: 4.7. Product score is based on 311 ratings,311,,True
c01c2a41-8037-4852-88fe-913435b01f4f,Woolworths Supermarket,Pantry,Moccona Freeze Dried Instant Coffee Classic Medium Roast 400g,208575,$24.00,$6.00 / 100G,https://www.woolworths.com.au/shop/productdetails/208575/moccona-freeze-dried-instant-coffee-classic-medium-roast,https://cdn0.woolworths.media/content/wowproductimages/medium/208575.jpg,2020-09-21 17:27:05,,0,,True
002c4d38-3c06-4084-b789-b40da22d483f,Woolworths Supermarket,Pantry,Woolworths Walnuts Kernel 500g,749540,$11.00,$22.00 / 1KG,https://www.woolworths.com.au/shop/productdetails/749540/woolworths-walnuts-kernel,https://cdn0.woolworths.media/content/wowproductimages/medium/749540.jpg,2020-09-21 17:27:05,Average product rating out of 5: 4.8. Product score is based on 360 ratings,360,,True
005c599e-6f76-4f9e-8190-39e5fc5d9e7a,Woolworths Supermarket,Pantry,Mckenzie's Himalayan Salt Rock Pink 400g,749926,$5.95,$0.15 / 10G,https://www.woolworths.com.au/shop/productdetails/749926/mckenzie-s-himalayan-salt-rock-pink,https://cdn0.woolworths.media/content/wowproductimages/medium/749926.jpg,2020-09-21 17:27:05,,0,,True
b016b695-6a6a-48fd-b64e-a65bf3f4457a,Woolworths Supermarket,Pantry,Woolworths Almond Meal 400g,610610,$7.50,$18.75 / 1KG,https://www.woolworths.com.au/shop/productdetails/610610/woolworths-almond-meal,https://cdn0.woolworths.media/content/wowproductimages/medium/610610.jpg,2020-09-21 17:27:05,Average product rating out of 5: 4.6. Product score is based on 326 ratings,326,Was $9.00 22/07/2020,True
98f2e877-0c86-4389-b816-c4bb37eaeb89,Woolworths Supermarket,Pantry,Vege Chips Chicken Style 100g,793382,$3.80,$3.80 / 100G,https://www.woolworths.com.au/shop/productdetails/793382/vege-chips-chicken-style,https://cdn0.woolworths.media/content/wowproductimages/medium/793382.jpg,2020-09-21 17:27:05,Average product rating out of 5: 4.7. Product score is based on 20 ratings,20,,True
e6db1398-b724-4534-9305-74ab028d2813,Woolworths Supermarket,Pantry,Ritz Crackers Original 300g,660562,$2.50,$0.83 / 100G,https://www.woolworths.com.au/shop/productdetails/660562/ritz-crackers-original,https://cdn0.woolworths.media/content/wowproductimages/medium/660562.jpg,2020-09-21 17:27:05,,0,,True
0daa80ed-1ec2-4ab0-afac-89b4671a0b1a,Woolworths Supermarket,Pantry,Woolworths Rolled Traditional Oats 750g,321220,$1.40,$0.19 / 100G,https://www.woolworths.com.au/shop/productdetails/321220/woolworths-rolled-traditional-oats,https://cdn0.woolworths.media/content/wowproductimages/medium/321220.jpg,2020-09-21 17:27:05,Average product rating out of 5: 4.6. Product score is based on 748 ratings,748,,True
ab0470da-ad39-475e-9a27-037153e391cb,Woolworths Supermarket,Pantry,Twinings Infuse Blueberry Apple & Blackcurrant 12 pack,701959,$5.50,$0.46 / 1EA,https://www.woolworths.com.au/shop/productdetails/701959/twinings-infuse-blueberry-apple-blackcurrant,https://cdn0.woolworths.media/content/wowproductimages/medium/701959.jpg,2020-09-21 17:27:05,,0,,True
b504fa10-1da5-4269-8418-9b2ebf766af5,Woolworths Supermarket,Pantry,Twinings Infuse Watermelon Strawberry & Mint 12 pack,701963,$5.50,$0.46 / 1EA,https://www.woolworths.com.au/shop/productdetails/701963/twinings-infuse-watermelon-strawberry-mint,https://cdn0.woolworths.media/content/wowproductimages/medium/701963.jpg,2020-09-21 17:27:05,,0,,True
4e8ddefc-7d07-46ed-9d75-ad46169c2583,Woolworths Supermarket,Pantry,Natural Himalayan Salt Grinder 390g,702119,$7.50,$0.19 / 10G,https://www.woolworths.com.au/shop/productdetails/702119/natural-himalayan-salt-grinder,https://cdn0.woolworths.media/content/wowproductimages/medium/702119.jpg,2020-09-21 17:27:05,,0,,True
0c12c11d-140c-40e6-9487-4647c35af4b3,Woolworths Supermarket,Pantry,Carman's Cranberry Apple & Roasted Nut Crunchy Clusters 500g,702129,$5.00,$1.00 / 100G,https://www.woolworths.com.au/shop/productdetails/702129/carman-s-cranberry-apple-roasted-nut-crunchy-clusters,https://cdn0.woolworths.media/content/wowproductimages/medium/702129.jpg,2020-09-21 17:27:05,,0,,True
f365670c-7ae4-4030-9198-c6da92e11b55,Woolworths Supermarket,Pantry,Natural Coarse Sea Salt Grinder 380g,702205,$7.50,$0.20 / 10G,https://www.woolworths.com.au/shop/productdetails/702205/natural-coarse-sea-salt-grinder,https://cdn0.woolworths.media/content/wowproductimages/medium/702205.jpg,2020-09-21 17:27:05,,0,,True
a90ee34d-ff45-4821-a608-c551d7aa2462,Woolworths Supermarket,Pantry,Natural Whole Black Peppercorns Grinder 180g,702238,$7.50,$0.42 / 10G,https://www.woolworths.com.au/shop/productdetails/702238/natural-whole-black-peppercorns-grinder,https://cdn0.woolworths.media/content/wowproductimages/medium/702238.jpg,2020-09-21 17:27:05,,0,,True
047f8632-210d-405b-a225-2b16c9b47f50,Woolworths Supermarket,Pantry,Obento Japanese Tempura Batter 500g,702285,$3.30,$0.66 / 100G,https://www.woolworths.com.au/shop/productdetails/702285/obento-japanese-tempura-batter,https://cdn0.woolworths.media/content/wowproductimages/medium/702285.jpg,2020-09-21 17:27:05,,0,,True
84025137-2ee3-494c-b429-79eb9f9fee20,Woolworths Supermarket,Pantry,Lee Kum Kee Sauce Chicken And Honey Soy 120g,702293,$1.70,$1.42 / 100G,https://www.woolworths.com.au/shop/productdetails/702293/lee-kum-kee-sauce-chicken-and-honey-soy,https://cdn0.woolworths.media/content/wowproductimages/medium/702293.jpg,2020-09-21 17:27:05,,0,,True
5d944b76-c37d-4501-b9d1-c8fa1251e748,Woolworths Supermarket,Pantry,Obento Japanese Panko Breadcrumbs 200g,702323,$2.30,$1.15 / 100G,https://www.woolworths.com.au/shop/productdetails/702323/obento-japanese-panko-breadcrumbs,https://cdn0.woolworths.media/content/wowproductimages/medium/702323.jpg,2020-09-21 17:27:05,,0,,True
8f764108-b380-4603-8f2f-e5b4950b7a84,Woolworths Supermarket,Pantry,Pandaroo Ingredients Chinese Cooking Wine 375ml,702357,$3.50,$0.93 / 100ML,https://www.woolworths.com.au/shop/productdetails/702357/pandaroo-ingredients-chinese-cooking-wine,https://cdn0.woolworths.media/content/wowproductimages/medium/702357.jpg,2020-09-21 17:27:05,,0,,True
9e2f7c83-46f7-41a5-bbe4-fe119ec28653,Woolworths Supermarket,Pantry,Pandaroo Japanese Instant Miso Soup Spinach 12g,702359,$2.50,$20.83 / 100G,https://www.woolworths.com.au/shop/productdetails/702359/pandaroo-japanese-instant-miso-soup-spinach,https://cdn0.woolworths.media/content/wowproductimages/medium/702359.jpg,2020-09-21 17:27:05,,0,,True
b2ae2707-caba-4a1c-b63e-7a01a2824706,Woolworths Supermarket,Pantry,Pandaroo Japanese Instant Miso Soup Fried Tofu 12g,702364,$2.50,$20.83 / 100G,https://www.woolworths.com.au/shop/productdetails/702364/pandaroo-japanese-instant-miso-soup-fried-tofu,https://cdn0.woolworths.media/content/wowproductimages/medium/702364.jpg,2020-09-21 17:27:05,,0,,True
5c243e15-6a67-4b49-8dc4-8009b15ea290,Woolworths Supermarket,Pantry,Pandaroo Drinks Coconut Water 310ml,702389,$1.60,$5.16 / 1L,https://www.woolworths.com.au/shop/productdetails/702389/pandaroo-drinks-coconut-water,https://cdn0.woolworths.media/content/wowproductimages/medium/702389.jpg,2020-09-21 17:27:05,,0,,True
03c081d3-7c4c-4142-aa5f-fedf88f851d3,Woolworths Supermarket,Pantry,Ayam Gado Gado Peanut Sauce Gado Gado Peanut 250ml,702417,$3.50,$1.40 / 100ML,https://www.woolworths.com.au/shop/productdetails/702417/ayam-gado-gado-peanut-sauce-gado-gado-peanut,https://cdn0.woolworths.media/content/wowproductimages/medium/702417.jpg,2020-09-21 17:27:05,,0,,True
ce130ebf-27b9-40e0-b1cd-991c81168f16,Woolworths Supermarket,Pantry,Ayam Panang Curry Paste Panang Curry 195g,702496,$3.50,$1.79 / 100G,https://www.woolworths.com.au/shop/productdetails/702496/ayam-panang-curry-paste-panang-curry,https://cdn0.woolworths.media/content/wowproductimages/medium/702496.jpg,2020-09-21 17:27:05,,0,,True
ffa3d1c4-9676-4645-b61a-5bd905e84157,Woolworths Supermarket,Pantry,Passage To Asia Teriyaki Chicken 200g,703375,$2.50,$1.25 / 100G,https://www.woolworths.com.au/shop/productdetails/703375/passage-to-asia-teriyaki-chicken,https://cdn0.woolworths.media/content/wowproductimages/medium/703375.jpg,2020-09-21 17:27:05,,0,Was $2.99 22/08/2016,True
4a068d69-b5fe-45a5-b0fd-a2b6ca1c0f44,Woolworths Supermarket,Pantry,Chang's Wok Ready Super Lo-cal Noodles 390g,703413,$2.60,$0.67 / 100G,https://www.woolworths.com.au/shop/productdetails/703413/chang-s-wok-ready-super-lo-cal-noodles,https://cdn0.woolworths.media/content/wowproductimages/medium/703413.jpg,2020-09-21 17:27:05,,0,,True
01a66d82-af71-4ba0-8555-7aeaa8421aa1,Woolworths Supermarket,Pantry,Passage To Asia Satay Chicken 200g,703559,$2.50,$1.25 / 100G,https://www.woolworths.com.au/shop/productdetails/703559/passage-to-asia-satay-chicken,https://cdn0.woolworths.media/content/wowproductimages/medium/703559.jpg,2020-09-21 17:27:05,,0,Was $2.99 22/08/2016,True
c81e9a1a-7f10-4623-807d-d50fdc659429,Woolworths Supermarket,Pantry,Passage To Asia Honey & Soy Chicken Stir Fry Sauce 200g,703584,$2.50,$1.25 / 100G,https://www.woolworths.com.au/shop/productdetails/703584/passage-to-asia-honey-soy-chicken-stir-fry-sauce,https://cdn0.woolworths.media/content/wowproductimages/medium/703584.jpg,2020-09-21 17:27:05,,0,Was $2.99 22/08/2016,True
539e7828-37cc-40a4-b31c-0c92e447070e,Woolworths Supermarket,Pantry,Always Fresh Cheese Crisps 24g,703728,$3.45,$14.38 / 100G,https://www.woolworths.com.au/shop/productdetails/703728/always-fresh-cheese-crisps,https://cdn0.woolworths.media/content/wowproductimages/medium/703728.jpg,2020-09-21 17:27:05,,0,,True
51f5c9a0-13f8-4e14-8f85-7aab3ce9284b,Woolworths Supermarket,Pantry,Nescafe Gold Smooth Instant Coffee 180g,703743,$11.50,$6.39 / 100G,https://www.woolworths.com.au/shop/productdetails/703743/nescafe-gold-smooth-instant-coffee,https://cdn0.woolworths.media/content/wowproductimages/medium/703743.jpg,2020-09-21 17:27:05,,0,Was $17.00 03/06/2020,True
d33fe490-1de4-4413-a640-cb0dd7aa561e,Woolworths Supermarket,Pantry,Carman's Dark Choc Blueberry Superfood Bars 6 pack,705037,$6.00,$2.86 / 100G,https://www.woolworths.com.au/shop/productdetails/705037/carman-s-dark-choc-blueberry-superfood-bars,https://cdn0.woolworths.media/content/wowproductimages/medium/705037.jpg,2020-09-21 17:27:05,,0,,True
e8803c1b-4de2-4918-8b98-b2ed450e334c,Woolworths Supermarket,Pantry,Heinz Seriously Good Aioli Garlic Mayonnaise 295ml,706158,$4.00,$1.36 / 100ML,https://www.woolworths.com.au/shop/productdetails/706158/heinz-seriously-good-aioli-garlic-mayonnaise,https://cdn0.woolworths.media/content/wowproductimages/medium/706158.jpg,2020-09-21 17:27:05,,0,,True
f34624ad-22a9-479e-9c96-646c898a0a8b,Woolworths Supermarket,Pantry,Gourmet Garden Herb Lightly Dried Garlic 10g,706414,$3.50,$3.50 / 10G,https://www.woolworths.com.au/shop/productdetails/706414/gourmet-garden-herb-lightly-dried-garlic,https://cdn0.woolworths.media/content/wowproductimages/medium/706414.jpg,2020-09-21 17:27:05,,0,,True
00659c4a-d2b6-47ea-98fa-0cc076b73d35,Woolworths Supermarket,Pantry,Masterfoods Barbecue Sauce 500ml,099696,$2.50,$0.50 / 100ML,https://www.woolworths.com.au/shop/productdetails/99696/masterfoods-barbecue-sauce,https://cdn0.woolworths.media/content/wowproductimages/medium/099696.jpg,2020-09-21 17:27:05,,0,,True
48bbf7ff-6ff4-4bb9-8843-54400279f6ca,Woolworths Supermarket,Pantry,Doritos Share Pack Cheese Supreme 170g,826731,$2.75,$1.62 / 100G,https://www.woolworths.com.au/shop/productdetails/826731/doritos-share-pack-cheese-supreme,https://cdn0.woolworths.media/content/wowproductimages/medium/826731.jpg,2020-09-21 17:27:05,,0,,True
fb62e16d-15d8-4882-8f3e-9d58ac2be47c,Woolworths Supermarket,Pantry,Arnott's Shortbread 250g,008838,$2.50,$1.00 / 100G,https://www.woolworths.com.au/shop/productdetails/8838/arnott-s-shortbread,https://cdn0.woolworths.media/content/wowproductimages/medium/008838.jpg,2020-09-21 17:27:05,,0,,True
12fb21b9-a97d-4695-8ab4-dd32ffbb1685,Woolworths Supermarket,Pantry,Twisties Cheese Chips 90g,081659,$2.00,$2.22 / 100G,https://www.woolworths.com.au/shop/productdetails/81659/twisties-cheese-chips,https://cdn0.woolworths.media/content/wowproductimages/medium/081659.jpg,2020-09-21 17:27:05,,0,,True
69626f03-1a48-4d19-a898-b5a7ccd82d2f,Woolworths Supermarket,Pantry,Bertolli Extra Virgin Olive Oil Originale 750ml,502951,$6.50,$0.87 / 100ML,https://www.woolworths.com.au/shop/productdetails/502951/bertolli-extra-virgin-olive-oil-originale,https://cdn0.woolworths.media/content/wowproductimages/medium/502951.jpg,2020-09-21 17:27:05,,0,,True
c209552f-71e1-4cec-8b8f-946af8016aa9,Woolworths Supermarket,Pantry,Valcom Canned Bamboo Shoots Sliced 225g,097730,$1.10,$4.89 / 1KG,https://www.woolworths.com.au/shop/productdetails/97730/valcom-canned-bamboo-shoots-sliced,https://cdn0.woolworths.media/content/wowproductimages/medium/097730.jpg,2020-09-21 17:27:05,,0,,True
95bede01-65b5-4e34-8c32-6fbeeca08039,Woolworths Supermarket,Pantry,Kellogg's Nutri-grain Protein Breakfast Cereal 290g,701706,$4.95,$1.71 / 100G,https://www.woolworths.com.au/shop/productdetails/701706/kellogg-s-nutri-grain-protein-breakfast-cereal,https://cdn0.woolworths.media/content/wowproductimages/medium/701706.jpg,2020-09-21 17:27:05,,0,,True
ed859ece-5285-4bfa-9c9a-61dcf394b81d,Woolworths Supermarket,Pantry,Arnott's Malt O' Milk 250g,036036,$2.50,$1.00 / 100G,https://www.woolworths.com.au/shop/productdetails/36036/arnott-s-malt-o-milk,https://cdn0.woolworths.media/content/wowproductimages/medium/036036.jpg,2020-09-21 17:27:05,,0,,True
18dd6eb7-bf90-43b3-aae0-2e3d6d92bca5,Woolworths Supermarket,Pantry,Smith's Share Pack Crinkle Cut Salt & Vinegar 170g,826738,$2.75,$1.62 / 100G,https://www.woolworths.com.au/shop/productdetails/826738/smith-s-share-pack-crinkle-cut-salt-vinegar,https://cdn0.woolworths.media/content/wowproductimages/medium/826738.jpg,2020-09-21 17:27:05,,0,,True
be91fe61-27de-439c-aee9-697a96cb5be1,Woolworths Supermarket,Pantry,Arnott's Snack Right Sultana 250g,182697,$3.00,$1.20 / 100G,https://www.woolworths.com.au/shop/productdetails/182697/arnott-s-snack-right-sultana,https://cdn0.woolworths.media/content/wowproductimages/medium/182697.jpg,2020-09-21 17:27:05,,0,Was $4.20 11/02/2019,True
ad6eb0c9-ee29-4b6f-8cc2-6f2e48bc19cc,Woolworths Supermarket,Pantry,Toblerone Milk Chocolate Bar 50g,047011,$1.00,$2.00 / 100G,https://www.woolworths.com.au/shop/productdetails/47011/toblerone-milk-chocolate-bar,https://cdn0.woolworths.media/content/wowproductimages/medium/047011.jpg,2020-09-21 17:27:05,,0,,True
c3e06621-664c-490b-a999-40a62c1384eb,Woolworths Supermarket,Pantry,Kooka's Country Cookies Lemon 200g,347837,$2.00,$1.00 / 100G,https://www.woolworths.com.au/shop/productdetails/347837/kooka-s-country-cookies-lemon,https://cdn0.woolworths.media/content/wowproductimages/medium/347837.jpg,2020-09-21 17:27:05,,0,,True
71811939-dc69-4c63-899a-b8a098152ca3,Woolworths Supermarket,Pantry,Uncle Tobys Roll-ups Strawberry Fun Prints 6 pack,324231,$4.00,$4.26 / 100G,https://www.woolworths.com.au/shop/productdetails/324231/uncle-tobys-roll-ups-strawberry-fun-prints,https://cdn0.woolworths.media/content/wowproductimages/medium/324231.jpg,2020-09-21 17:27:05,,0,,True
9dcf2503-2d28-4ba6-a7b3-7829e67ec1da,Woolworths Supermarket,Pantry,Woolworths Corn Sweet Kernels 420g,218926,$1.00,$2.38 / 1KG,https://www.woolworths.com.au/shop/productdetails/218926/woolworths-corn-sweet-kernels,https://cdn0.woolworths.media/content/wowproductimages/medium/218926.jpg,2020-09-21 17:27:05,Average product rating out of 5: 4.1. Product score is based on 215 ratings,215,,True
f6d5b86e-ed48-4eff-aa51-c8d2544ccb88,Woolworths Supermarket,Pantry,Moccona Freeze Dried Instant Coffee Classic Medium Roast 400g,208575,$24.00,$6.00 / 100G,https://www.woolworths.com.au/shop/productdetails/208575/moccona-freeze-dried-instant-coffee-classic-medium-roast,https://cdn0.woolworths.media/content/wowproductimages/medium/208575.jpg,2020-09-21 17:27:05,,0,,True
aa08c7be-1131-4642-a1ab-a3802d1f9194,Woolworths Supermarket,Pantry,Macro Organic Quinoa Tri Colour 500g,717631,$7.00,$1.40 / 100G,https://www.woolworths.com.au/shop/productdetails/717631/macro-organic-quinoa-tri-colour,https://cdn0.woolworths.media/content/wowproductimages/medium/717631.jpg,2020-09-21 17:27:05,Average product rating out of 5: 4.6. Product score is based on 274 ratings,274,Was $9.99 09/01/2017,True
d42f6fba-bfcb-4056-84aa-1000f65afbce,Woolworths Supermarket,Pantry,Arnott's Shapes Cheddar 175g,384244,$2.50,$1.43 / 100G,https://www.woolworths.com.au/shop/productdetails/384244/arnott-s-shapes-cheddar,https://cdn0.woolworths.media/content/wowproductimages/medium/384244.jpg,2020-09-21 17:27:05,,0,,True
9863cb8b-84a3-4a6a-bdde-cdfc7e0bec0b,Woolworths Supermarket,Pantry,Uncle Ben's Microwave Mexican Style Brown Rice 250g,727257,$3.00,$1.20 / 100G,https://www.woolworths.com.au/shop/productdetails/727257/uncle-ben-s-microwave-mexican-style-brown-rice,https://cdn0.woolworths.media/content/wowproductimages/medium/727257.jpg,2020-09-21 17:27:05,,0,,True
3e0b8f6c-714f-4019-bddb-a4d4e1d6310b,Woolworths Supermarket,Pantry,Pringles Sour Cream And Onion Chips 134g,479502,$2.50,$1.87 / 100G,https://www.woolworths.com.au/shop/productdetails/479502/pringles-sour-cream-and-onion-chips,https://cdn0.woolworths.media/content/wowproductimages/medium/479502.jpg,2020-09-21 17:27:05,,0,,True
3dfa726e-e93c-444c-b3fe-0816260e52b1,Woolworths Supermarket,Pantry,Gourmet Garden Garlic Cold Blended Paste Tube 120g,706450,$4.50,$0.38 / 10G,https://www.woolworths.com.au/shop/productdetails/706450/gourmet-garden-garlic-cold-blended-paste-tube,https://cdn0.woolworths.media/content/wowproductimages/medium/706450.jpg,2020-09-21 17:27:05,,0,,True
69821cab-2b4d-4154-b548-86cebb7a326a,Woolworths Supermarket,Pantry,Woolworths Cranberry & Nut Mix 200g,706542,$6.00,$30.00 / 1KG,https://www.woolworths.com.au/shop/productdetails/706542/woolworths-cranberry-nut-mix,https://cdn0.woolworths.media/content/wowproductimages/medium/706542.jpg,2020-09-21 17:27:05,Average product rating out of 5: 4.1. Product score is based on 407 ratings,407,2 for $10.00,True
2b0b3233-c0e0-44a2-b382-720a69679808,Woolworths Supermarket,Pantry,Macro Organic Quinoa Flakes 350g,706627,$6.50,$1.86 / 100G,https://www.woolworths.com.au/shop/productdetails/706627/macro-organic-quinoa-flakes,https://cdn0.woolworths.media/content/wowproductimages/medium/706627.jpg,2020-09-21 17:27:05,Average product rating out of 5: 4.7. Product score is based on 24 ratings,24,Was $7.00 06/07/2020,True
c6dedafe-8188-48c0-8ac3-735059aec78f,Woolworths Supermarket,Pantry,Ryvita Thins Three Cheese Flatbreads 125g,707091,$4.00,$3.20 / 100G,https://www.woolworths.com.au/shop/productdetails/707091/ryvita-thins-three-cheese-flatbreads,https://cdn0.woolworths.media/content/wowproductimages/medium/707091.jpg,2020-09-21 17:27:05,,0,,True
9d4c68c1-e204-4d1f-a7cf-b3c54c38f067,Woolworths Supermarket,Pantry,Tostitos Tortilla Chips Lightly Salted 175g,707192,$4.20,$2.40 / 100G,https://www.woolworths.com.au/shop/productdetails/707192/tostitos-tortilla-chips-lightly-salted,https://cdn0.woolworths.media/content/wowproductimages/medium/707192.jpg,2020-09-21 17:27:05,,0,,True
acd33e1c-b87e-4b5a-a8f9-a9ed882259c9,Woolworths Supermarket,Pantry,Natvia Sweetener Tablets 100% Natural 200 pack,707225,$7.70,$3.85 / 100EA,https://www.woolworths.com.au/shop/productdetails/707225/natvia-sweetener-tablets-100-natural,https://cdn0.woolworths.media/content/wowproductimages/medium/707225.jpg,2020-09-21 17:27:05,,0,,True
bda6a07a-6e15-4c84-8dec-b155ac483349,Woolworths Supermarket,Pantry,Tostitos Tortilla Chips Smoked Chipotle 175g,707309,$4.20,$2.40 / 100G,https://www.woolworths.com.au/shop/productdetails/707309/tostitos-tortilla-chips-smoked-chipotle,https://cdn0.woolworths.media/content/wowproductimages/medium/707309.jpg,2020-09-21 17:27:05,,0,,True
84d815cb-fd60-422f-ba73-9ec1d6b835cf,Woolworths Supermarket,Pantry,Select Thai Basil Fresh Herbs 15g punnet,707363,$3.00,$2.00 / 10G,https://www.woolworths.com.au/shop/productdetails/707363/select-thai-basil-fresh-herbs,https://cdn0.woolworths.media/content/wowproductimages/medium/707363.jpg,2020-09-21 17:27:05,,0,2 for $5.00,True
8e6a5980-87e3-4999-9c7d-722f37a0d159,Woolworths Supermarket,Pantry,Woolworths Green Basil Fresh Herb 15g punnet,707364,$3.00,$2.00 / 10G,https://www.woolworths.com.au/shop/productdetails/707364/woolworths-green-basil-fresh-herb,https://cdn0.woolworths.media/content/wowproductimages/medium/707364.jpg,2020-09-21 17:27:05,,0,2 for $5.00,True
624e3baa-f1be-425f-a419-05dafd543607,Woolworths Supermarket,Pantry,Woolworths Dill Fresh Herb 15g,707365,$3.00,$2.00 / 10G,https://www.woolworths.com.au/shop/productdetails/707365/woolworths-dill-fresh-herb,https://cdn0.woolworths.media/content/wowproductimages/medium/707365.jpg,2020-09-21 17:27:05,,0,2 for $5.00,True
0d58c139-fb1c-4bfd-b508-413214792204,Woolworths Supermarket,Pantry,Woolworths Lemon Thyme Fresh Herb Punnet 10g,707366,$3.00,$3.00 / 10G,https://www.woolworths.com.au/shop/productdetails/707366/woolworths-lemon-thyme-fresh-herb-punnet,https://cdn0.woolworths.media/content/wowproductimages/medium/707366.jpg,2020-09-21 17:27:05,,0,2 for $5.00,True
0abfd799-fc82-4d2e-929f-f6709950cc5b,Woolworths Supermarket,Pantry,Woolworths Thyme Fresh Herb 10g punnet,707367,$3.00,$3.00 / 10G,https://www.woolworths.com.au/shop/productdetails/707367/woolworths-thyme-fresh-herb,https://cdn0.woolworths.media/content/wowproductimages/medium/707367.jpg,2020-09-21 17:27:05,,0,2 for $5.00,True
bb2f76ae-17b7-4aae-af21-d3143304dc96,Woolworths Supermarket,Pantry,Woolworths Sage Fresh Herb 10g punnet,707369,$3.00,$3.00 / 10G,https://www.woolworths.com.au/shop/productdetails/707369/woolworths-sage-fresh-herb,https://cdn0.woolworths.media/content/wowproductimages/medium/707369.jpg,2020-09-21 17:27:05,,0,2 for $5.00,True
149165c1-ae27-421b-8651-7381c27a1141,Woolworths Supermarket,Pantry,Woolworths Oregano Fresh Herb 10g punnet,707371,$3.00,$3.00 / 10G,https://www.woolworths.com.au/shop/productdetails/707371/woolworths-oregano-fresh-herb,https://cdn0.woolworths.media/content/wowproductimages/medium/707371.jpg,2020-09-21 17:27:05,,0,2 for $5.00,True
750c309c-85ee-4e4a-ad1e-e4a9b28d4f13,Woolworths Supermarket,Pantry,Woolworths Kaffir Lime Leaf Fresh Herb 10g punnet,707373,$3.00,$3.00 / 10G,https://www.woolworths.com.au/shop/productdetails/707373/woolworths-kaffir-lime-leaf-fresh-herb,https://cdn0.woolworths.media/content/wowproductimages/medium/707373.jpg,2020-09-21 17:27:05,,0,2 for $5.00,True
ef97bae2-b109-44ce-b219-6b0f191e3c08,Woolworths Supermarket,Pantry,Woolworths Chives Fresh Herb 10g punnet,707374,$3.00,$3.00 / 10G,https://www.woolworths.com.au/shop/productdetails/707374/woolworths-chives-fresh-herb,https://cdn0.woolworths.media/content/wowproductimages/medium/707374.jpg,2020-09-21 17:27:05,,0,2 for $5.00,True
548190bf-f4b0-408e-8ea1-5b8f055e1a87,Woolworths Supermarket,Pantry,Beerenberg Blueberry Jam 300g,707715,$5.05,$1.68 / 100G,https://www.woolworths.com.au/shop/productdetails/707715/beerenberg-blueberry-jam,https://cdn0.woolworths.media/content/wowproductimages/medium/707715.jpg,2020-09-21 17:27:05,,0,,True
61768567-fa03-4aa9-b033-57c0e679092f,Woolworths Supermarket,Pantry,Tostitos Tortilla Chips With A Splash Of Lime 175g,707971,$4.20,$2.40 / 100G,https://www.woolworths.com.au/shop/productdetails/707971/tostitos-tortilla-chips-with-a-splash-of-lime,https://cdn0.woolworths.media/content/wowproductimages/medium/707971.jpg,2020-09-21 17:27:05,,0,,True
08648a7d-f80a-4124-bcd3-d8d2bf2d7c69,Woolworths Supermarket,Pantry,Twinings Asha Sleep Time 18 pack,708165,$6.00,$0.33 / 1EA,https://www.woolworths.com.au/shop/productdetails/708165/twinings-asha-sleep-time,https://cdn0.woolworths.media/content/wowproductimages/medium/708165.jpg,2020-09-21 17:27:05,,0,,True
39b777c7-defe-4832-9739-a69e53c52758,Woolworths Supermarket,Pantry,Twinings Asha Blissful Green 18 pack,708168,$6.00,$0.33 / 1EA,https://www.woolworths.com.au/shop/productdetails/708168/twinings-asha-blissful-green,https://cdn0.woolworths.media/content/wowproductimages/medium/708168.jpg,2020-09-21 17:27:05,,0,,True
c941ce8c-d70b-4afc-8c46-a4e06815ec7d,Woolworths Supermarket,Pantry,Sandhurst Olives Green Pitted 350g,708283,$3.75,$10.71 / 1KG,https://www.woolworths.com.au/shop/productdetails/708283/sandhurst-olives-green-pitted,https://cdn0.woolworths.media/content/wowproductimages/medium/708283.jpg,2020-09-21 17:27:05,,0,,True
943b174d-cd55-4aa0-ae08-ac7474fde409,Woolworths Supermarket,Pantry,Safcol Responsibly Fished Tuna In Oil Italian Style 425g,708309,$4.00,$9.41 / 1KG,https://www.woolworths.com.au/shop/productdetails/708309/safcol-responsibly-fished-tuna-in-oil-italian-style,https://cdn0.woolworths.media/content/wowproductimages/medium/708309.jpg,2020-09-21 17:27:05,,0,,True
f936ab06-8ee2-4c04-92d3-7c3651cce7d9,Woolworths Supermarket,Pantry,Safcol Responsibly Fished Tuna In Spring Water 425g,708381,$4.00,$9.41 / 1KG,https://www.woolworths.com.au/shop/productdetails/708381/safcol-responsibly-fished-tuna-in-spring-water,https://cdn0.woolworths.media/content/wowproductimages/medium/708381.jpg,2020-09-21 17:27:05,,0,,True
9cd410db-c54e-4ac5-8252-dc30c09ac580,Woolworths Supermarket,Pantry,White Wings Cupcake Mix Red Velvet 365g,708688,$4.00,$1.10 / 100G,https://www.woolworths.com.au/shop/productdetails/708688/white-wings-cupcake-mix-red-velvet,https://cdn0.woolworths.media/content/wowproductimages/medium/708688.jpg,2020-09-21 17:27:05,,0,Was $5.00 31/10/16,True
a218adf9-9526-4b58-822b-d39b973ac713,Woolworths Supermarket,Pantry,Masterfoods Barbecue Sauce 500ml,099696,$2.50,$0.50 / 100ML,https://www.woolworths.com.au/shop/productdetails/99696/masterfoods-barbecue-sauce,https://cdn0.woolworths.media/content/wowproductimages/medium/099696.jpg,2020-09-21 17:27:05,,0,,True
a0b454a6-4261-43ca-8fdc-32e04a2d82e2,Woolworths Supermarket,Pantry,Doritos Share Pack Cheese Supreme 170g,826731,$2.75,$1.62 / 100G,https://www.woolworths.com.au/shop/productdetails/826731/doritos-share-pack-cheese-supreme,https://cdn0.woolworths.media/content/wowproductimages/medium/826731.jpg,2020-09-21 17:27:05,,0,,True
7a6e83e3-afb3-48a1-8ad9-53e5be4dc872,Woolworths Supermarket,Pantry,Arnott's Shortbread 250g,008838,$2.50,$1.00 / 100G,https://www.woolworths.com.au/shop/productdetails/8838/arnott-s-shortbread,https://cdn0.woolworths.media/content/wowproductimages/medium/008838.jpg,2020-09-21 17:27:05,,0,,True
11726da3-9664-4bfb-b5d4-c879345c14d9,Woolworths Supermarket,Pantry,Twisties Cheese Chips 90g,081659,$2.00,$2.22 / 100G,https://www.woolworths.com.au/shop/productdetails/81659/twisties-cheese-chips,https://cdn0.woolworths.media/content/wowproductimages/medium/081659.jpg,2020-09-21 17:27:05,,0,,True
e650753f-29bb-4443-8dca-940cb382df5e,Woolworths Supermarket,Pantry,Bertolli Extra Virgin Olive Oil Originale 750ml,502951,$6.50,$0.87 / 100ML,https://www.woolworths.com.au/shop/productdetails/502951/bertolli-extra-virgin-olive-oil-originale,https://cdn0.woolworths.media/content/wowproductimages/medium/502951.jpg,2020-09-21 17:27:05,,0,,True
ddd6fbf0-4522-4345-87bc-6c11d846fb1b,Woolworths Supermarket,Pantry,Valcom Canned Bamboo Shoots Sliced 225g,097730,$1.10,$4.89 / 1KG,https://www.woolworths.com.au/shop/productdetails/97730/valcom-canned-bamboo-shoots-sliced,https://cdn0.woolworths.media/content/wowproductimages/medium/097730.jpg,2020-09-21 17:27:05,,0,,True
3e6264fe-0a62-418e-8802-8040a552f26c,Woolworths Supermarket,Pantry,Kellogg's Nutri-grain Protein Breakfast Cereal 290g,701706,$4.95,$1.71 / 100G,https://www.woolworths.com.au/shop/productdetails/701706/kellogg-s-nutri-grain-protein-breakfast-cereal,https://cdn0.woolworths.media/content/wowproductimages/medium/701706.jpg,2020-09-21 17:27:05,,0,,True
0d7b35e9-2d13-4cef-a6af-39998fbb7f0b,Woolworths Supermarket,Pantry,Arnott's Malt O' Milk 250g,036036,$2.50,$1.00 / 100G,https://www.woolworths.com.au/shop/productdetails/36036/arnott-s-malt-o-milk,https://cdn0.woolworths.media/content/wowproductimages/medium/036036.jpg,2020-09-21 17:27:05,,0,,True
2bad0627-84fa-4ec1-8ff0-0aebac6f09c6,Woolworths Supermarket,Pantry,Smith's Share Pack Crinkle Cut Salt & Vinegar 170g,826738,$2.75,$1.62 / 100G,https://www.woolworths.com.au/shop/productdetails/826738/smith-s-share-pack-crinkle-cut-salt-vinegar,https://cdn0.woolworths.media/content/wowproductimages/medium/826738.jpg,2020-09-21 17:27:05,,0,,True
4e7edae8-ec54-4c8b-9aa4-dac6bae94f45,Woolworths Supermarket,Pantry,Arnott's Snack Right Sultana 250g,182697,$3.00,$1.20 / 100G,https://www.woolworths.com.au/shop/productdetails/182697/arnott-s-snack-right-sultana,https://cdn0.woolworths.media/content/wowproductimages/medium/182697.jpg,2020-09-21 17:27:05,,0,Was $4.20 11/02/2019,True
5f25665f-30fd-49db-88f3-00f65b2a7a31,Woolworths Supermarket,Pantry,Toblerone Milk Chocolate Bar 50g,047011,$1.00,$2.00 / 100G,https://www.woolworths.com.au/shop/productdetails/47011/toblerone-milk-chocolate-bar,https://cdn0.woolworths.media/content/wowproductimages/medium/047011.jpg,2020-09-21 17:27:05,,0,,True
5266a35c-fc5c-4b6b-bc84-a5496b69d26c,Woolworths Supermarket,Pantry,Kooka's Country Cookies Lemon 200g,347837,$2.00,$1.00 / 100G,https://www.woolworths.com.au/shop/productdetails/347837/kooka-s-country-cookies-lemon,https://cdn0.woolworths.media/content/wowproductimages/medium/347837.jpg,2020-09-21 17:27:05,,0,,True
25cfd2c5-c53f-4a3b-9766-2b61efc5e249,Woolworths Supermarket,Pantry,Uncle Tobys Roll-ups Strawberry Fun Prints 6 pack,324231,$4.00,$4.26 / 100G,https://www.woolworths.com.au/shop/productdetails/324231/uncle-tobys-roll-ups-strawberry-fun-prints,https://cdn0.woolworths.media/content/wowproductimages/medium/324231.jpg,2020-09-21 17:27:05,,0,,True
e02b6231-3b85-43f7-bf5b-3f07d9f18993,Woolworths Supermarket,Pantry,Woolworths Corn Sweet Kernels 420g,218926,$1.00,$2.38 / 1KG,https://www.woolworths.com.au/shop/productdetails/218926/woolworths-corn-sweet-kernels,https://cdn0.woolworths.media/content/wowproductimages/medium/218926.jpg,2020-09-21 17:27:05,Average product rating out of 5: 4.1. Product score is based on 215 ratings,215,,True
79bc1c41-2fa1-4b32-afd5-f655e5a5e6a4,Woolworths Supermarket,Pantry,Moccona Freeze Dried Instant Coffee Classic Medium Roast 400g,208575,$24.00,$6.00 / 100G,https://www.woolworths.com.au/shop/productdetails/208575/moccona-freeze-dried-instant-coffee-classic-medium-roast,https://cdn0.woolworths.media/content/wowproductimages/medium/208575.jpg,2020-09-21 17:27:05,,0,,True
e279d738-bb7a-4ea9-958e-a6fc9b4b0c92,Woolworths Supermarket,Pantry,Macro Organic Quinoa Tri Colour 500g,717631,$7.00,$1.40 / 100G,https://www.woolworths.com.au/shop/productdetails/717631/macro-organic-quinoa-tri-colour,https://cdn0.woolworths.media/content/wowproductimages/medium/717631.jpg,2020-09-21 17:27:05,Average product rating out of 5: 4.6. Product score is based on 274 ratings,274,Was $9.99 09/01/2017,True
0af3fbe7-30a9-47d7-a031-9a3a741a89e1,Woolworths Supermarket,Pantry,Arnott's Shapes Cheddar 175g,384244,$2.50,$1.43 / 100G,https://www.woolworths.com.au/shop/productdetails/384244/arnott-s-shapes-cheddar,https://cdn0.woolworths.media/content/wowproductimages/medium/384244.jpg,2020-09-21 17:27:05,,0,,True
ef9f2332-8ac9-40b1-a0c8-f1cd5d18f526,Woolworths Supermarket,Pantry,Uncle Ben's Microwave Mexican Style Brown Rice 250g,727257,$3.00,$1.20 / 100G,https://www.woolworths.com.au/shop/productdetails/727257/uncle-ben-s-microwave-mexican-style-brown-rice,https://cdn0.woolworths.media/content/wowproductimages/medium/727257.jpg,2020-09-21 17:27:05,,0,,True
4ea85acb-120d-48b3-8070-73059365be82,Woolworths Supermarket,Pantry,Pringles Sour Cream And Onion Chips 134g,479502,$2.50,$1.87 / 100G,https://www.woolworths.com.au/shop/productdetails/479502/pringles-sour-cream-and-onion-chips,https://cdn0.woolworths.media/content/wowproductimages/medium/479502.jpg,2020-09-21 17:27:05,,0,,True
81990c48-bcb1-4c13-9ad2-0436a42bd120,Woolworths Supermarket,Pantry,Tasti Value Pack Chocolate Peanut 420g,709097,$5.00,$1.19 / 100G,https://www.woolworths.com.au/shop/productdetails/709097/tasti-value-pack-chocolate-peanut,https://cdn0.woolworths.media/content/wowproductimages/medium/709097.jpg,2020-09-21 17:27:05,,0,Was $6.15 28/02/2016,True
a210e53c-e7da-4c8e-a0f2-abc19733aa35,Woolworths Supermarket,Pantry,Wallaby Bites Dark Chocolate Fruit Nut 150g,709192,$4.00,$2.67 / 100G,https://www.woolworths.com.au/shop/productdetails/709192/wallaby-bites-dark-chocolate-fruit-nut,https://cdn0.woolworths.media/content/wowproductimages/medium/709192.jpg,2020-09-21 17:27:05,Average product rating out of 5: 4.9. Product score is based on 13 ratings,13,,True
cc1d4b3e-6cb4-4564-b5f8-1509e5ff781f,Woolworths Supermarket,Pantry,Kellogg's Special K Fruit & Nut Breakfast Cereal 430g,710045,$6.00,$1.40 / 100G,https://www.woolworths.com.au/shop/productdetails/710045/kellogg-s-special-k-fruit-nut-breakfast-cereal,https://cdn0.woolworths.media/content/wowproductimages/medium/710045.jpg,2020-09-21 17:27:05,,0,,True
69fd2ebd-b1aa-487a-88f2-1a8f13341d2e,Woolworths Supermarket,Pantry,Birch & Waite Greek Lemon Dressing 250ml,710191,$5.00,$2.00 / 100ML,https://www.woolworths.com.au/shop/productdetails/710191/birch-waite-greek-lemon-dressing,https://cdn0.woolworths.media/content/wowproductimages/medium/710191.jpg,2020-09-21 17:27:05,,0,,True
cf62bc86-3382-44a9-bdec-bdf1e3928f86,Woolworths Supermarket,Pantry,Birch & Waite Creamy Caesar Dressing 250ml,710194,$5.00,$2.00 / 100ML,https://www.woolworths.com.au/shop/productdetails/710194/birch-waite-creamy-caesar-dressing,https://cdn0.woolworths.media/content/wowproductimages/medium/710194.jpg,2020-09-21 17:27:05,,0,,True
a1008a8e-e80d-48ed-8ff1-6fd62d110c9e,Woolworths Supermarket,Pantry,Praise Whole Egg Mayonnaise Light 380g,710969,$4.00,$1.05 / 100G,https://www.woolworths.com.au/shop/productdetails/710969/praise-whole-egg-mayonnaise-light,https://cdn0.woolworths.media/content/wowproductimages/medium/710969.jpg,2020-09-21 17:27:05,,0,,True
d4aa463e-904f-4849-bf73-f6278af05f2c,Woolworths Supermarket,Pantry,Heinz Seriously Good Creamy Tartare 295ml,710986,$4.00,$1.36 / 100ML,https://www.woolworths.com.au/shop/productdetails/710986/heinz-seriously-good-creamy-tartare,https://cdn0.woolworths.media/content/wowproductimages/medium/710986.jpg,2020-09-21 17:27:05,,0,,True
e610826e-587a-414c-adc7-961ee03505c4,Woolworths Supermarket,Pantry,Woolworths Popcorn Sweet & Salty 10 pack,711773,$2.75,$1.38 / 100G,https://www.woolworths.com.au/shop/productdetails/711773/woolworths-popcorn-sweet-salty,https://cdn0.woolworths.media/content/wowproductimages/medium/711773.jpg,2020-09-21 17:27:05,Average product rating out of 5: 4.5. Product score is based on 422 ratings,422,Was $3.00 27/11/2017,True
c700e8a1-885e-4a6d-a789-a3064672d056,Woolworths Supermarket,Pantry,Jeeny's Paste Shrimp 80g,712673,$2.80,$3.50 / 100G,https://www.woolworths.com.au/shop/productdetails/712673/jeeny-s-paste-shrimp,https://cdn0.woolworths.media/content/wowproductimages/medium/712673.jpg,2020-09-21 17:27:05,,0,,True
8eae7acd-93a2-4d9f-82ed-d07273a50a91,Woolworths Supermarket,Pantry,Twinings Australian Afternoon Tea Bags 10 pack,714439,$2.70,$0.27 / 1EA,https://www.woolworths.com.au/shop/productdetails/714439/twinings-australian-afternoon-tea-bags,https://cdn0.woolworths.media/content/wowproductimages/medium/714439.jpg,2020-09-21 17:27:05,,0,,True
69f881e8-2458-459f-b775-bd7fff98321d,Woolworths Supermarket,Pantry,Twinings Australian Afternoon Tea Bags 100 pack,714457,$11.00,$0.11 / 1EA,https://www.woolworths.com.au/shop/productdetails/714457/twinings-australian-afternoon-tea-bags,https://cdn0.woolworths.media/content/wowproductimages/medium/714457.jpg,2020-09-21 17:27:05,,0,,True
e169ee19-dbf2-4ab8-aa67-d8ae64bfa412,Woolworths Supermarket,Pantry,Heinz Big N Chunky Canned Steak & Mushroom 535g,715078,$2.50,$0.47 / 100G,https://www.woolworths.com.au/shop/productdetails/715078/heinz-big-n-chunky-canned-steak-mushroom,https://cdn0.woolworths.media/content/wowproductimages/medium/715078.jpg,2020-09-21 17:27:05,,0,Was $3.89 17/04/2017,True
318aaf58-2fcd-4ef0-945f-39307c14c456,Woolworths Supermarket,Pantry,Passage To Sri Lanka Simmer Sauce Coconut & Cashew Chicken 375g,715568,$4.70,$1.25 / 100G,https://www.woolworths.com.au/shop/productdetails/715568/passage-to-sri-lanka-simmer-sauce-coconut-cashew-chicken,https://cdn0.woolworths.media/content/wowproductimages/medium/715568.jpg,2020-09-21 17:27:05,,0,,True
60d0849f-ee79-4aae-9080-eb6502672e99,Woolworths Supermarket,Pantry,Passage To Sri Lanka Simmer Sauce Chicken Curry 375g,715602,$4.70,$1.25 / 100G,https://www.woolworths.com.au/shop/productdetails/715602/passage-to-sri-lanka-simmer-sauce-chicken-curry,https://cdn0.woolworths.media/content/wowproductimages/medium/715602.jpg,2020-09-21 17:27:05,,0,,True
79a166f0-4d33-4a40-a795-37c2b4f644b9,Woolworths Supermarket,Pantry,John West Salmon Tempters In Olive Oil 95g,715636,$2.70,$28.42 / 1KG,https://www.woolworths.com.au/shop/productdetails/715636/john-west-salmon-tempters-in-olive-oil,https://cdn0.woolworths.media/content/wowproductimages/medium/715636.jpg,2020-09-21 17:27:05,,0,,True
dd9a65a6-84ac-4c47-9755-2ae3ed0d72c0,Woolworths Supermarket,Pantry,True Foods Bread Naan Traditional 2 pack,715897,$3.00,$1.20 / 100G,https://www.woolworths.com.au/shop/productdetails/715897/true-foods-bread-naan-traditional,https://cdn0.woolworths.media/content/wowproductimages/medium/715897.jpg,2020-09-21 17:27:05,,0,Was $3.48 14/02/2016,True
16c3e428-2cfc-4a9b-a816-f6ee871e586d,Woolworths Supermarket,Pantry,Belvita Milk & Cereal Breakfast Biscuits 300g,715921,$4.00,$1.33 / 100G,https://www.woolworths.com.au/shop/productdetails/715921/belvita-milk-cereal-breakfast-biscuits,https://cdn0.woolworths.media/content/wowproductimages/medium/715921.jpg,2020-09-21 17:27:05,,0,,True
5c879728-5dea-49d7-be29-a913caebdee9,Woolworths Supermarket,Pantry,Belvita Fruit & Fibre Breakfast Biscuits 300g,715942,$4.00,$1.33 / 100G,https://www.woolworths.com.au/shop/productdetails/715942/belvita-fruit-fibre-breakfast-biscuits,https://cdn0.woolworths.media/content/wowproductimages/medium/715942.jpg,2020-09-21 17:27:05,,0,,True
aad93b9d-e9b7-4d70-b4d0-4002d34a8114,Woolworths Supermarket,Pantry,True Foods Bread Naan Garlic 2 pack,715963,$3.00,$1.20 / 100G,https://www.woolworths.com.au/shop/productdetails/715963/true-foods-bread-naan-garlic,https://cdn0.woolworths.media/content/wowproductimages/medium/715963.jpg,2020-09-21 17:27:05,,0,Was $3.48 14/02/2016,True
1baf5892-e31c-429f-9fa9-d58183360e06,Woolworths Supermarket,Pantry,Tassal Salmon Springwater 95g,716073,$2.00,$21.05 / 1KG,https://www.woolworths.com.au/shop/productdetails/716073/tassal-salmon-springwater,https://cdn0.woolworths.media/content/wowproductimages/medium/716073.jpg,2020-09-21 17:27:05,,0,Was $2.60 13/11/2017,True
980b0cfe-5efa-4cc0-9d05-c695f166c832,Woolworths Supermarket,Pantry,Tassal Salmon Lemon Pepper 95g,716082,$2.00,$21.05 / 1KG,https://www.woolworths.com.au/shop/productdetails/716082/tassal-salmon-lemon-pepper,https://cdn0.woolworths.media/content/wowproductimages/medium/716082.jpg,2020-09-21 17:27:05,,0,Was $2.60 13/11/2017,True
406e4c90-59a8-4a83-9452-90d9eb1c0516,Woolworths Supermarket,Pantry,Tassal Salmon Sweet Chilli 95g,716090,$2.00,$21.05 / 1KG,https://www.woolworths.com.au/shop/productdetails/716090/tassal-salmon-sweet-chilli,https://cdn0.woolworths.media/content/wowproductimages/medium/716090.jpg,2020-09-21 17:27:05,,0,Was $2.60 13/11/2017,True
bab34468-7dd4-460b-a7a8-393a2c7a071d,Woolworths Supermarket,Pantry,Macro Organic White Rice Medium Grain 1kg,716127,$4.00,$0.40 / 100G,https://www.woolworths.com.au/shop/productdetails/716127/macro-organic-white-rice-medium-grain,https://cdn0.woolworths.media/content/wowproductimages/medium/716127.jpg,2020-09-21 17:27:05,,0,,True
984eae7e-591b-4834-a689-1e4be75e40dc,Woolworths Supermarket,Pantry,Continental Salt Reduced Chicken Stock Pot 112g,716233,$3.50,$0.31 / 10G,https://www.woolworths.com.au/shop/productdetails/716233/continental-salt-reduced-chicken-stock-pot,https://cdn0.woolworths.media/content/wowproductimages/medium/716233.jpg,2020-09-21 17:27:05,,0,,True
b92da93e-a660-43d6-9550-9ced22e9084c,Woolworths Supermarket,Pantry,Masterfoods Barbecue Sauce 500ml,099696,$2.50,$0.50 / 100ML,https://www.woolworths.com.au/shop/productdetails/99696/masterfoods-barbecue-sauce,https://cdn0.woolworths.media/content/wowproductimages/medium/099696.jpg,2020-09-21 17:27:05,,0,,True
36e95dd9-a8a0-4150-921c-511af2fb4f78,Woolworths Supermarket,Pantry,Doritos Share Pack Cheese Supreme 170g,826731,$2.75,$1.62 / 100G,https://www.woolworths.com.au/shop/productdetails/826731/doritos-share-pack-cheese-supreme,https://cdn0.woolworths.media/content/wowproductimages/medium/826731.jpg,2020-09-21 17:27:05,,0,,True
13de8243-14cf-4e73-84bf-a94310a478a0,Woolworths Supermarket,Pantry,Arnott's Shortbread 250g,008838,$2.50,$1.00 / 100G,https://www.woolworths.com.au/shop/productdetails/8838/arnott-s-shortbread,https://cdn0.woolworths.media/content/wowproductimages/medium/008838.jpg,2020-09-21 17:27:05,,0,,True
4f29cbc5-714b-4b83-b52b-1013d71dc5ef,Woolworths Supermarket,Pantry,Twisties Cheese Chips 90g,081659,$2.00,$2.22 / 100G,https://www.woolworths.com.au/shop/productdetails/81659/twisties-cheese-chips,https://cdn0.woolworths.media/content/wowproductimages/medium/081659.jpg,2020-09-21 17:27:05,,0,,True
102f1e0e-2513-480f-971d-a03499a54a8e,Woolworths Supermarket,Pantry,Bertolli Extra Virgin Olive Oil Originale 750ml,502951,$6.50,$0.87 / 100ML,https://www.woolworths.com.au/shop/productdetails/502951/bertolli-extra-virgin-olive-oil-originale,https://cdn0.woolworths.media/content/wowproductimages/medium/502951.jpg,2020-09-21 17:27:05,,0,,True
54a06c48-bde3-4707-b602-159305b995ef,Woolworths Supermarket,Pantry,Valcom Canned Bamboo Shoots Sliced 225g,097730,$1.10,$4.89 / 1KG,https://www.woolworths.com.au/shop/productdetails/97730/valcom-canned-bamboo-shoots-sliced,https://cdn0.woolworths.media/content/wowproductimages/medium/097730.jpg,2020-09-21 17:27:05,,0,,True
be7aac0d-79e9-4eae-8e58-8c97e5021cbc,Woolworths Supermarket,Pantry,Kellogg's Nutri-grain Protein Breakfast Cereal 290g,701706,$4.95,$1.71 / 100G,https://www.woolworths.com.au/shop/productdetails/701706/kellogg-s-nutri-grain-protein-breakfast-cereal,https://cdn0.woolworths.media/content/wowproductimages/medium/701706.jpg,2020-09-21 17:27:05,,0,,True
48b16085-0c56-48d1-a56c-1a0c0d529af5,Woolworths Supermarket,Pantry,Arnott's Malt O' Milk 250g,036036,$2.50,$1.00 / 100G,https://www.woolworths.com.au/shop/productdetails/36036/arnott-s-malt-o-milk,https://cdn0.woolworths.media/content/wowproductimages/medium/036036.jpg,2020-09-21 17:27:05,,0,,True
88122d9d-568c-4e49-b84c-d3241cef994c,Woolworths Supermarket,Pantry,Smith's Share Pack Crinkle Cut Salt & Vinegar 170g,826738,$2.75,$1.62 / 100G,https://www.woolworths.com.au/shop/productdetails/826738/smith-s-share-pack-crinkle-cut-salt-vinegar,https://cdn0.woolworths.media/content/wowproductimages/medium/826738.jpg,2020-09-21 17:27:05,,0,,True
0b1f984a-01ed-45fc-8658-4850e095d564,Woolworths Supermarket,Pantry,Arnott's Snack Right Sultana 250g,182697,$3.00,$1.20 / 100G,https://www.woolworths.com.au/shop/productdetails/182697/arnott-s-snack-right-sultana,https://cdn0.woolworths.media/content/wowproductimages/medium/182697.jpg,2020-09-21 17:27:05,,0,Was $4.20 11/02/2019,True
ef807bd4-8275-4ee0-bc7c-b116a9eb2227,Woolworths Supermarket,Pantry,Toblerone Milk Chocolate Bar 50g,047011,$1.00,$2.00 / 100G,https://www.woolworths.com.au/shop/productdetails/47011/toblerone-milk-chocolate-bar,https://cdn0.woolworths.media/content/wowproductimages/medium/047011.jpg,2020-09-21 17:27:05,,0,,True
53c0a647-e8e5-42e6-99fb-a59408c750df,Woolworths Supermarket,Pantry,Kooka's Country Cookies Lemon 200g,347837,$2.00,$1.00 / 100G,https://www.woolworths.com.au/shop/productdetails/347837/kooka-s-country-cookies-lemon,https://cdn0.woolworths.media/content/wowproductimages/medium/347837.jpg,2020-09-21 17:27:05,,0,,True
da3dccf7-c587-43f1-b548-e2f1858b8278,Woolworths Supermarket,Pantry,Uncle Tobys Roll-ups Strawberry Fun Prints 6 pack,324231,$4.00,$4.26 / 100G,https://www.woolworths.com.au/shop/productdetails/324231/uncle-tobys-roll-ups-strawberry-fun-prints,https://cdn0.woolworths.media/content/wowproductimages/medium/324231.jpg,2020-09-21 17:27:05,,0,,True
627d40de-a5bd-4b8f-951e-09c7c3c1b8a5,Woolworths Supermarket,Pantry,Woolworths Corn Sweet Kernels 420g,218926,$1.00,$2.38 / 1KG,https://www.woolworths.com.au/shop/productdetails/218926/woolworths-corn-sweet-kernels,https://cdn0.woolworths.media/content/wowproductimages/medium/218926.jpg,2020-09-21 17:27:05,Average product rating out of 5: 4.1. Product score is based on 215 ratings,215,,True
da82e589-23f0-4487-a52d-3eb613bae523,Woolworths Supermarket,Pantry,Moccona Freeze Dried Instant Coffee Classic Medium Roast 400g,208575,$24.00,$6.00 / 100G,https://www.woolworths.com.au/shop/productdetails/208575/moccona-freeze-dried-instant-coffee-classic-medium-roast,https://cdn0.woolworths.media/content/wowproductimages/medium/208575.jpg,2020-09-21 17:27:05,,0,,True
6934ff68-4152-4912-a68d-00d7e8d13546,Woolworths Supermarket,Pantry,Macro Organic Quinoa Tri Colour 500g,717631,$7.00,$1.40 / 100G,https://www.woolworths.com.au/shop/productdetails/717631/macro-organic-quinoa-tri-colour,https://cdn0.woolworths.media/content/wowproductimages/medium/717631.jpg,2020-09-21 17:27:05,Average product rating out of 5: 4.6. Product score is based on 274 ratings,274,Was $9.99 09/01/2017,True
e39d94ad-bccb-4db2-b0b6-cc12c837c8c0,Woolworths Supermarket,Pantry,Arnott's Shapes Cheddar 175g,384244,$2.50,$1.43 / 100G,https://www.woolworths.com.au/shop/productdetails/384244/arnott-s-shapes-cheddar,https://cdn0.woolworths.media/content/wowproductimages/medium/384244.jpg,2020-09-21 17:27:05,,0,,True
5d5efd2f-6892-4d06-b26d-3486eb4f62a4,Woolworths Supermarket,Pantry,Uncle Ben's Microwave Mexican Style Brown Rice 250g,727257,$3.00,$1.20 / 100G,https://www.woolworths.com.au/shop/productdetails/727257/uncle-ben-s-microwave-mexican-style-brown-rice,https://cdn0.woolworths.media/content/wowproductimages/medium/727257.jpg,2020-09-21 17:27:05,,0,,True
5869a597-a7a0-472c-9d8a-03bf1fcc52b1,Woolworths Supermarket,Pantry,Pringles Sour Cream And Onion Chips 134g,479502,$2.50,$1.87 / 100G,https://www.woolworths.com.au/shop/productdetails/479502/pringles-sour-cream-and-onion-chips,https://cdn0.woolworths.media/content/wowproductimages/medium/479502.jpg,2020-09-21 17:27:05,,0,,True
8069b887-ef6e-4fc9-9219-d77475ef504e,Woolworths Supermarket,Pantry,Hoyt's Cinnamon Sugar 70g,716793,$1.90,$0.27 / 10G,https://www.woolworths.com.au/shop/productdetails/716793/hoyt-s-cinnamon-sugar,https://cdn0.woolworths.media/content/wowproductimages/medium/716793.jpg,2020-09-21 17:27:05,,0,,True
d094a376-794f-4cde-b7af-9b40b9348ba7,Woolworths Supermarket,Pantry,Hoyt's Seasoning Moroccan Mix 65g,716794,$2.40,$0.37 / 10G,https://www.woolworths.com.au/shop/productdetails/716794/hoyt-s-seasoning-moroccan-mix,https://cdn0.woolworths.media/content/wowproductimages/medium/716794.jpg,2020-09-21 17:27:05,,0,,True
7390fb11-0de7-4bf6-97a1-048ce255edb6,Woolworths Supermarket,Pantry,Hoyt's Curry Powder Mild 50g,716890,$1.95,$0.39 / 10G,https://www.woolworths.com.au/shop/productdetails/716890/hoyt-s-curry-powder-mild,https://cdn0.woolworths.media/content/wowproductimages/medium/716890.jpg,2020-09-21 17:27:05,,0,,True
1d8fb76d-b3f1-481b-9f7d-96bb47197694,Woolworths Supermarket,Pantry,Uncle Tobys Oats Quick Sachets High Fibre Porridge 400g,717156,$4.50,$1.13 / 100G,https://www.woolworths.com.au/shop/productdetails/717156/uncle-tobys-oats-quick-sachets-high-fibre-porridge,https://cdn0.woolworths.media/content/wowproductimages/medium/717156.jpg,2020-09-21 17:27:05,,0,,True
bfd270e7-2d7f-40c5-b9e5-0215bd0932e2,Woolworths Supermarket,Pantry,Uncle Tobys Cereal Plus Antioxidant 435g,717162,$4.75,$1.09 / 100G,https://www.woolworths.com.au/shop/productdetails/717162/uncle-tobys-cereal-plus-antioxidant,https://cdn0.woolworths.media/content/wowproductimages/medium/717162.jpg,2020-09-21 17:27:05,,0,,True
4fece3ab-598e-4184-bd84-8ca20858425d,Woolworths Supermarket,Pantry,Sanitarium Up&go Protein Energize Choc 250ml x6 pack,717254,$9.00,$6.00 / 1L,https://www.woolworths.com.au/shop/productdetails/717254/sanitarium-up-go-protein-energize-choc,https://cdn0.woolworths.media/content/wowproductimages/medium/717254.jpg,2020-09-21 17:27:05,,0,,True
2c6d3c1a-223c-4d8e-b47a-26f2a1cf49e0,Woolworths Supermarket,Pantry,Sanitarium Up&go Liquid Breakfast Choc Ice 12 pack,717255,$13.00,$4.33 / 1L,https://www.woolworths.com.au/shop/productdetails/717255/sanitarium-up-go-liquid-breakfast-choc-ice,https://cdn0.woolworths.media/content/wowproductimages/medium/717255.jpg,2020-09-21 17:27:05,,0,,True
e484643c-1db5-460c-a0e9-76a8be2e72ed,Woolworths Supermarket,Pantry,Macro Organic Quinoa Tri Colour 500g,717631,$7.00,$1.40 / 100G,https://www.woolworths.com.au/shop/productdetails/717631/macro-organic-quinoa-tri-colour,https://cdn0.woolworths.media/content/wowproductimages/medium/717631.jpg,2020-09-21 17:27:05,Average product rating out of 5: 4.6. Product score is based on 274 ratings,274,Was $9.99 09/01/2017,True
99b666a8-3a45-4a8d-9428-79ee2ec25847,Woolworths Supermarket,Pantry,Ayam Thai Yellow Curry Paste 185g,717669,$3.50,$1.89 / 100G,https://www.woolworths.com.au/shop/productdetails/717669/ayam-thai-yellow-curry-paste,https://cdn0.woolworths.media/content/wowproductimages/medium/717669.jpg,2020-09-21 17:27:05,,0,,True
93cee101-7327-4c3f-96a5-d7cfd1c81f51,Woolworths Supermarket,Pantry,Ayam Malaysian Rendang Curry Paste 185g,717720,$3.50,$1.89 / 100G,https://www.woolworths.com.au/shop/productdetails/717720/ayam-malaysian-rendang-curry-paste,https://cdn0.woolworths.media/content/wowproductimages/medium/717720.jpg,2020-09-21 17:27:05,,0,,True
0ba3220e-d8e9-4067-93f6-edd9293d14d2,Woolworths Supermarket,Pantry,Ayam Nasi Goreng Paste 185g,717730,$3.50,$1.89 / 100G,https://www.woolworths.com.au/shop/productdetails/717730/ayam-nasi-goreng-paste,https://cdn0.woolworths.media/content/wowproductimages/medium/717730.jpg,2020-09-21 17:27:05,,0,,True
8b5e7d97-0aeb-4c71-9364-cd35d720524e,Woolworths Supermarket,Pantry,Obento Japanese Sushi & Sashimi Soy Sauce 250ml,717762,$3.00,$1.20 / 100ML,https://www.woolworths.com.au/shop/productdetails/717762/obento-japanese-sushi-sashimi-soy-sauce,https://cdn0.woolworths.media/content/wowproductimages/medium/717762.jpg,2020-09-21 17:27:05,,0,,True
c62e9bc3-2f3c-4d13-8aa7-85b661bdf90e,Woolworths Supermarket,Pantry,Nando's Hot Peri Peri Sauce 250ml,717857,$5.75,$2.30 / 100G,https://www.woolworths.com.au/shop/productdetails/717857/nando-s-hot-peri-peri-sauce,https://cdn0.woolworths.media/content/wowproductimages/medium/717857.jpg,2020-09-21 17:27:05,,0,,True
a5eabeb6-6464-456c-95e4-2f059a343362,Woolworths Supermarket,Pantry,Nando's Marinade Peri Peri Medium 270g,720003,$3.75,$1.43 / 100G,https://www.woolworths.com.au/shop/productdetails/720003/nando-s-marinade-peri-peri-medium,https://cdn0.woolworths.media/content/wowproductimages/medium/720003.jpg,2020-09-21 17:27:05,,0,,True
786c6a4e-4ec1-4ca0-8ca0-8674f1fd91f8,Woolworths Supermarket,Pantry,Gravox Gravy Liquid Best Ever Chip Gravy 165g,720043,$2.00,$1.21 / 100G,https://www.woolworths.com.au/shop/productdetails/720043/gravox-gravy-liquid-best-ever-chip-gravy,https://cdn0.woolworths.media/content/wowproductimages/medium/720043.jpg,2020-09-21 17:27:05,,0,Was $2.55 01/09/16,True
8219c0bf-3917-4edd-ab1b-6834a7240a83,Woolworths Supermarket,Pantry,Woolworths Cous Cous 500g,720060,$1.75,$0.35 / 100G,https://www.woolworths.com.au/shop/productdetails/720060/woolworths-cous-cous,https://cdn0.woolworths.media/content/wowproductimages/medium/720060.jpg,2020-09-21 17:27:05,,0,,True
c3414051-60b3-4ff4-97c0-69e61140490a,Woolworths Supermarket,Pantry,Maggi So Crispy Classic Chicken Recipe Base 85g,720092,$2.00,$2.35 / 100G,https://www.woolworths.com.au/shop/productdetails/720092/maggi-so-crispy-classic-chicken-recipe-base,https://cdn0.woolworths.media/content/wowproductimages/medium/720092.jpg,2020-09-21 17:27:05,,0,,True
c1ae72cb-7247-4ba8-a2c7-c07e33416198,Woolworths Supermarket,Pantry,Fountain Plum Sauce 250ml,720125,$2.70,$1.08 / 100ML,https://www.woolworths.com.au/shop/productdetails/720125/fountain-plum-sauce,https://cdn0.woolworths.media/content/wowproductimages/medium/720125.jpg,2020-09-21 17:27:05,,0,,True
639b049b-c20f-4238-84d7-0fe1215a6b6d,Woolworths Supermarket,Pantry,Essentials Brown Sugar 1kg,720342,$2.65,$0.27 / 100G,https://www.woolworths.com.au/shop/productdetails/720342/essentials-brown-sugar,https://cdn0.woolworths.media/content/wowproductimages/medium/720342.jpg,2020-09-21 17:27:05,Average product rating out of 5: 4.8. Product score is based on 585 ratings,585,,True
75d79d45-9d66-4ccc-a4a6-5930e9003071,Woolworths Supermarket,Pantry,Essentials Caster Sugar 1kg,720343,$1.99,$0.20 / 100G,https://www.woolworths.com.au/shop/productdetails/720343/essentials-caster-sugar,https://cdn0.woolworths.media/content/wowproductimages/medium/720343.jpg,2020-09-21 17:27:05,,0,,True
9586e554-a31f-4362-b5fd-7280da3d7537,Woolworths Supermarket,Pantry,Woolworths Lemon Juice 250ml,720423,$1.00,$0.40 / 100ML,https://www.woolworths.com.au/shop/productdetails/720423/woolworths-lemon-juice,https://cdn0.woolworths.media/content/wowproductimages/medium/720423.jpg,2020-09-21 17:27:05,Average product rating out of 5: 4.4. Product score is based on 1960 ratings,1960,,True
c831dbd4-fc2e-470b-ab40-d60335d06365,Woolworths Supermarket,Pantry,Woolworths Lemon Juice 500ml,720424,$1.65,$0.33 / 100ML,https://www.woolworths.com.au/shop/productdetails/720424/woolworths-lemon-juice,https://cdn0.woolworths.media/content/wowproductimages/medium/720424.jpg,2020-09-21 17:27:05,Average product rating out of 5: 4.4. Product score is based on 416 ratings,416,,True
36fd769e-08cc-4d8c-8f3f-8afd3647c1da,Woolworths Supermarket,Pantry,Woolworths Citrus Juice Lime 250ml,720425,$1.00,$0.40 / 100ML,https://www.woolworths.com.au/shop/productdetails/720425/woolworths-citrus-juice-lime,https://cdn0.woolworths.media/content/wowproductimages/medium/720425.jpg,2020-09-21 17:27:05,,0,,True
4c3ef3f2-f905-4d3a-bf47-f698de3d6fd1,Woolworths Supermarket,Pantry,Csr Specialty Sugar Jam Setting 500g,720458,$2.65,$0.53 / 100G,https://www.woolworths.com.au/shop/productdetails/720458/csr-specialty-sugar-jam-setting,https://cdn0.woolworths.media/content/wowproductimages/medium/720458.jpg,2020-09-21 17:27:05,,0,,True
abf95331-ea35-4b4f-8908-4a06f434992d,Woolworths Supermarket,Pantry,Masterfoods Barbecue Sauce 500ml,099696,$2.50,$0.50 / 100ML,https://www.woolworths.com.au/shop/productdetails/99696/masterfoods-barbecue-sauce,https://cdn0.woolworths.media/content/wowproductimages/medium/099696.jpg,2020-09-21 17:27:05,,0,,True
62089817-4f36-4b17-aaac-597d0854dfde,Woolworths Supermarket,Pantry,Doritos Share Pack Cheese Supreme 170g,826731,$2.75,$1.62 / 100G,https://www.woolworths.com.au/shop/productdetails/826731/doritos-share-pack-cheese-supreme,https://cdn0.woolworths.media/content/wowproductimages/medium/826731.jpg,2020-09-21 17:27:05,,0,,True
bf02cc3c-1513-463e-ac56-197761697f99,Woolworths Supermarket,Pantry,Arnott's Shortbread 250g,008838,$2.50,$1.00 / 100G,https://www.woolworths.com.au/shop/productdetails/8838/arnott-s-shortbread,https://cdn0.woolworths.media/content/wowproductimages/medium/008838.jpg,2020-09-21 17:27:05,,0,,True
b04346f3-61a2-455e-8f69-d1be6616e78c,Woolworths Supermarket,Pantry,Twisties Cheese Chips 90g,081659,$2.00,$2.22 / 100G,https://www.woolworths.com.au/shop/productdetails/81659/twisties-cheese-chips,https://cdn0.woolworths.media/content/wowproductimages/medium/081659.jpg,2020-09-21 17:27:05,,0,,True
5889fdca-05ce-4bfa-b955-73e6454c5e6e,Woolworths Supermarket,Pantry,Bertolli Extra Virgin Olive Oil Originale 750ml,502951,$6.50,$0.87 / 100ML,https://www.woolworths.com.au/shop/productdetails/502951/bertolli-extra-virgin-olive-oil-originale,https://cdn0.woolworths.media/content/wowproductimages/medium/502951.jpg,2020-09-21 17:27:05,,0,,True
44c84a87-f0e9-4a32-bc51-f7bc40031ab8,Woolworths Supermarket,Pantry,Valcom Canned Bamboo Shoots Sliced 225g,097730,$1.10,$4.89 / 1KG,https://www.woolworths.com.au/shop/productdetails/97730/valcom-canned-bamboo-shoots-sliced,https://cdn0.woolworths.media/content/wowproductimages/medium/097730.jpg,2020-09-21 17:27:05,,0,,True
b0c83706-5634-4183-a2f1-7a0dd8c32744,Woolworths Supermarket,Pantry,Kellogg's Nutri-grain Protein Breakfast Cereal 290g,701706,$4.95,$1.71 / 100G,https://www.woolworths.com.au/shop/productdetails/701706/kellogg-s-nutri-grain-protein-breakfast-cereal,https://cdn0.woolworths.media/content/wowproductimages/medium/701706.jpg,2020-09-21 17:27:05,,0,,True
9473ae76-b2ac-43ee-942d-cd99867ea7e2,Woolworths Supermarket,Pantry,Arnott's Malt O' Milk 250g,036036,$2.50,$1.00 / 100G,https://www.woolworths.com.au/shop/productdetails/36036/arnott-s-malt-o-milk,https://cdn0.woolworths.media/content/wowproductimages/medium/036036.jpg,2020-09-21 17:27:05,,0,,True
fb53ea63-c86a-44c8-9877-93822716cb01,Woolworths Supermarket,Pantry,Smith's Share Pack Crinkle Cut Salt & Vinegar 170g,826738,$2.75,$1.62 / 100G,https://www.woolworths.com.au/shop/productdetails/826738/smith-s-share-pack-crinkle-cut-salt-vinegar,https://cdn0.woolworths.media/content/wowproductimages/medium/826738.jpg,2020-09-21 17:27:05,,0,,True
dc3598b4-495d-46d5-894a-d37858886645,Woolworths Supermarket,Pantry,Arnott's Snack Right Sultana 250g,182697,$3.00,$1.20 / 100G,https://www.woolworths.com.au/shop/productdetails/182697/arnott-s-snack-right-sultana,https://cdn0.woolworths.media/content/wowproductimages/medium/182697.jpg,2020-09-21 17:27:05,,0,Was $4.20 11/02/2019,True
bcb84965-1770-438f-9162-e8f25316866b,Woolworths Supermarket,Pantry,Toblerone Milk Chocolate Bar 50g,047011,$1.00,$2.00 / 100G,https://www.woolworths.com.au/shop/productdetails/47011/toblerone-milk-chocolate-bar,https://cdn0.woolworths.media/content/wowproductimages/medium/047011.jpg,2020-09-21 17:27:05,,0,,True
f8d311cb-e2e1-4045-8d24-e569bdd68705,Woolworths Supermarket,Pantry,Kooka's Country Cookies Lemon 200g,347837,$2.00,$1.00 / 100G,https://www.woolworths.com.au/shop/productdetails/347837/kooka-s-country-cookies-lemon,https://cdn0.woolworths.media/content/wowproductimages/medium/347837.jpg,2020-09-21 17:27:05,,0,,True
ca2af6b9-26c3-4a38-9218-73a87ebdce44,Woolworths Supermarket,Pantry,Uncle Tobys Roll-ups Strawberry Fun Prints 6 pack,324231,$4.00,$4.26 / 100G,https://www.woolworths.com.au/shop/productdetails/324231/uncle-tobys-roll-ups-strawberry-fun-prints,https://cdn0.woolworths.media/content/wowproductimages/medium/324231.jpg,2020-09-21 17:27:05,,0,,True
7517efd0-8a95-4514-8ff6-2f9dee579df0,Woolworths Supermarket,Pantry,Woolworths Corn Sweet Kernels 420g,218926,$1.00,$2.38 / 1KG,https://www.woolworths.com.au/shop/productdetails/218926/woolworths-corn-sweet-kernels,https://cdn0.woolworths.media/content/wowproductimages/medium/218926.jpg,2020-09-21 17:27:05,Average product rating out of 5: 4.1. Product score is based on 215 ratings,215,,True
dabfda19-edba-482b-9666-d35c1742f3aa,Woolworths Supermarket,Pantry,Moccona Freeze Dried Instant Coffee Classic Medium Roast 400g,208575,$24.00,$6.00 / 100G,https://www.woolworths.com.au/shop/productdetails/208575/moccona-freeze-dried-instant-coffee-classic-medium-roast,https://cdn0.woolworths.media/content/wowproductimages/medium/208575.jpg,2020-09-21 17:27:05,,0,,True
a22a6df6-eef0-4d95-b15d-aaeb91b44090,Woolworths Supermarket,Pantry,Macro Organic Quinoa Tri Colour 500g,717631,$7.00,$1.40 / 100G,https://www.woolworths.com.au/shop/productdetails/717631/macro-organic-quinoa-tri-colour,https://cdn0.woolworths.media/content/wowproductimages/medium/717631.jpg,2020-09-21 17:27:05,Average product rating out of 5: 4.6. Product score is based on 274 ratings,274,Was $9.99 09/01/2017,True
ca224f86-9688-4d27-9789-a7de2ae179e9,Woolworths Supermarket,Pantry,Arnott's Shapes Cheddar 175g,384244,$2.50,$1.43 / 100G,https://www.woolworths.com.au/shop/productdetails/384244/arnott-s-shapes-cheddar,https://cdn0.woolworths.media/content/wowproductimages/medium/384244.jpg,2020-09-21 17:27:05,,0,,True
7ccd3dc8-adf8-483d-b020-8ca6830710cd,Woolworths Supermarket,Pantry,Uncle Ben's Microwave Mexican Style Brown Rice 250g,727257,$3.00,$1.20 / 100G,https://www.woolworths.com.au/shop/productdetails/727257/uncle-ben-s-microwave-mexican-style-brown-rice,https://cdn0.woolworths.media/content/wowproductimages/medium/727257.jpg,2020-09-21 17:27:05,,0,,True
0306452d-2461-47f6-b565-8f6c126ae61a,Woolworths Supermarket,Pantry,Pringles Sour Cream And Onion Chips 134g,479502,$2.50,$1.87 / 100G,https://www.woolworths.com.au/shop/productdetails/479502/pringles-sour-cream-and-onion-chips,https://cdn0.woolworths.media/content/wowproductimages/medium/479502.jpg,2020-09-21 17:27:05,,0,,True
c029f22d-668a-494c-854b-3aa2cba8444e,Woolworths Supermarket,Pantry,Stevia Sweet Liquid With Agave 125ml,720626,$5.49,$4.39 / 100ML,https://www.woolworths.com.au/shop/productdetails/720626/stevia-sweet-liquid-with-agave,https://cdn0.woolworths.media/content/wowproductimages/medium/720626.jpg,2020-09-21 17:27:05,,0,,True
8851aa46-9fc2-4075-a609-1a957c6745eb,Woolworths Supermarket,Pantry,Abc Kecap Manis Sweet Soy Sauce 275ml,720977,$2.00,$0.73 / 100ML,https://www.woolworths.com.au/shop/productdetails/720977/abc-kecap-manis-sweet-soy-sauce,https://cdn0.woolworths.media/content/wowproductimages/medium/720977.jpg,2020-09-21 17:27:05,,0,,True
b1e47332-7012-4900-81a5-52eff17a1ecc,Woolworths Supermarket,Pantry,Mother Earth Chocolate Chip Oaty Slice 6pk 240g,721581,$3.00,$1.25 / 100G,https://www.woolworths.com.au/shop/productdetails/721581/mother-earth-chocolate-chip-oaty-slice,https://cdn0.woolworths.media/content/wowproductimages/medium/721581.jpg,2020-09-21 17:27:05,,0,Was $4.00 26/02/2018,True
5ee2328d-477f-436f-a13d-80e66b1017aa,Woolworths Supermarket,Pantry,Kellogg's K-time Baked Twists Strawberry & Yoghurt Flavour Snack Bars 185g,722766,$4.00,$2.16 / 100G,https://www.woolworths.com.au/shop/productdetails/722766/kellogg-s-k-time-baked-twists-strawberry-yoghurt-flavour-snack-bars,https://cdn0.woolworths.media/content/wowproductimages/medium/722766.jpg,2020-09-21 17:27:05,,0,,True
11b625e6-1bb7-46e6-818f-6a75ffc97a94,Woolworths Supermarket,Pantry,Nestle Plaistowe Cocoa Premium 180g,723948,$6.00,$3.33 / 100G,https://www.woolworths.com.au/shop/productdetails/723948/nestle-plaistowe-cocoa-premium,https://cdn0.woolworths.media/content/wowproductimages/medium/723948.jpg,2020-09-21 17:27:05,,0,,True
82ba79d9-4e9b-4cf0-ae1e-5b6b8ee23bba,Woolworths Supermarket,Pantry,Mckenzie's Baking Aids Gelatine Leaves 20g,724056,$5.00,$25.00 / 100G,https://www.woolworths.com.au/shop/productdetails/724056/mckenzie-s-baking-aids-gelatine-leaves,https://cdn0.woolworths.media/content/wowproductimages/medium/724056.jpg,2020-09-21 17:27:05,,0,,True
1a86601d-dccb-41f8-b6f7-b5eaf7ce584e,Woolworths Supermarket,Pantry,Jamie Oliver Green Pesto 190g,724084,$5.30,$2.79 / 100G,https://www.woolworths.com.au/shop/productdetails/724084/jamie-oliver-green-pesto,https://cdn0.woolworths.media/content/wowproductimages/medium/724084.jpg,2020-09-21 17:27:05,,0,,True
d98b72f2-cc88-426f-95ac-6876d97b6e9d,Woolworths Supermarket,Pantry,Kellogg's K-time Baked Twists Raspberry & Apple Flavour Snack Bars 185g,724085,$4.00,$2.16 / 100G,https://www.woolworths.com.au/shop/productdetails/724085/kellogg-s-k-time-baked-twists-raspberry-apple-flavour-snack-bars,https://cdn0.woolworths.media/content/wowproductimages/medium/724085.jpg,2020-09-21 17:27:05,,0,,True
822f33cc-61df-4a9b-bcec-603902a406cf,Woolworths Supermarket,Pantry,Kellogg's K-time Baked Twists Strawberry & Blueberry Flavour Snack Bars 185g,724087,$4.00,$2.16 / 100G,https://www.woolworths.com.au/shop/productdetails/724087/kellogg-s-k-time-baked-twists-strawberry-blueberry-flavour-snack-bars,https://cdn0.woolworths.media/content/wowproductimages/medium/724087.jpg,2020-09-21 17:27:05,,0,,True
97333317-6aac-487f-b1f9-3bcb8553c103,Woolworths Supermarket,Pantry,Woolworths Chips Crinkle Cut Original 175g,725808,$1.60,$0.91 / 100G,https://www.woolworths.com.au/shop/productdetails/725808/woolworths-chips-crinkle-cut-original,https://cdn0.woolworths.media/content/wowproductimages/medium/725808.jpg,2020-09-21 17:27:05,Average product rating out of 5: 4.0. Product score is based on 710 ratings,710,,True
226e9c5e-7167-4dd3-897b-ebc070500390,Woolworths Supermarket,Pantry,Woolworths Chips Crinkle Cut Roast Chicken 175g,725820,$1.60,$0.91 / 100G,https://www.woolworths.com.au/shop/productdetails/725820/woolworths-chips-crinkle-cut-roast-chicken,https://cdn0.woolworths.media/content/wowproductimages/medium/725820.jpg,2020-09-21 17:27:05,Average product rating out of 5: 4.1. Product score is based on 715 ratings,715,,True
cec60591-6b22-45ea-8ca5-460ca48428b6,Woolworths Supermarket,Pantry,Aunt Betty's Golden Syrup Steamy Puds 2x95g,726089,$4.00,$2.11 / 100G,https://www.woolworths.com.au/shop/productdetails/726089/aunt-betty-s-golden-syrup-steamy-puds,https://cdn0.woolworths.media/content/wowproductimages/medium/726089.jpg,2020-09-21 17:27:05,,0,,True
934c86f6-46b9-431d-a1a7-649b80126cd6,Woolworths Supermarket,Pantry,Aunt Betty's Sticky Date Steamy Puds 2x95g,726124,$4.00,$2.11 / 100G,https://www.woolworths.com.au/shop/productdetails/726124/aunt-betty-s-sticky-date-steamy-puds,https://cdn0.woolworths.media/content/wowproductimages/medium/726124.jpg,2020-09-21 17:27:05,,0,,True
60476c5e-0176-4417-a790-40db08f46a99,Woolworths Supermarket,Pantry,Aunt Betty's Gooey Caramel Steamy Puds 2x95g,726133,$4.00,$2.11 / 100G,https://www.woolworths.com.au/shop/productdetails/726133/aunt-betty-s-gooey-caramel-steamy-puds,https://cdn0.woolworths.media/content/wowproductimages/medium/726133.jpg,2020-09-21 17:27:05,,0,,True
16a28692-a0bb-4872-a6fd-53b2d9d62be8,Woolworths Supermarket,Pantry,Aunt Betty's Chocolate Steamy Puds 2x95g,726143,$4.00,$2.11 / 100G,https://www.woolworths.com.au/shop/productdetails/726143/aunt-betty-s-chocolate-steamy-puds,https://cdn0.woolworths.media/content/wowproductimages/medium/726143.jpg,2020-09-21 17:27:05,,0,,True
d7091cd3-298e-4b14-a2e2-e1c737f1ec2f,Woolworths Supermarket,Pantry,Woolworths Almonds Blanched 120g,726259,$4.00,$33.33 / 1KG,https://www.woolworths.com.au/shop/productdetails/726259/woolworths-almonds-blanched,https://cdn0.woolworths.media/content/wowproductimages/medium/726259.jpg,2020-09-21 17:27:05,Average product rating out of 5: 4.5. Product score is based on 445 ratings,445,Was $4.50 24/10/16,True
ca5b01e8-ec51-46f9-8d29-797b009304cb,Woolworths Supermarket,Pantry,Woolworths Almonds Flaked 120g,726280,$4.00,$33.33 / 1KG,https://www.woolworths.com.au/shop/productdetails/726280/woolworths-almonds-flaked,https://cdn0.woolworths.media/content/wowproductimages/medium/726280.jpg,2020-09-21 17:27:05,Average product rating out of 5: 4.7. Product score is based on 416 ratings,416,Was $4.40 24/10/16,True
94e484f2-bdb6-475c-9f5a-b18c9cb746d1,Woolworths Supermarket,Pantry,Woolworths Almond Meal 150g,726281,$4.00,$26.67 / 1KG,https://www.woolworths.com.au/shop/productdetails/726281/woolworths-almond-meal,https://cdn0.woolworths.media/content/wowproductimages/medium/726281.jpg,2020-09-21 17:27:05,Average product rating out of 5: 4.6. Product score is based on 399 ratings,399,Was $4.50 24/10/16,True
d5be199b-4c90-4ece-9f22-4a1c9e2078b3,Woolworths Supermarket,Pantry,Woolworths Almonds Natural 150g,726282,$3.15,$21.00 / 1KG,https://www.woolworths.com.au/shop/productdetails/726282/woolworths-almonds-natural,https://cdn0.woolworths.media/content/wowproductimages/medium/726282.jpg,2020-09-21 17:27:05,Average product rating out of 5: 4.5. Product score is based on 426 ratings,426,,True
06da4e11-f1ca-4bb1-9182-24da8a612e5c,Woolworths Supermarket,Pantry,Woolworths Almonds Slivered 120g,726350,$4.00,$33.33 / 1KG,https://www.woolworths.com.au/shop/productdetails/726350/woolworths-almonds-slivered,https://cdn0.woolworths.media/content/wowproductimages/medium/726350.jpg,2020-09-21 17:27:05,Average product rating out of 5: 4.7. Product score is based on 953 ratings,953,Was $4.40 24/10/16,True
e5abdef9-b3d0-4501-8829-6f37b2740776,Woolworths Supermarket,Pantry,Woolworths Brazil Nuts 150g,726351,$5.10,$34.00 / 1KG,https://www.woolworths.com.au/shop/productdetails/726351/woolworths-brazil-nuts,https://cdn0.woolworths.media/content/wowproductimages/medium/726351.jpg,2020-09-21 17:27:05,Average product rating out of 5: 4.5. Product score is based on 633 ratings,633,,True
91ff5258-e03b-408e-8403-8cc35bfd9e8e,Woolworths Supermarket,Pantry,Woolworths Cashews 150g,726352,$3.70,$24.67 / 1KG,https://www.woolworths.com.au/shop/productdetails/726352/woolworths-cashews,https://cdn0.woolworths.media/content/wowproductimages/medium/726352.jpg,2020-09-21 17:27:05,Average product rating out of 5: 4.4. Product score is based on 580 ratings,580,,True
36b2e1a9-e5a7-4a4e-9edb-14067ce49450,Woolworths Supermarket,Pantry,Woolworths Hazelnuts 150g,726353,$4.00,$26.67 / 1KG,https://www.woolworths.com.au/shop/productdetails/726353/woolworths-hazelnuts,https://cdn0.woolworths.media/content/wowproductimages/medium/726353.jpg,2020-09-21 17:27:05,Average product rating out of 5: 4.2. Product score is based on 426 ratings,426,,True
82dab723-689a-478a-be26-7c750f4548e7,Woolworths Supermarket,Pantry,Woolworths Macadamias 120g,726354,$5.00,$41.67 / 1KG,https://www.woolworths.com.au/shop/productdetails/726354/woolworths-macadamias,https://cdn0.woolworths.media/content/wowproductimages/medium/726354.jpg,2020-09-21 17:27:05,Average product rating out of 5: 4.8. Product score is based on 663 ratings,663,,True
5c7c1b7a-387c-4e66-b7c5-8e4c086a84aa,Woolworths Supermarket,Pantry,Arnott's Shapes Chicken Crimpy 175g,384245,$2.50,$1.43 / 100G,https://www.woolworths.com.au/shop/productdetails/384245/arnott-s-shapes-chicken-crimpy,https://cdn0.woolworths.media/content/wowproductimages/medium/384245.jpg,2020-09-21 17:27:05,,0,,True
f022fdae-57d7-410d-a80f-76336ecf980c,Woolworths Supermarket,Pantry,Sunbites Grain Waves Sour Cream & Chives 170g,082361,$3.50,$2.06 / 100G,https://www.woolworths.com.au/shop/productdetails/82361/sunbites-grain-waves-sour-cream-chives,https://cdn0.woolworths.media/content/wowproductimages/medium/082361.jpg,2020-09-21 17:27:05,,0,,True
a20a90b6-411f-45b9-8f63-1934488673c6,Woolworths Supermarket,Pantry,Indomie Mi Goreng Instant Noodles 5pk 425g,177972,$2.75,$0.65 / 100G,https://www.woolworths.com.au/shop/productdetails/177972/indomie-mi-goreng-instant-noodles,https://cdn0.woolworths.media/content/wowproductimages/medium/177972.jpg,2020-09-21 17:27:05,,0,,True
e8893da6-58aa-432f-a1dc-8da42401141f,Woolworths Supermarket,Pantry,Fantastic Rice Crackers Original 100g,035231,$1.50,$1.50 / 100G,https://www.woolworths.com.au/shop/productdetails/35231/fantastic-rice-crackers-original,https://cdn0.woolworths.media/content/wowproductimages/medium/035231.jpg,2020-09-21 17:27:05,,0,,True
014ef3fd-5ac8-4a8d-a4ff-bd37a5a4e5cf,Woolworths Supermarket,Pantry,Arnott's Monte Carlo 250g,036031,$3.00,$1.20 / 100G,https://www.woolworths.com.au/shop/productdetails/36031/arnott-s-monte-carlo,https://cdn0.woolworths.media/content/wowproductimages/medium/036031.jpg,2020-09-21 17:27:05,,0,,True
d36eadd9-9e4f-4618-b7fe-019a71e8c442,Woolworths Supermarket,Pantry,Mckenzie's Himalayan Salt Rock Pink 400g,749926,$5.95,$0.15 / 10G,https://www.woolworths.com.au/shop/productdetails/749926/mckenzie-s-himalayan-salt-rock-pink,https://cdn0.woolworths.media/content/wowproductimages/medium/749926.jpg,2020-09-21 17:27:05,,0,,True
70d69beb-4d6c-4cd2-a690-ee985a5f1ca6,Woolworths Supermarket,Pantry,Continental Cup A Soup Creamy Chicken With Lots Of Noodles 2 pack,026649,$2.00,$3.33 / 100G,https://www.woolworths.com.au/shop/productdetails/26649/continental-cup-a-soup-creamy-chicken-with-lots-of-noodles,https://cdn0.woolworths.media/content/wowproductimages/medium/026649.jpg,2020-09-21 17:27:05,,0,,True
7bfde077-b116-405f-b486-8f1fd9510c6e,Woolworths Supermarket,Pantry,Essentials Pasta Penne 500g,188800,$0.80,$0.16 / 100G,https://www.woolworths.com.au/shop/productdetails/188800/essentials-pasta-penne,https://cdn0.woolworths.media/content/wowproductimages/medium/188800.jpg,2020-09-21 17:27:05,,0,,True
39f5b3ea-b8cb-4bfa-ba23-583bbc73f005,Woolworths Supermarket,Pantry,Mckenzie's Rice Flour 375g,094275,$1.50,$4.00 / 1KG,https://www.woolworths.com.au/shop/productdetails/94275/mckenzie-s-rice-flour,https://cdn0.woolworths.media/content/wowproductimages/medium/094275.jpg,2020-09-21 17:27:05,,0,,True
1d3f84cd-8382-450e-a78e-1a5c9ce7c01e,Woolworths Supermarket,Pantry,Cadbury Dairy Milk Chocolate Fair Trade 350g,757883,$5.00,$1.43 / 100G,https://www.woolworths.com.au/shop/productdetails/757883/cadbury-dairy-milk-chocolate-fair-trade,https://cdn0.woolworths.media/content/wowproductimages/medium/757883.jpg,2020-09-21 17:27:05,,0,Was $6.30 16/01/2017,True
9753a4c5-ab88-4d42-bddd-ecc876f81c41,Woolworths Supermarket,Pantry,Cadbury Fry's Turkish Delight 55g bar,098390,$1.00,$1.82 / 100G,https://www.woolworths.com.au/shop/productdetails/98390/cadbury-fry-s-turkish-delight,https://cdn0.woolworths.media/content/wowproductimages/medium/098390.jpg,2020-09-21 17:27:05,,0,,True
1172548f-213e-4871-bd6c-ff747e215d81,Woolworths Supermarket,Pantry,Ritz Crackers Original 300g,660562,$2.50,$0.83 / 100G,https://www.woolworths.com.au/shop/productdetails/660562/ritz-crackers-original,https://cdn0.woolworths.media/content/wowproductimages/medium/660562.jpg,2020-09-21 17:27:05,,0,,True
7f55a0f2-2337-46bf-ae71-d6d14a767bc8,Woolworths Supermarket,Pantry,Woolworths Rolled Traditional Oats 750g,321220,$1.40,$0.19 / 100G,https://www.woolworths.com.au/shop/productdetails/321220/woolworths-rolled-traditional-oats,https://cdn0.woolworths.media/content/wowproductimages/medium/321220.jpg,2020-09-21 17:27:05,Average product rating out of 5: 4.6. Product score is based on 748 ratings,748,,True
6c2345c5-6e3f-4117-88db-4641962dac98,Woolworths Supermarket,Pantry,Ardmona Tomatoes Diced No Added Salt 400g,226849,$1.40,$3.50 / 1KG,https://www.woolworths.com.au/shop/productdetails/226849/ardmona-tomatoes-diced-no-added-salt,https://cdn0.woolworths.media/content/wowproductimages/medium/226849.jpg,2020-09-21 17:27:05,,0,,True
7dea3247-208e-408a-b225-729e63f4765f,Woolworths Supermarket,Pantry,Macro Organic Quinoa Tri Colour 500g,717631,$7.00,$1.40 / 100G,https://www.woolworths.com.au/shop/productdetails/717631/macro-organic-quinoa-tri-colour,https://cdn0.woolworths.media/content/wowproductimages/medium/717631.jpg,2020-09-21 17:27:05,Average product rating out of 5: 4.6. Product score is based on 274 ratings,274,Was $9.99 09/01/2017,True
c4e9afef-1d1d-4669-9a0e-29838e28e405,Woolworths Supermarket,Pantry,Woolworths Diced Italian Tomatoes No Added Salt 400g,770320,$0.80,$2.00 / 1KG,https://www.woolworths.com.au/shop/productdetails/770320/woolworths-diced-italian-tomatoes-no-added-salt,https://cdn0.woolworths.media/content/wowproductimages/medium/770320.jpg,2020-09-21 17:27:05,Average product rating out of 5: 4.7. Product score is based on 311 ratings,311,,True
30bde526-a882-4a26-bde8-96c023f114fc,Woolworths Supermarket,Pantry,Essentials Raw Sugar 2kg,018174,$2.10,$0.11 / 100G,https://www.woolworths.com.au/shop/productdetails/18174/essentials-raw-sugar,https://cdn0.woolworths.media/content/wowproductimages/medium/018174.jpg,2020-09-21 17:27:05,,0,,True
8ab24714-7f88-4ce0-a5d4-57787c6b976d,Woolworths Supermarket,Pantry,Heinz Canned Soup Big Red Tomato 420g,034331,$2.20,$0.52 / 100G,https://www.woolworths.com.au/shop/productdetails/34331/heinz-canned-soup-big-red-tomato,https://cdn0.woolworths.media/content/wowproductimages/medium/034331.jpg,2020-09-21 17:27:05,,0,,True
6e49d46f-2956-4e2f-a433-838fe3bce3ea,Woolworths Supermarket,Pantry,Masterfoods Barbecue Sauce 500ml,099696,$2.50,$0.50 / 100ML,https://www.woolworths.com.au/shop/productdetails/99696/masterfoods-barbecue-sauce,https://cdn0.woolworths.media/content/wowproductimages/medium/099696.jpg,2020-09-21 17:27:05,,0,,True
38077370-8fb6-4ecf-984a-ff6c58f86b8e,Woolworths Supermarket,Pantry,Sunbites Grain Waves Sour Cream & Chives 5 pack,720220,$3.10,$2.82 / 100G,https://www.woolworths.com.au/shop/productdetails/720220/sunbites-grain-waves-sour-cream-chives,https://cdn0.woolworths.media/content/wowproductimages/medium/720220.jpg,2020-09-21 17:27:05,,0,2 for $5.00,True
88d1fd30-58c6-4577-9191-2a7c6fc02ad6,Woolworths Supermarket,Pantry,Woolworths Pine Nuts 80g,726355,$3.95,$49.38 / 1KG,https://www.woolworths.com.au/shop/productdetails/726355/woolworths-pine-nuts,https://cdn0.woolworths.media/content/wowproductimages/medium/726355.jpg,2020-09-21 17:27:05,Average product rating out of 5: 4.4. Product score is based on 797 ratings,797,,True
5c7e5441-cc81-4fb6-8a04-361eedd2e5bf,Woolworths Supermarket,Pantry,Woolworths Pine Nuts 180g,726356,$8.40,$46.67 / 1KG,https://www.woolworths.com.au/shop/productdetails/726356/woolworths-pine-nuts,https://cdn0.woolworths.media/content/wowproductimages/medium/726356.jpg,2020-09-21 17:27:05,Average product rating out of 5: 4.6. Product score is based on 457 ratings,457,,True
d03aaf38-b985-4018-b6ed-2badb6c3286c,Woolworths Supermarket,Pantry,Woolworths Pistachios 80g,726357,$5.00,$62.50 / 1KG,https://www.woolworths.com.au/shop/productdetails/726357/woolworths-pistachios,https://cdn0.woolworths.media/content/wowproductimages/medium/726357.jpg,2020-09-21 17:27:05,Average product rating out of 5: 4.4. Product score is based on 249 ratings,249,,True
6e42f1c6-d300-4170-978b-6349fded9823,Woolworths Supermarket,Pantry,Woolworths Pepitas 300g,726358,$5.00,$16.67 / 1KG,https://www.woolworths.com.au/shop/productdetails/726358/woolworths-pepitas,https://cdn0.woolworths.media/content/wowproductimages/medium/726358.jpg,2020-09-21 17:27:05,,0,,True
c7d73abb-1826-4476-b69b-45c36bf7550b,Woolworths Supermarket,Pantry,Woolworths Walnuts Californian 190g,726359,$4.40,$23.16 / 1KG,https://www.woolworths.com.au/shop/productdetails/726359/woolworths-walnuts-californian,https://cdn0.woolworths.media/content/wowproductimages/medium/726359.jpg,2020-09-21 17:27:05,Average product rating out of 5: 4.6. Product score is based on 729 ratings,729,,True
4c1c1f07-6a99-48cc-a998-19b9f48552b9,Woolworths Supermarket,Pantry,Woolworths Walnuts Californian 450g,726360,$9.00,$20.00 / 1KG,https://www.woolworths.com.au/shop/productdetails/726360/woolworths-walnuts-californian,https://cdn0.woolworths.media/content/wowproductimages/medium/726360.jpg,2020-09-21 17:27:05,,0,,True
f00921c8-8735-4f01-b875-33f4c1a15209,Woolworths Supermarket,Pantry,Woolworths Banana Chips 300g,726361,$3.00,$10.00 / 1KG,https://www.woolworths.com.au/shop/productdetails/726361/woolworths-banana-chips,https://cdn0.woolworths.media/content/wowproductimages/medium/726361.jpg,2020-09-21 17:27:05,Average product rating out of 5: 3.4. Product score is based on 307 ratings,307,,True
8fb8f779-42cd-4f89-a074-79adb7d5db26,Woolworths Supermarket,Pantry,Woolworths Raisins 375g,726364,$3.75,$10.00 / 1KG,https://www.woolworths.com.au/shop/productdetails/726364/woolworths-raisins,https://cdn0.woolworths.media/content/wowproductimages/medium/726364.jpg,2020-09-21 17:27:05,,0,,True
c048845e-842b-4547-8b7d-efa5b223ab78,Woolworths Supermarket,Pantry,Woolworths Sultanas 375g,726367,$2.60,$6.93 / 1KG,https://www.woolworths.com.au/shop/productdetails/726367/woolworths-sultanas,https://cdn0.woolworths.media/content/wowproductimages/medium/726367.jpg,2020-09-21 17:27:05,Average product rating out of 5: 4.4. Product score is based on 496 ratings,496,,True
2ad2fb4a-dde2-4472-bee8-af17cf31f3b4,Woolworths Supermarket,Pantry,Woolworths Dried Apple Slices 200g,726368,$4.00,$20.00 / 1KG,https://www.woolworths.com.au/shop/productdetails/726368/woolworths-dried-apple-slices,https://cdn0.woolworths.media/content/wowproductimages/medium/726368.jpg,2020-09-21 17:27:05,Average product rating out of 5: 3.5. Product score is based on 627 ratings,627,,True
9d451730-50bc-4a17-ac14-0fcd3a4060b6,Woolworths Supermarket,Pantry,Woolworths Cranberries 150g,726369,$2.20,$14.67 / 1KG,https://www.woolworths.com.au/shop/productdetails/726369/woolworths-cranberries,https://cdn0.woolworths.media/content/wowproductimages/medium/726369.jpg,2020-09-21 17:27:05,Average product rating out of 5: 4.4. Product score is based on 508 ratings,508,Was $3.00 24/10/16,True
ebeeee72-f253-478c-b67b-a9d46bca0e4f,Woolworths Supermarket,Pantry,Woolworths Mixed Nuts Trail Mix 225g,726370,$3.95,$17.56 / 1KG,https://www.woolworths.com.au/shop/productdetails/726370/woolworths-mixed-nuts-trail-mix,https://cdn0.woolworths.media/content/wowproductimages/medium/726370.jpg,2020-09-21 17:27:05,Average product rating out of 5: 3.9. Product score is based on 351 ratings,351,,True
4cb07af6-c8cc-45c8-bb46-24206af3649a,Woolworths Supermarket,Pantry,Woolworths Figs 375g,726372,$4.40,$11.73 / 1KG,https://www.woolworths.com.au/shop/productdetails/726372/woolworths-figs,https://cdn0.woolworths.media/content/wowproductimages/medium/726372.jpg,2020-09-21 17:27:05,Average product rating out of 5: 3.9. Product score is based on 479 ratings,479,,True
56f7d356-588f-4bc6-9446-f645fdca1f22,Woolworths Supermarket,Pantry,Ceres Organics Seaweed Multipack 8 pack,726442,$5.50,$34.38 / 100G,https://www.woolworths.com.au/shop/productdetails/726442/ceres-organics-seaweed-multipack,https://cdn0.woolworths.media/content/wowproductimages/medium/726442.jpg,2020-09-21 17:27:05,Average product rating out of 5: 4.6. Product score is based on 23 ratings,23,,True
a95ed093-8ae0-4211-a108-dae644082d12,Woolworths Supermarket,Pantry,Woolworths Almonds Natural 450g,726541,$7.70,$17.11 / 1KG,https://www.woolworths.com.au/shop/productdetails/726541/woolworths-almonds-natural,https://cdn0.woolworths.media/content/wowproductimages/medium/726541.jpg,2020-09-21 17:27:05,Average product rating out of 5: 4.6. Product score is based on 432 ratings,432,,True
5048e06e-6cfd-4182-99b5-01bccf73808e,Woolworths Supermarket,Pantry,T2 Melbourne Breakfast Black Tea Bags 25 pack,726937,$14.00,$0.56 / 1EA,https://www.woolworths.com.au/shop/productdetails/726937/t2-melbourne-breakfast-black-tea-bags,https://cdn0.woolworths.media/content/wowproductimages/medium/726937.jpg,2020-09-21 17:27:05,,0,,True
852f821b-a0d1-4c78-ab16-ae9aac68aaf8,Woolworths Supermarket,Pantry,T2 Just Peppermint Herbal Tisane Bags 25 pack,726962,$12.00,$0.48 / 1EA,https://www.woolworths.com.au/shop/productdetails/726962/t2-just-peppermint-herbal-tisane-bags,https://cdn0.woolworths.media/content/wowproductimages/medium/726962.jpg,2020-09-21 17:27:05,,0,,True
1d8ea934-557a-4495-98e6-6ce77b454e15,Woolworths Supermarket,Pantry,T2 French Earl Grey Black Tea Bags 25 pack,727013,$15.00,$0.60 / 1EA,https://www.woolworths.com.au/shop/productdetails/727013/t2-french-earl-grey-black-tea-bags,https://cdn0.woolworths.media/content/wowproductimages/medium/727013.jpg,2020-09-21 17:27:05,,0,,True
e39c569e-774d-47ba-b00a-9d4ba6e0c78b,Woolworths Supermarket,Pantry,Nestle Kitkat Gold Bar 45g,727182,$2.00,$4.44 / 100G,https://www.woolworths.com.au/shop/productdetails/727182/nestle-kitkat-gold-bar,https://cdn0.woolworths.media/content/wowproductimages/medium/727182.jpg,2020-09-21 17:27:05,,0,,True
c2f78fcf-3b5e-4151-a60c-149c78ab81b5,Woolworths Supermarket,Pantry,Uncle Ben's Microwave Mexican Style Brown Rice 250g,727257,$3.00,$1.20 / 100G,https://www.woolworths.com.au/shop/productdetails/727257/uncle-ben-s-microwave-mexican-style-brown-rice,https://cdn0.woolworths.media/content/wowproductimages/medium/727257.jpg,2020-09-21 17:27:05,,0,,True
111f1fdc-47e7-4d11-b7eb-f6bd72a5bae7,Woolworths Supermarket,Pantry,Real Foods Grain Thins Sorghum 150g,727530,$2.00,$1.33 / 100G,https://www.woolworths.com.au/shop/productdetails/727530/real-foods-grain-thins-sorghum,https://cdn0.woolworths.media/content/wowproductimages/medium/727530.jpg,2020-09-21 17:27:05,,0,,True
0e699b75-cc99-40b5-b9d3-04d2b5f51769,Woolworths Supermarket,Pantry,Laucke Crusty White Bread Mix 500g,727560,$2.10,$4.20 / 1KG,https://www.woolworths.com.au/shop/productdetails/727560/laucke-crusty-white-bread-mix,https://cdn0.woolworths.media/content/wowproductimages/medium/727560.jpg,2020-09-21 17:27:05,,0,,True
d9f8c7bb-3fea-4ba7-877f-08da367f2e35,Woolworths Supermarket,Pantry,Laucke Country Women's Scone Mix 1kg,727561,$5.75,$5.75 / 1KG,https://www.woolworths.com.au/shop/productdetails/727561/laucke-country-women-s-scone-mix,https://cdn0.woolworths.media/content/wowproductimages/medium/727561.jpg,2020-09-21 17:27:05,,0,,True
c20b0196-aa14-4a54-8325-9e3e3bff55ae,Woolworths Supermarket,Pantry,Woolworths Cashews Dry Roasted 150g,727598,$5.00,$33.33 / 1KG,https://www.woolworths.com.au/shop/productdetails/727598/woolworths-cashews-dry-roasted,https://cdn0.woolworths.media/content/wowproductimages/medium/727598.jpg,2020-09-21 17:27:05,Average product rating out of 5: 4.6. Product score is based on 530 ratings,530,,True
fd5cc434-36a4-465d-8436-16e49358ff78,Woolworths Supermarket,Pantry,Masterfoods Barbecue Sauce 500ml,099696,$2.50,$0.50 / 100ML,https://www.woolworths.com.au/shop/productdetails/99696/masterfoods-barbecue-sauce,https://cdn0.woolworths.media/content/wowproductimages/medium/099696.jpg,2020-09-21 17:27:05,,0,,True
24a71e3a-b23d-4230-8844-bb247c9fc623,Woolworths Supermarket,Pantry,Doritos Share Pack Cheese Supreme 170g,826731,$2.75,$1.62 / 100G,https://www.woolworths.com.au/shop/productdetails/826731/doritos-share-pack-cheese-supreme,https://cdn0.woolworths.media/content/wowproductimages/medium/826731.jpg,2020-09-21 17:27:05,,0,,True
689fe4c0-6936-423b-9661-8601647a7b98,Woolworths Supermarket,Pantry,Arnott's Shortbread 250g,008838,$2.50,$1.00 / 100G,https://www.woolworths.com.au/shop/productdetails/8838/arnott-s-shortbread,https://cdn0.woolworths.media/content/wowproductimages/medium/008838.jpg,2020-09-21 17:27:05,,0,,True
a809e742-252e-4bf9-98b8-2882adf7a299,Woolworths Supermarket,Pantry,Twisties Cheese Chips 90g,081659,$2.00,$2.22 / 100G,https://www.woolworths.com.au/shop/productdetails/81659/twisties-cheese-chips,https://cdn0.woolworths.media/content/wowproductimages/medium/081659.jpg,2020-09-21 17:27:05,,0,,True
af39ab44-cb63-4e63-93cc-c25591fbd974,Woolworths Supermarket,Pantry,Bertolli Extra Virgin Olive Oil Originale 750ml,502951,$6.50,$0.87 / 100ML,https://www.woolworths.com.au/shop/productdetails/502951/bertolli-extra-virgin-olive-oil-originale,https://cdn0.woolworths.media/content/wowproductimages/medium/502951.jpg,2020-09-21 17:27:05,,0,,True
1271584c-722f-496f-b9f2-09557334f17e,Woolworths Supermarket,Pantry,Valcom Canned Bamboo Shoots Sliced 225g,097730,$1.10,$4.89 / 1KG,https://www.woolworths.com.au/shop/productdetails/97730/valcom-canned-bamboo-shoots-sliced,https://cdn0.woolworths.media/content/wowproductimages/medium/097730.jpg,2020-09-21 17:27:05,,0,,True
7693631b-0882-4f1e-8ae2-20689e84e06f,Woolworths Supermarket,Pantry,Kellogg's Nutri-grain Protein Breakfast Cereal 290g,701706,$4.95,$1.71 / 100G,https://www.woolworths.com.au/shop/productdetails/701706/kellogg-s-nutri-grain-protein-breakfast-cereal,https://cdn0.woolworths.media/content/wowproductimages/medium/701706.jpg,2020-09-21 17:27:05,,0,,True
1133f4cf-0c4e-4500-bff1-04ac7573c375,Woolworths Supermarket,Pantry,Arnott's Malt O' Milk 250g,036036,$2.50,$1.00 / 100G,https://www.woolworths.com.au/shop/productdetails/36036/arnott-s-malt-o-milk,https://cdn0.woolworths.media/content/wowproductimages/medium/036036.jpg,2020-09-21 17:27:05,,0,,True
9fc24348-7226-4a2e-9be7-f00829be50b5,Woolworths Supermarket,Pantry,Smith's Share Pack Crinkle Cut Salt & Vinegar 170g,826738,$2.75,$1.62 / 100G,https://www.woolworths.com.au/shop/productdetails/826738/smith-s-share-pack-crinkle-cut-salt-vinegar,https://cdn0.woolworths.media/content/wowproductimages/medium/826738.jpg,2020-09-21 17:27:05,,0,,True
07e9918f-ad54-4ec2-a6a9-e9bc6f6a0cfd,Woolworths Supermarket,Pantry,Arnott's Snack Right Sultana 250g,182697,$3.00,$1.20 / 100G,https://www.woolworths.com.au/shop/productdetails/182697/arnott-s-snack-right-sultana,https://cdn0.woolworths.media/content/wowproductimages/medium/182697.jpg,2020-09-21 17:27:05,,0,Was $4.20 11/02/2019,True
1ff039a3-09b6-4477-9080-b06be87a46e3,Woolworths Supermarket,Pantry,Toblerone Milk Chocolate Bar 50g,047011,$1.00,$2.00 / 100G,https://www.woolworths.com.au/shop/productdetails/47011/toblerone-milk-chocolate-bar,https://cdn0.woolworths.media/content/wowproductimages/medium/047011.jpg,2020-09-21 17:27:05,,0,,True
993b057e-c443-421b-a4a0-bb7003b647f7,Woolworths Supermarket,Pantry,Kooka's Country Cookies Lemon 200g,347837,$2.00,$1.00 / 100G,https://www.woolworths.com.au/shop/productdetails/347837/kooka-s-country-cookies-lemon,https://cdn0.woolworths.media/content/wowproductimages/medium/347837.jpg,2020-09-21 17:27:05,,0,,True
16cf9384-db46-4270-b00b-e3371f95293e,Woolworths Supermarket,Pantry,Uncle Tobys Roll-ups Strawberry Fun Prints 6 pack,324231,$4.00,$4.26 / 100G,https://www.woolworths.com.au/shop/productdetails/324231/uncle-tobys-roll-ups-strawberry-fun-prints,https://cdn0.woolworths.media/content/wowproductimages/medium/324231.jpg,2020-09-21 17:27:05,,0,,True
033bf53f-68f9-4341-a686-afd88e01ec56,Woolworths Supermarket,Pantry,Woolworths Corn Sweet Kernels 420g,218926,$1.00,$2.38 / 1KG,https://www.woolworths.com.au/shop/productdetails/218926/woolworths-corn-sweet-kernels,https://cdn0.woolworths.media/content/wowproductimages/medium/218926.jpg,2020-09-21 17:27:05,Average product rating out of 5: 4.1. Product score is based on 215 ratings,215,,True
6c38fd0b-8e43-4255-a409-113fadd9f2c7,Woolworths Supermarket,Pantry,Moccona Freeze Dried Instant Coffee Classic Medium Roast 400g,208575,$24.00,$6.00 / 100G,https://www.woolworths.com.au/shop/productdetails/208575/moccona-freeze-dried-instant-coffee-classic-medium-roast,https://cdn0.woolworths.media/content/wowproductimages/medium/208575.jpg,2020-09-21 17:27:05,,0,,True
c662e847-bcc7-46da-9b0d-ab84a3dacb2a,Woolworths Supermarket,Pantry,Macro Organic Quinoa Tri Colour 500g,717631,$7.00,$1.40 / 100G,https://www.woolworths.com.au/shop/productdetails/717631/macro-organic-quinoa-tri-colour,https://cdn0.woolworths.media/content/wowproductimages/medium/717631.jpg,2020-09-21 17:27:05,Average product rating out of 5: 4.6. Product score is based on 274 ratings,274,Was $9.99 09/01/2017,True
e49f32b3-0414-4ed1-858e-577f8c083d0d,Woolworths Supermarket,Pantry,Arnott's Shapes Cheddar 175g,384244,$2.50,$1.43 / 100G,https://www.woolworths.com.au/shop/productdetails/384244/arnott-s-shapes-cheddar,https://cdn0.woolworths.media/content/wowproductimages/medium/384244.jpg,2020-09-21 17:27:05,,0,,True
d1e16ddd-62b2-40c9-af43-b95dda757cd5,Woolworths Supermarket,Pantry,Uncle Ben's Microwave Mexican Style Brown Rice 250g,727257,$3.00,$1.20 / 100G,https://www.woolworths.com.au/shop/productdetails/727257/uncle-ben-s-microwave-mexican-style-brown-rice,https://cdn0.woolworths.media/content/wowproductimages/medium/727257.jpg,2020-09-21 17:27:05,,0,,True
94e03420-6dc3-4e3c-bbde-cb8c7f59de6a,Woolworths Supermarket,Pantry,Pringles Sour Cream And Onion Chips 134g,479502,$2.50,$1.87 / 100G,https://www.woolworths.com.au/shop/productdetails/479502/pringles-sour-cream-and-onion-chips,https://cdn0.woolworths.media/content/wowproductimages/medium/479502.jpg,2020-09-21 17:27:05,,0,,True
2c2e35e5-92a6-4a5b-8544-aec5cb0e50f8,Woolworths Supermarket,Pantry,Eclipse Chewy Mints Spearmint Tin Spearmint 27g,727907,$1.20,$4.44 / 100G,https://www.woolworths.com.au/shop/productdetails/727907/eclipse-chewy-mints-spearmint-tin-spearmint,https://cdn0.woolworths.media/content/wowproductimages/medium/727907.jpg,2020-09-21 17:27:05,,0,,True
121eafe1-a82e-4ab3-b563-52d6039144ae,Woolworths Supermarket,Pantry,Eclipse Chewy Mints Peppermint Tin Peppermint 27g,727909,$1.20,$4.44 / 100G,https://www.woolworths.com.au/shop/productdetails/727909/eclipse-chewy-mints-peppermint-tin-peppermint,https://cdn0.woolworths.media/content/wowproductimages/medium/727909.jpg,2020-09-21 17:27:05,,0,,True
c5480a14-d036-4e0b-a111-8f92a13e5f6b,Woolworths Supermarket,Pantry,Ceres Organics Young Jack Fruit 400g,728111,$3.50,$0.88 / 100G,https://www.woolworths.com.au/shop/productdetails/728111/ceres-organics-young-jack-fruit,https://cdn0.woolworths.media/content/wowproductimages/medium/728111.jpg,2020-09-21 17:27:05,Average product rating out of 5: 4.9. Product score is based on 13 ratings,13,,True
1334f33b-1f30-414d-ac3b-3902337014cf,Woolworths Supermarket,Pantry,Mission Corn Chips Cheesy Nachos 230g,728159,$2.75,$1.20 / 100G,https://www.woolworths.com.au/shop/productdetails/728159/mission-corn-chips-cheesy-nachos,https://cdn0.woolworths.media/content/wowproductimages/medium/728159.jpg,2020-09-21 17:27:05,,0,,True
cc08916b-bf5c-45c5-acdc-b1953d11b2c6,Woolworths Supermarket,Pantry,Higher Living Licorice Tea Bags 15 pack,728206,$3.70,$0.25 / 1EA,https://www.woolworths.com.au/shop/productdetails/728206/higher-living-licorice-tea-bags,https://cdn0.woolworths.media/content/wowproductimages/medium/728206.jpg,2020-09-21 17:27:05,,0,,True
42ca89e8-8ec7-4109-81f2-5a4acb6fa478,Woolworths Supermarket,Pantry,Woolworths Cashews Sweet Chilli Flavoured 200g,728223,$5.50,$27.50 / 1KG,https://www.woolworths.com.au/shop/productdetails/728223/woolworths-cashews-sweet-chilli-flavoured,https://cdn0.woolworths.media/content/wowproductimages/medium/728223.jpg,2020-09-21 17:27:05,Average product rating out of 5: 3.7. Product score is based on 991 ratings,991,,True
a0931b79-7e13-4d35-bbc8-e8c94b33dce2,Woolworths Supermarket,Pantry,Woolworths Cashews Maple Flavoured 200g,728224,$5.50,$27.50 / 1KG,https://www.woolworths.com.au/shop/productdetails/728224/woolworths-cashews-maple-flavoured,https://cdn0.woolworths.media/content/wowproductimages/medium/728224.jpg,2020-09-21 17:27:05,Average product rating out of 5: 4.4. Product score is based on 72 ratings,72,,True
e16dc25f-2ef0-4df5-8274-4b8cac7ea5bb,Woolworths Supermarket,Pantry,Tilda Microwave Coconut Basmati Rice 250g,728232,$3.40,$1.36 / 100G,https://www.woolworths.com.au/shop/productdetails/728232/tilda-microwave-coconut-basmati-rice,https://cdn0.woolworths.media/content/wowproductimages/medium/728232.jpg,2020-09-21 17:27:05,,0,,True
20464e63-d668-43d5-9d35-ef46ad9ef4f9,Woolworths Supermarket,Pantry,Twinings Assam Bold Tea 80 pack,728313,$11.00,$0.14 / 1EA,https://www.woolworths.com.au/shop/productdetails/728313/twinings-assam-bold-tea,https://cdn0.woolworths.media/content/wowproductimages/medium/728313.jpg,2020-09-21 17:27:05,,0,,True
abe71ac0-014a-4732-89f5-cff22cbdba8c,Woolworths Supermarket,Pantry,Higher Living Rooibos African Tea 40 pack,728344,$5.00,$0.13 / 1EA,https://www.woolworths.com.au/shop/productdetails/728344/higher-living-rooibos-african-tea,https://cdn0.woolworths.media/content/wowproductimages/medium/728344.jpg,2020-09-21 17:27:05,,0,,True
5cd38172-13dc-4ed7-b73f-c0f9d0ba4d1c,Woolworths Supermarket,Pantry,Hp Top Down Barbecue Sauce 390ml,728546,$5.00,$1.28 / 100ML,https://www.woolworths.com.au/shop/productdetails/728546/hp-top-down-barbecue-sauce,https://cdn0.woolworths.media/content/wowproductimages/medium/728546.jpg,2020-09-21 17:27:05,,0,,True
82414f70-cd18-434f-b679-e15cd9642afb,Woolworths Supermarket,Pantry,Masterfoods Aussie Farmers Tomato Sauce 500ml,728606,$2.00,$0.40 / 100ML,https://www.woolworths.com.au/shop/productdetails/728606/masterfoods-aussie-farmers-tomato-sauce,https://cdn0.woolworths.media/content/wowproductimages/medium/728606.jpg,2020-09-21 17:27:05,,0,,True
ee03aff4-09a9-41c6-a642-4c4baa98829c,Woolworths Supermarket,Pantry,Rose's Strawberry Conserve 500g,728628,$3.85,$0.77 / 100G,https://www.woolworths.com.au/shop/productdetails/728628/rose-s-strawberry-conserve,https://cdn0.woolworths.media/content/wowproductimages/medium/728628.jpg,2020-09-21 17:27:05,,0,Was $4.50 03/04/2017,True
f37bce30-f23e-4201-92e6-287a641c4b09,Woolworths Supermarket,Pantry,Capilano Organic Raw Honey Upside Down 340g,728637,$9.00,$2.65 / 100G,https://www.woolworths.com.au/shop/productdetails/728637/capilano-organic-raw-honey-upside-down,https://cdn0.woolworths.media/content/wowproductimages/medium/728637.jpg,2020-09-21 17:27:05,,0,,True
b62ac91a-9c4c-4153-a808-8f8608b28931,Woolworths Supermarket,Pantry,Rose's Raspberry Conserve 500g,728960,$3.85,$0.77 / 100G,https://www.woolworths.com.au/shop/productdetails/728960/rose-s-raspberry-conserve,https://cdn0.woolworths.media/content/wowproductimages/medium/728960.jpg,2020-09-21 17:27:05,,0,Was $4.50 03/04/2017,True
e3e528d8-95a7-417f-97f0-bba6d417d004,Woolworths Supermarket,Pantry,Sunrice Gourmet Rice Forbidden Black 500g,729032,$5.00,$1.00 / 100G,https://www.woolworths.com.au/shop/productdetails/729032/sunrice-gourmet-rice-forbidden-black,https://cdn0.woolworths.media/content/wowproductimages/medium/729032.jpg,2020-09-21 17:27:05,,0,,True
182b24a4-1c12-4f9d-9dd4-fb4ee342fceb,Woolworths Supermarket,Pantry,Sunrice Brown Rice Low Gi 750g,729040,$3.50,$0.47 / 100G,https://www.woolworths.com.au/shop/productdetails/729040/sunrice-brown-rice-low-gi,https://cdn0.woolworths.media/content/wowproductimages/medium/729040.jpg,2020-09-21 17:27:05,,0,,True
a7a43288-8a28-420b-95a8-7c96c7f22b4c,Woolworths Supermarket,Pantry,Sandhurst Dressings Caramelised Balsamic Vinegar 250ml,729113,$10.00,$4.00 / 100ML,https://www.woolworths.com.au/shop/productdetails/729113/sandhurst-dressings-caramelised-balsamic-vinegar,https://cdn0.woolworths.media/content/wowproductimages/medium/729113.jpg,2020-09-21 17:27:05,,0,,True
0f3a130d-5898-4147-86a6-bdb1c072e1b0,Woolworths Supermarket,Pantry,Woolworths Gluten Free Popcorn Sweet & Salty 120g,729274,$2.10,$1.75 / 100G,https://www.woolworths.com.au/shop/productdetails/729274/woolworths-gluten-free-popcorn-sweet-salty,https://cdn0.woolworths.media/content/wowproductimages/medium/729274.jpg,2020-09-21 17:27:05,Average product rating out of 5: 4.5. Product score is based on 254 ratings,254,,True
1b696e99-a563-4c88-be4e-e9c07336176b,Woolworths Supermarket,Pantry,Woolworths Microwave Popcorn Butter Flavoured 100g,729278,$0.95,$0.95 / 100G,https://www.woolworths.com.au/shop/productdetails/729278/woolworths-microwave-popcorn-butter-flavoured,https://cdn0.woolworths.media/content/wowproductimages/medium/729278.jpg,2020-09-21 17:27:05,Average product rating out of 5: 4.2. Product score is based on 440 ratings,440,,True
7aed8807-9159-43fd-84de-712acb169d27,Woolworths Supermarket,Pantry,Oreo Wafers Biscuit 10 pack,729836,$1.80,$1.41 / 100G,https://www.woolworths.com.au/shop/productdetails/729836/oreo-wafers-biscuit,https://cdn0.woolworths.media/content/wowproductimages/medium/729836.jpg,2020-09-21 17:27:05,,0,,True
d9b757af-1399-43c8-8f80-38d1f98993d1,Woolworths Supermarket,Pantry,Gullon Cookies Sugar Free Choc Chip 125g,729945,$3.00,$2.40 / 100G,https://www.woolworths.com.au/shop/productdetails/729945/gullon-cookies-sugar-free-choc-chip,https://cdn0.woolworths.media/content/wowproductimages/medium/729945.jpg,2020-09-21 17:27:05,Average product rating out of 5: 4.7. Product score is based on 28 ratings,28,,True
0b7ed488-4f92-447b-a446-d13c8c9d8c8c,Woolworths Supermarket,Pantry,Cheetos Puffs Sharepack 165g,730409,$3.00,$1.82 / 100G,https://www.woolworths.com.au/shop/productdetails/730409/cheetos-puffs-sharepack,https://cdn0.woolworths.media/content/wowproductimages/medium/730409.jpg,2020-09-21 17:27:05,,0,Was $4.00 5/06/2017,True
ef466bff-fc5b-485a-a18e-aacd08e90f84,Woolworths Supermarket,Pantry,S&b Japanese Style Mil Curry Sauce With Vegetables 210g,731766,$2.80,$1.33 / 100G,https://www.woolworths.com.au/shop/productdetails/731766/s-b-japanese-style-mil-curry-sauce-with-vegetables,https://cdn0.woolworths.media/content/wowproductimages/medium/731766.jpg,2020-09-21 17:27:05,,0,,True
276eb343-c72a-4096-918b-30ae360d621e,Woolworths Supermarket,Pantry,Masterfoods Barbecue Sauce 500ml,099696,$2.50,$0.50 / 100ML,https://www.woolworths.com.au/shop/productdetails/99696/masterfoods-barbecue-sauce,https://cdn0.woolworths.media/content/wowproductimages/medium/099696.jpg,2020-09-21 17:27:05,,0,,True
23846617-da8a-42ac-aaf9-cf833f59e4f0,Woolworths Supermarket,Pantry,Doritos Share Pack Cheese Supreme 170g,826731,$2.75,$1.62 / 100G,https://www.woolworths.com.au/shop/productdetails/826731/doritos-share-pack-cheese-supreme,https://cdn0.woolworths.media/content/wowproductimages/medium/826731.jpg,2020-09-21 17:27:05,,0,,True
03e31b30-32a6-48e5-a8ba-84e6e5bb663c,Woolworths Supermarket,Pantry,Arnott's Shortbread 250g,008838,$2.50,$1.00 / 100G,https://www.woolworths.com.au/shop/productdetails/8838/arnott-s-shortbread,https://cdn0.woolworths.media/content/wowproductimages/medium/008838.jpg,2020-09-21 17:27:05,,0,,True
7ec9f5c1-7ebf-482d-9033-c21950ea5e61,Woolworths Supermarket,Pantry,Twisties Cheese Chips 90g,081659,$2.00,$2.22 / 100G,https://www.woolworths.com.au/shop/productdetails/81659/twisties-cheese-chips,https://cdn0.woolworths.media/content/wowproductimages/medium/081659.jpg,2020-09-21 17:27:05,,0,,True
15f918b5-174b-46ad-9970-45d0e43f47b0,Woolworths Supermarket,Pantry,Bertolli Extra Virgin Olive Oil Originale 750ml,502951,$6.50,$0.87 / 100ML,https://www.woolworths.com.au/shop/productdetails/502951/bertolli-extra-virgin-olive-oil-originale,https://cdn0.woolworths.media/content/wowproductimages/medium/502951.jpg,2020-09-21 17:27:05,,0,,True
28dc3b6e-ede1-49f7-a6f7-1d27c8a46223,Woolworths Supermarket,Pantry,Valcom Canned Bamboo Shoots Sliced 225g,097730,$1.10,$4.89 / 1KG,https://www.woolworths.com.au/shop/productdetails/97730/valcom-canned-bamboo-shoots-sliced,https://cdn0.woolworths.media/content/wowproductimages/medium/097730.jpg,2020-09-21 17:27:05,,0,,True
fe1da5d7-5b53-4745-be2b-7f6d041a4277,Woolworths Supermarket,Pantry,Kellogg's Nutri-grain Protein Breakfast Cereal 290g,701706,$4.95,$1.71 / 100G,https://www.woolworths.com.au/shop/productdetails/701706/kellogg-s-nutri-grain-protein-breakfast-cereal,https://cdn0.woolworths.media/content/wowproductimages/medium/701706.jpg,2020-09-21 17:27:05,,0,,True
8b9fadc1-6f43-401e-a6eb-33010b5fdbe1,Woolworths Supermarket,Pantry,Arnott's Malt O' Milk 250g,036036,$2.50,$1.00 / 100G,https://www.woolworths.com.au/shop/productdetails/36036/arnott-s-malt-o-milk,https://cdn0.woolworths.media/content/wowproductimages/medium/036036.jpg,2020-09-21 17:27:05,,0,,True
3d69cdd1-6cbd-4651-8a8c-205488e8018f,Woolworths Supermarket,Pantry,Smith's Share Pack Crinkle Cut Salt & Vinegar 170g,826738,$2.75,$1.62 / 100G,https://www.woolworths.com.au/shop/productdetails/826738/smith-s-share-pack-crinkle-cut-salt-vinegar,https://cdn0.woolworths.media/content/wowproductimages/medium/826738.jpg,2020-09-21 17:27:05,,0,,True
a5958068-679c-4cb0-8a72-05330e50012b,Woolworths Supermarket,Pantry,Arnott's Snack Right Sultana 250g,182697,$3.00,$1.20 / 100G,https://www.woolworths.com.au/shop/productdetails/182697/arnott-s-snack-right-sultana,https://cdn0.woolworths.media/content/wowproductimages/medium/182697.jpg,2020-09-21 17:27:05,,0,Was $4.20 11/02/2019,True
ce70046d-9602-4e68-b0f6-63231926abe4,Woolworths Supermarket,Pantry,Toblerone Milk Chocolate Bar 50g,047011,$1.00,$2.00 / 100G,https://www.woolworths.com.au/shop/productdetails/47011/toblerone-milk-chocolate-bar,https://cdn0.woolworths.media/content/wowproductimages/medium/047011.jpg,2020-09-21 17:27:05,,0,,True
d631024e-eff7-43c1-9316-148e71443af6,Woolworths Supermarket,Pantry,Kooka's Country Cookies Lemon 200g,347837,$2.00,$1.00 / 100G,https://www.woolworths.com.au/shop/productdetails/347837/kooka-s-country-cookies-lemon,https://cdn0.woolworths.media/content/wowproductimages/medium/347837.jpg,2020-09-21 17:27:05,,0,,True
938bf4c4-e92b-4868-bfa2-ebe9d35d13c9,Woolworths Supermarket,Pantry,Uncle Tobys Roll-ups Strawberry Fun Prints 6 pack,324231,$4.00,$4.26 / 100G,https://www.woolworths.com.au/shop/productdetails/324231/uncle-tobys-roll-ups-strawberry-fun-prints,https://cdn0.woolworths.media/content/wowproductimages/medium/324231.jpg,2020-09-21 17:27:05,,0,,True
f076512e-25d1-4988-978a-ccd4bc6b2768,Woolworths Supermarket,Pantry,Woolworths Corn Sweet Kernels 420g,218926,$1.00,$2.38 / 1KG,https://www.woolworths.com.au/shop/productdetails/218926/woolworths-corn-sweet-kernels,https://cdn0.woolworths.media/content/wowproductimages/medium/218926.jpg,2020-09-21 17:27:05,Average product rating out of 5: 4.1. Product score is based on 215 ratings,215,,True
af1e8abf-a6ac-4ace-bf14-b5900ec87e1a,Woolworths Supermarket,Pantry,Moccona Freeze Dried Instant Coffee Classic Medium Roast 400g,208575,$24.00,$6.00 / 100G,https://www.woolworths.com.au/shop/productdetails/208575/moccona-freeze-dried-instant-coffee-classic-medium-roast,https://cdn0.woolworths.media/content/wowproductimages/medium/208575.jpg,2020-09-21 17:27:05,,0,,True
2acaee92-b061-43f4-8a47-331d2e6b1f98,Woolworths Supermarket,Pantry,Macro Organic Quinoa Tri Colour 500g,717631,$7.00,$1.40 / 100G,https://www.woolworths.com.au/shop/productdetails/717631/macro-organic-quinoa-tri-colour,https://cdn0.woolworths.media/content/wowproductimages/medium/717631.jpg,2020-09-21 17:27:05,Average product rating out of 5: 4.6. Product score is based on 274 ratings,274,Was $9.99 09/01/2017,True
4bfccfdf-4990-48bf-85f3-c6b622f3bb1a,Woolworths Supermarket,Pantry,Arnott's Shapes Cheddar 175g,384244,$2.50,$1.43 / 100G,https://www.woolworths.com.au/shop/productdetails/384244/arnott-s-shapes-cheddar,https://cdn0.woolworths.media/content/wowproductimages/medium/384244.jpg,2020-09-21 17:27:05,,0,,True
2ef3e9dc-e8f6-46e9-9308-c9248fdd8e38,Woolworths Supermarket,Pantry,Uncle Ben's Microwave Mexican Style Brown Rice 250g,727257,$3.00,$1.20 / 100G,https://www.woolworths.com.au/shop/productdetails/727257/uncle-ben-s-microwave-mexican-style-brown-rice,https://cdn0.woolworths.media/content/wowproductimages/medium/727257.jpg,2020-09-21 17:27:05,,0,,True
fffbbddb-2917-4426-bfb0-df370e9b7ede,Woolworths Supermarket,Pantry,Pringles Sour Cream And Onion Chips 134g,479502,$2.50,$1.87 / 100G,https://www.woolworths.com.au/shop/productdetails/479502/pringles-sour-cream-and-onion-chips,https://cdn0.woolworths.media/content/wowproductimages/medium/479502.jpg,2020-09-21 17:27:05,,0,,True
4f8da414-2294-482f-96b9-b7a3e1e3be0b,Woolworths Supermarket,Pantry,Kurrajong Kitchen Lavosh Bites Original 145g,731856,$3.90,$2.69 / 100G,https://www.woolworths.com.au/shop/productdetails/731856/kurrajong-kitchen-lavosh-bites-original,https://cdn0.woolworths.media/content/wowproductimages/medium/731856.jpg,2020-09-21 17:27:05,,0,,True
89610c4a-2004-4a29-a547-2301beec8267,Woolworths Supermarket,Pantry,Edgell Lentils 400g,732195,$1.50,$3.75 / 1KG,https://www.woolworths.com.au/shop/productdetails/732195/edgell-lentils,https://cdn0.woolworths.media/content/wowproductimages/medium/732195.jpg,2020-09-21 17:27:05,,0,Was $1.80 14/05/2018,True
2fcc5e0f-3d26-43cc-a103-87eb7edfec5b,Woolworths Supermarket,Pantry,Always Fresh Artichoke Hearts 400g,732197,$3.80,$9.50 / 1KG,https://www.woolworths.com.au/shop/productdetails/732197/always-fresh-artichoke-hearts,https://cdn0.woolworths.media/content/wowproductimages/medium/732197.jpg,2020-09-21 17:27:05,,0,,True
0c26da7b-8500-4f7e-9a8d-aa310dfc75d4,Woolworths Supermarket,Pantry,Edgell Beans Butter 400g,732217,$1.50,$3.75 / 1KG,https://www.woolworths.com.au/shop/productdetails/732217/edgell-beans-butter,https://cdn0.woolworths.media/content/wowproductimages/medium/732217.jpg,2020-09-21 17:27:05,,0,Was $1.80 14/05/2018,True
ca8ab797-579f-403e-b720-b7eb4bfefccc,Woolworths Supermarket,Pantry,Fantastic Delites Snacks Honey Soy Chicken 100g,732234,$1.50,$1.50 / 100G,https://www.woolworths.com.au/shop/productdetails/732234/fantastic-delites-snacks-honey-soy-chicken,https://cdn0.woolworths.media/content/wowproductimages/medium/732234.jpg,2020-09-21 17:27:05,,0,,True
1cf25f19-9738-4cd1-9eca-2cc9a3847adc,Woolworths Supermarket,Pantry,Edgell Beans Cannellini 400g,732240,$1.50,$3.75 / 1KG,https://www.woolworths.com.au/shop/productdetails/732240/edgell-beans-cannellini,https://cdn0.woolworths.media/content/wowproductimages/medium/732240.jpg,2020-09-21 17:27:05,,0,Was $1.80 14/05/2018,True
f34cded2-a05d-4503-afe8-4010f12d0b2a,Woolworths Supermarket,Pantry,Kez's Free Gluten Free Vienna Eclairs 190g,732287,$7.00,$3.68 / 100G,https://www.woolworths.com.au/shop/productdetails/732287/kez-s-free-gluten-free-vienna-eclairs,https://cdn0.woolworths.media/content/wowproductimages/medium/732287.jpg,2020-09-21 17:27:05,Average product rating out of 5: 4.8. Product score is based on 12 ratings,12,,True
4d4c2cff-c8cc-462b-8609-cf0df6a691fb,Woolworths Supermarket,Pantry,Well Naturally No Sugar Added Milk Choc Bar 45g,732369,$2.00,$4.44 / 100G,https://www.woolworths.com.au/shop/productdetails/732369/well-naturally-no-sugar-added-milk-choc-bar,https://cdn0.woolworths.media/content/wowproductimages/medium/732369.jpg,2020-09-21 17:27:05,Average product rating out of 5: 4.8. Product score is based on 5 ratings,5,,True
d36d08ad-29a9-45df-b5b5-cece02a335ec,Woolworths Supermarket,Pantry,Well Naturally No Sugar Added Fruit & Nut Bar 45g,732417,$2.00,$4.44 / 100G,https://www.woolworths.com.au/shop/productdetails/732417/well-naturally-no-sugar-added-fruit-nut-bar,https://cdn0.woolworths.media/content/wowproductimages/medium/732417.jpg,2020-09-21 17:27:05,Average product rating out of 5: 4.4. Product score is based on 8 ratings,8,,True
d1c35fd7-844f-47a2-881c-b2fdea9487c4,Woolworths Supermarket,Pantry,Woolworths Max Charge Cereal 560g,732510,$3.50,$0.63 / 100G,https://www.woolworths.com.au/shop/productdetails/732510/woolworths-max-charge-cereal,https://cdn0.woolworths.media/content/wowproductimages/medium/732510.jpg,2020-09-21 17:27:05,Average product rating out of 5: 3.8. Product score is based on 377 ratings,377,,True
d5ec4482-c4b3-4dbb-90a4-674edc1c7f89,Woolworths Supermarket,Pantry,Beerenberg Relish Balsamic Beetroot 280g,732537,$5.00,$1.79 / 100G,https://www.woolworths.com.au/shop/productdetails/732537/beerenberg-relish-balsamic-beetroot,https://cdn0.woolworths.media/content/wowproductimages/medium/732537.jpg,2020-09-21 17:27:05,,0,,True
5b34e87f-449b-4957-aeed-06e01b44470b,Woolworths Supermarket,Pantry,Moccona Freeze Dried Instant Coffee Hazelnut 95g,732545,$9.95,$10.47 / 100G,https://www.woolworths.com.au/shop/productdetails/732545/moccona-freeze-dried-instant-coffee-hazelnut,https://cdn0.woolworths.media/content/wowproductimages/medium/732545.jpg,2020-09-21 17:27:05,,0,,True
25a1311b-3c97-47d2-bd80-7309cfc0ddfb,Woolworths Supermarket,Pantry,Sandhurst Sauerkraut 500g,733305,$3.30,$6.60 / 1KG,https://www.woolworths.com.au/shop/productdetails/733305/sandhurst-sauerkraut,https://cdn0.woolworths.media/content/wowproductimages/medium/733305.jpg,2020-09-21 17:27:05,,0,,True
430aa1d9-5188-4709-9d34-ab2c24fc8cdc,Woolworths Supermarket,Pantry,Sandhurst Tomatoes Sundried 125g,733311,$3.70,$29.60 / 1KG,https://www.woolworths.com.au/shop/productdetails/733311/sandhurst-tomatoes-sundried,https://cdn0.woolworths.media/content/wowproductimages/medium/733311.jpg,2020-09-21 17:27:05,,0,,True
9d68602d-7a4f-4ad1-8569-d4a5ac550f86,Woolworths Supermarket,Pantry,Stubb's Original Bbq Sauce Original 510g,733355,$6.00,$1.18 / 100G,https://www.woolworths.com.au/shop/productdetails/733355/stubb-s-original-bbq-sauce-original,https://cdn0.woolworths.media/content/wowproductimages/medium/733355.jpg,2020-09-21 17:27:05,,0,,True
0750f67f-fe71-48d2-a51a-eea5c98ab0c7,Woolworths Supermarket,Pantry,Stubb's Hickory Bourbon Bbq Sauce Bbq Sauce 510g,733363,$6.00,$1.18 / 100G,https://www.woolworths.com.au/shop/productdetails/733363/stubb-s-hickory-bourbon-bbq-sauce-bbq-sauce,https://cdn0.woolworths.media/content/wowproductimages/medium/733363.jpg,2020-09-21 17:27:05,,0,,True
61e41744-3daa-49c2-84fd-7d762c45535c,Woolworths Supermarket,Pantry,Always Fresh Cucumbers Dill 1.90kg,733427,,,https://www.woolworths.com.au/shop/productdetails/733427/always-fresh-cucumbers-dill,https://cdn0.woolworths.media/content/wowproductimages/medium/733427.jpg,2020-09-21 17:27:05,,0,,False
9682f127-9d69-4cba-9385-37e2c22f39f8,Woolworths Supermarket,Pantry,Always Fresh Olives Pitted Kalamata 2kg,733447,$14.00,$7.00 / 1KG,https://www.woolworths.com.au/shop/productdetails/733447/always-fresh-olives-pitted-kalamata,https://cdn0.woolworths.media/content/wowproductimages/medium/733447.jpg,2020-09-21 17:27:05,,0,,True
9a233cc4-73ea-4d61-8cd2-287456fc13e5,Woolworths Supermarket,Pantry,Mccormicks Slow Cookers Chunky Beef Stroganoff 40g,733628,$1.69,$4.23 / 100G,https://www.woolworths.com.au/shop/productdetails/733628/mccormicks-slow-cookers-chunky-beef-stroganoff,https://cdn0.woolworths.media/content/wowproductimages/medium/733628.jpg,2020-09-21 17:27:05,,0,2 for $3.00,True
60455b36-7722-40df-9569-5c035b581fa2,Woolworths Supermarket,Pantry,Gravox Gravy Liquid Best Ever Bbq Chook Gravy 165g,733630,$2.00,$1.21 / 100G,https://www.woolworths.com.au/shop/productdetails/733630/gravox-gravy-liquid-best-ever-bbq-chook-gravy,https://cdn0.woolworths.media/content/wowproductimages/medium/733630.jpg,2020-09-21 17:27:05,,0,Was $2.55 01/09/16,True
080f2abe-5aa2-4119-9ae7-17231e4dc830,Woolworths Supermarket,Pantry,Gravox Gravy Liquid Our Best Ever Schnitzel 165g,733664,$2.00,$1.21 / 100G,https://www.woolworths.com.au/shop/productdetails/733664/gravox-gravy-liquid-our-best-ever-schnitzel,https://cdn0.woolworths.media/content/wowproductimages/medium/733664.jpg,2020-09-21 17:27:05,,0,Was $2.55 01/09/16,True
2fa4ee75-d58d-419f-a5be-60cf076502e4,Woolworths Supermarket,Pantry,Be Natural Breakfast Cereal With Pink Lady Apple & Flame Raisins 405g,733667,$4.40,$1.09 / 100G,https://www.woolworths.com.au/shop/productdetails/733667/be-natural-breakfast-cereal-with-pink-lady-apple-flame-raisins,https://cdn0.woolworths.media/content/wowproductimages/medium/733667.jpg,2020-09-21 17:27:05,,0,,True
70259c4b-6aee-4d22-954b-8775bd37b2c4,Woolworths Supermarket,Pantry,Be Natural Breakfast Cereal With Cashew Almond Hazelnut & Coconut 415g,733687,$4.40,$1.06 / 100G,https://www.woolworths.com.au/shop/productdetails/733687/be-natural-breakfast-cereal-with-cashew-almond-hazelnut-coconut,https://cdn0.woolworths.media/content/wowproductimages/medium/733687.jpg,2020-09-21 17:27:05,,0,,True
23c64101-b347-4d3b-81e5-25ab47dadd4b,Woolworths Supermarket,Pantry,Masterfoods Thai Green Curry Recipe Base 175g,733692,$2.20,$1.26 / 100G,https://www.woolworths.com.au/shop/productdetails/733692/masterfoods-thai-green-curry-recipe-base,https://cdn0.woolworths.media/content/wowproductimages/medium/733692.jpg,2020-09-21 17:27:05,,0,3 for $6.00,True
8db91f3a-b526-4391-a63c-a094715de0ce,Woolworths Supermarket,Pantry,Arnott's Shapes Chicken Crimpy 175g,384245,$2.50,$1.43 / 100G,https://www.woolworths.com.au/shop/productdetails/384245/arnott-s-shapes-chicken-crimpy,https://cdn0.woolworths.media/content/wowproductimages/medium/384245.jpg,2020-09-21 17:27:05,,0,,True
91cbb79e-822f-4bf1-8c58-76ea95eab460,Woolworths Supermarket,Pantry,Mckenzie's Himalayan Salt Rock Pink 400g,749926,$5.95,$0.15 / 10G,https://www.woolworths.com.au/shop/productdetails/749926/mckenzie-s-himalayan-salt-rock-pink,https://cdn0.woolworths.media/content/wowproductimages/medium/749926.jpg,2020-09-21 17:27:05,,0,,True
b879cacd-781c-4c1a-b759-d3eb1de9a5d2,Woolworths Supermarket,Pantry,Fantastic Rice Crackers Original 100g,035231,$1.50,$1.50 / 100G,https://www.woolworths.com.au/shop/productdetails/35231/fantastic-rice-crackers-original,https://cdn0.woolworths.media/content/wowproductimages/medium/035231.jpg,2020-09-21 17:27:05,,0,,True
d01b91af-505a-4e2e-8580-c0bbb216839d,Woolworths Supermarket,Pantry,Cadbury Dairy Milk Chocolate Fair Trade 350g,757883,$5.00,$1.43 / 100G,https://www.woolworths.com.au/shop/productdetails/757883/cadbury-dairy-milk-chocolate-fair-trade,https://cdn0.woolworths.media/content/wowproductimages/medium/757883.jpg,2020-09-21 17:27:05,,0,Was $6.30 16/01/2017,True
9b527487-9856-4f14-8d7d-28063ff1c74d,Woolworths Supermarket,Pantry,Mckenzie's Rice Flour 375g,094275,$1.50,$4.00 / 1KG,https://www.woolworths.com.au/shop/productdetails/94275/mckenzie-s-rice-flour,https://cdn0.woolworths.media/content/wowproductimages/medium/094275.jpg,2020-09-21 17:27:05,,0,,True
05c37313-82c5-4a4f-9de9-293a6e7b82ee,Woolworths Supermarket,Pantry,Essentials Pasta Penne 500g,188800,$0.80,$0.16 / 100G,https://www.woolworths.com.au/shop/productdetails/188800/essentials-pasta-penne,https://cdn0.woolworths.media/content/wowproductimages/medium/188800.jpg,2020-09-21 17:27:05,,0,,True
71c80311-6725-434f-944e-39ae028e986c,Woolworths Supermarket,Pantry,Macro Organic Quinoa Tri Colour 500g,717631,$7.00,$1.40 / 100G,https://www.woolworths.com.au/shop/productdetails/717631/macro-organic-quinoa-tri-colour,https://cdn0.woolworths.media/content/wowproductimages/medium/717631.jpg,2020-09-21 17:27:05,Average product rating out of 5: 4.6. Product score is based on 274 ratings,274,Was $9.99 09/01/2017,True
e7032547-71cc-4e05-b624-f2b92ece44de,Woolworths Supermarket,Pantry,Ritz Crackers Original 300g,660562,$2.50,$0.83 / 100G,https://www.woolworths.com.au/shop/productdetails/660562/ritz-crackers-original,https://cdn0.woolworths.media/content/wowproductimages/medium/660562.jpg,2020-09-21 17:27:05,,0,,True
c3e23325-2edb-4ee3-a1a4-ce0e1587d0da,Woolworths Supermarket,Pantry,Ardmona Tomatoes Diced No Added Salt 400g,226849,$1.40,$3.50 / 1KG,https://www.woolworths.com.au/shop/productdetails/226849/ardmona-tomatoes-diced-no-added-salt,https://cdn0.woolworths.media/content/wowproductimages/medium/226849.jpg,2020-09-21 17:27:05,,0,,True
5e78cbd1-8aa7-4526-a9b8-790e0a35998c,Woolworths Supermarket,Pantry,Cadbury Fry's Turkish Delight 55g bar,098390,$1.00,$1.82 / 100G,https://www.woolworths.com.au/shop/productdetails/98390/cadbury-fry-s-turkish-delight,https://cdn0.woolworths.media/content/wowproductimages/medium/098390.jpg,2020-09-21 17:27:05,,0,,True
59c98456-8ee1-4e7a-80c0-3c22fb90db31,Woolworths Supermarket,Pantry,Masterfoods Barbecue Sauce 500ml,099696,$2.50,$0.50 / 100ML,https://www.woolworths.com.au/shop/productdetails/99696/masterfoods-barbecue-sauce,https://cdn0.woolworths.media/content/wowproductimages/medium/099696.jpg,2020-09-21 17:27:05,,0,,True
829649dd-9a8e-40ea-bbfb-62d2cc323247,Woolworths Supermarket,Pantry,Continental Cup A Soup Creamy Chicken With Lots Of Noodles 2 pack,026649,$2.00,$3.33 / 100G,https://www.woolworths.com.au/shop/productdetails/26649/continental-cup-a-soup-creamy-chicken-with-lots-of-noodles,https://cdn0.woolworths.media/content/wowproductimages/medium/026649.jpg,2020-09-21 17:27:05,,0,,True
83214b93-1605-4b7f-812f-b52683e13548,Woolworths Supermarket,Pantry,Woolworths Diced Italian Tomatoes No Added Salt 400g,770320,$0.80,$2.00 / 1KG,https://www.woolworths.com.au/shop/productdetails/770320/woolworths-diced-italian-tomatoes-no-added-salt,https://cdn0.woolworths.media/content/wowproductimages/medium/770320.jpg,2020-09-21 17:27:05,Average product rating out of 5: 4.7. Product score is based on 311 ratings,311,,True
4f8a6387-27da-477e-993b-a6b1de804965,Woolworths Supermarket,Pantry,Arnott's Monte Carlo 250g,036031,$3.00,$1.20 / 100G,https://www.woolworths.com.au/shop/productdetails/36031/arnott-s-monte-carlo,https://cdn0.woolworths.media/content/wowproductimages/medium/036031.jpg,2020-09-21 17:27:05,,0,,True
b6d68bb9-f5d3-4e32-9071-43eb6cc845f6,Woolworths Supermarket,Pantry,Heinz Canned Soup Big Red Tomato 420g,034331,$2.20,$0.52 / 100G,https://www.woolworths.com.au/shop/productdetails/34331/heinz-canned-soup-big-red-tomato,https://cdn0.woolworths.media/content/wowproductimages/medium/034331.jpg,2020-09-21 17:27:05,,0,,True
bc3ba5d1-16c1-40e3-a225-24b78d00ac6e,Woolworths Supermarket,Pantry,Essentials Raw Sugar 2kg,018174,$2.10,$0.11 / 100G,https://www.woolworths.com.au/shop/productdetails/18174/essentials-raw-sugar,https://cdn0.woolworths.media/content/wowproductimages/medium/018174.jpg,2020-09-21 17:27:05,,0,,True
8fa1610f-3b18-4bc6-9a78-cba38c008b7f,Woolworths Supermarket,Pantry,Woolworths Rolled Traditional Oats 750g,321220,$1.40,$0.19 / 100G,https://www.woolworths.com.au/shop/productdetails/321220/woolworths-rolled-traditional-oats,https://cdn0.woolworths.media/content/wowproductimages/medium/321220.jpg,2020-09-21 17:27:05,Average product rating out of 5: 4.6. Product score is based on 748 ratings,748,,True
ddf1aa74-a0e5-4758-ae43-78d41086387e,Woolworths Supermarket,Pantry,Indomie Mi Goreng Instant Noodles 5pk 425g,177972,$2.75,$0.65 / 100G,https://www.woolworths.com.au/shop/productdetails/177972/indomie-mi-goreng-instant-noodles,https://cdn0.woolworths.media/content/wowproductimages/medium/177972.jpg,2020-09-21 17:27:05,,0,,True
3f25456c-4e52-43f2-9b66-224ea1a9b3f7,Woolworths Supermarket,Pantry,Sunbites Grain Waves Sour Cream & Chives 170g,082361,$3.50,$2.06 / 100G,https://www.woolworths.com.au/shop/productdetails/82361/sunbites-grain-waves-sour-cream-chives,https://cdn0.woolworths.media/content/wowproductimages/medium/082361.jpg,2020-09-21 17:27:05,,0,,True
81d41f94-540e-437d-b36d-e584c5b665cf,Woolworths Supermarket,Pantry,Sunbites Grain Waves Sour Cream & Chives 5 pack,720220,$3.10,$2.82 / 100G,https://www.woolworths.com.au/shop/productdetails/720220/sunbites-grain-waves-sour-cream-chives,https://cdn0.woolworths.media/content/wowproductimages/medium/720220.jpg,2020-09-21 17:27:05,,0,2 for $5.00,True
d15ac168-ed24-4a99-a2a9-ee2fc2d06072,Woolworths Supermarket,Pantry,Sanitarium Up&go Liquid Breakfast Vanilla Ice 12 pack,733705,$13.00,$4.33 / 1L,https://www.woolworths.com.au/shop/productdetails/733705/sanitarium-up-go-liquid-breakfast-vanilla-ice,https://cdn0.woolworths.media/content/wowproductimages/medium/733705.jpg,2020-09-21 17:27:05,,0,,True
332d534d-d4ca-4d5f-8276-f1a4f9d5dc17,Woolworths Supermarket,Pantry,Belvita Honey & Nut Breakfast Biscuits 300g,738494,$4.00,$1.33 / 100G,https://www.woolworths.com.au/shop/productdetails/738494/belvita-honey-nut-breakfast-biscuits,https://cdn0.woolworths.media/content/wowproductimages/medium/738494.jpg,2020-09-21 17:27:05,,0,,True
601c31f2-dc33-407c-a0ab-faf61af86ffa,Woolworths Supermarket,Pantry,Grinders Fair Trade Organic Coffee Beans Crema 1kg,738617,$27.00,$2.70 / 100G,https://www.woolworths.com.au/shop/productdetails/738617/grinders-fair-trade-organic-coffee-beans-crema,https://cdn0.woolworths.media/content/wowproductimages/medium/738617.jpg,2020-09-21 17:27:05,,0,,True
e47b2466-e28f-42f3-9c3f-59d0dc89f4ba,Woolworths Supermarket,Pantry,Cobs Popcorn Best Ever Butter Gluten Free 100g,738712,$1.42,$1.42 / 100G,https://www.woolworths.com.au/shop/productdetails/738712/cobs-popcorn-best-ever-butter-gluten-free,https://cdn0.woolworths.media/content/wowproductimages/medium/738712.jpg,2020-09-21 17:27:05,,0,,True
655804e9-7926-46db-a224-b3dcd35afc66,Woolworths Supermarket,Pantry,Table Of Plenty Mini Rice Snacks Dark Chocolate Cakes 60g,738916,$3.60,$6.00 / 100G,https://www.woolworths.com.au/shop/productdetails/738916/table-of-plenty-mini-rice-snacks-dark-chocolate-cakes,https://cdn0.woolworths.media/content/wowproductimages/medium/738916.jpg,2020-09-21 17:27:05,Average product rating out of 5: 4.9. Product score is based on 14 ratings,14,,True
631d658f-4b84-4316-a825-1ac1aef6cf6c,Woolworths Supermarket,Pantry,Table Of Plenty Mini Rice Snacks Chocolate Cakes 60g,738979,$3.60,$6.00 / 100G,https://www.woolworths.com.au/shop/productdetails/738979/table-of-plenty-mini-rice-snacks-chocolate-cakes,https://cdn0.woolworths.media/content/wowproductimages/medium/738979.jpg,2020-09-21 17:27:05,Average product rating out of 5: 5.0. Product score is based on 12 ratings,12,,True
1fad0426-7c30-4d43-98fd-03b03841c2f5,Woolworths Supermarket,Pantry,Raw C Liquid Coconut Oil 250ml,739136,$8.80,$3.52 / 100ML,https://www.woolworths.com.au/shop/productdetails/739136/raw-c-liquid-coconut-oil,https://cdn0.woolworths.media/content/wowproductimages/medium/739136.jpg,2020-09-21 17:27:05,,0,,True
297957de-0cfd-42f5-904e-8e4ef08c4282,Woolworths Supermarket,Pantry,Go Natural Twisters Snacks Strawberry & Apple 180g,739211,$6.50,$3.61 / 100G,https://www.woolworths.com.au/shop/productdetails/739211/go-natural-twisters-snacks-strawberry-apple,https://cdn0.woolworths.media/content/wowproductimages/medium/739211.jpg,2020-09-21 17:27:05,Average product rating out of 5: 3.3. Product score is based on 3 ratings,3,,True
3f37b1ea-a34d-4626-85b0-d45a321673f8,Woolworths Supermarket,Pantry,Sandhurst Artichoke Marinated 170g,739241,$3.10,$18.24 / 1KG,https://www.woolworths.com.au/shop/productdetails/739241/sandhurst-artichoke-marinated,https://cdn0.woolworths.media/content/wowproductimages/medium/739241.jpg,2020-09-21 17:27:05,,0,,True
47283a1e-4a5b-4244-89cb-958930e9e3f1,Woolworths Supermarket,Pantry,All Natural Bakery Bars Macadamia & Apricot Oat Slice 100g,739520,$2.70,$2.70 / 100G,https://www.woolworths.com.au/shop/productdetails/739520/all-natural-bakery-bars-macadamia-apricot-oat-slice,https://cdn0.woolworths.media/content/wowproductimages/medium/739520.jpg,2020-09-21 17:27:05,Average product rating out of 5: 4.0. Product score is based on 3 ratings,3,,True
beb6c149-9da3-467d-946b-b0979f81501e,Woolworths Supermarket,Pantry,Altimate Funtime Traditional Wafer Cups 21 pack,739719,$3.00,$4.00 / 100G,https://www.woolworths.com.au/shop/productdetails/739719/altimate-funtime-traditional-wafer-cups,https://cdn0.woolworths.media/content/wowproductimages/medium/739719.jpg,2020-09-21 17:27:05,,0,,True
08a73982-3e38-4fc8-b510-8d270620d5e6,Woolworths Supermarket,Pantry,San Remo Spirals Spelt Pasta 250g,739878,$4.20,$1.68 / 100G,https://www.woolworths.com.au/shop/productdetails/739878/san-remo-spirals-spelt-pasta,https://cdn0.woolworths.media/content/wowproductimages/medium/739878.jpg,2020-09-21 17:27:05,,0,,True
489c8379-f966-4bcb-9234-1e1b34fb8d7a,Woolworths Supermarket,Pantry,Wallaby Chocolate Bites Orange Almond & Coconut 150g,739954,$4.00,$2.67 / 100G,https://www.woolworths.com.au/shop/productdetails/739954/wallaby-chocolate-bites-orange-almond-coconut,https://cdn0.woolworths.media/content/wowproductimages/medium/739954.jpg,2020-09-21 17:27:05,Average product rating out of 5: 4.8. Product score is based on 6 ratings,6,,True
126288bb-529e-436e-b1a0-4a23e9d9e123,Woolworths Supermarket,Pantry,"Carman's Almond, Cashew & Cranberry Nut Bars 5 pack",740020,$6.00,$3.43 / 100G,https://www.woolworths.com.au/shop/productdetails/740020/carman-s-almond-cashew-cranberry-nut-bars,https://cdn0.woolworths.media/content/wowproductimages/medium/740020.jpg,2020-09-21 17:27:05,,0,,True
d707035b-572f-45a0-a40c-60f7a39489ee,Woolworths Supermarket,Pantry,"Carman's Almond, Hazelnut Vanilla Nut Bars 5 pack",740080,$6.00,$3.43 / 100G,https://www.woolworths.com.au/shop/productdetails/740080/carman-s-almond-hazelnut-vanilla-nut-bars,https://cdn0.woolworths.media/content/wowproductimages/medium/740080.jpg,2020-09-21 17:27:05,,0,,True
1c6d3a24-1338-443a-babf-683e08410858,Woolworths Supermarket,Pantry,Heinz Seriously Good Lite Aioli Garlic Mayonnaise 460g,740735,$5.00,$1.09 / 100G,https://www.woolworths.com.au/shop/productdetails/740735/heinz-seriously-good-lite-aioli-garlic-mayonnaise,https://cdn0.woolworths.media/content/wowproductimages/medium/740735.jpg,2020-09-21 17:27:05,,0,Was $6.00 17/02/2020,True
a4991df9-037d-4681-be6a-27666bf6ec4a,Woolworths Supermarket,Pantry,Woolworths Cream Cheese Spread 245g,740748,$2.90,$11.84 / 1KG,https://www.woolworths.com.au/shop/productdetails/740748/woolworths-cream-cheese-spread,https://cdn0.woolworths.media/content/wowproductimages/medium/740748.jpg,2020-09-21 17:27:05,Average product rating out of 5: 3.8. Product score is based on 455 ratings,455,,True
e04368aa-f8b5-4a4d-bd59-603b1edd6cfb,Woolworths Supermarket,Pantry,Natvia Sweetener Sticks 40 pack,741011,$4.50,$11.25 / 100EA,https://www.woolworths.com.au/shop/productdetails/741011/natvia-sweetener-sticks,https://cdn0.woolworths.media/content/wowproductimages/medium/741011.jpg,2020-09-21 17:27:05,,0,,True
9638e6d1-e0ff-4eac-9831-44b4e53f4cac,Woolworths Supermarket,Pantry,Harvest Rice Bran Oil 1l,741386,$4.50,$0.45 / 100ML,https://www.woolworths.com.au/shop/productdetails/741386/harvest-rice-bran-oil,https://cdn0.woolworths.media/content/wowproductimages/medium/741386.jpg,2020-09-21 17:27:05,,0,Was $6.00 14/05/2018,True
1202a0d0-74e3-4f46-9ab2-52dc2d5d0e5a,Woolworths Supermarket,Pantry,Lucky Hazelnut Meal 350g,741429,$13.00,$37.14 / 1KG,https://www.woolworths.com.au/shop/productdetails/741429/lucky-hazelnut-meal,https://cdn0.woolworths.media/content/wowproductimages/medium/741429.jpg,2020-09-21 17:27:05,,0,,True
98f9ce69-c056-4e76-9fcf-16a81aad9d1f,Woolworths Supermarket,Pantry,Lucky Oven Roasted Almonds 350g,741449,$8.50,$24.29 / 1KG,https://www.woolworths.com.au/shop/productdetails/741449/lucky-oven-roasted-almonds,https://cdn0.woolworths.media/content/wowproductimages/medium/741449.jpg,2020-09-21 17:27:05,,0,,True
497c00a8-04f0-461a-b807-bb6d5c79c94f,Woolworths Supermarket,Pantry,Indomie Hot & Spicy Noodles 5pk 400g,742102,$2.75,$0.69 / 100G,https://www.woolworths.com.au/shop/productdetails/742102/indomie-hot-spicy-noodles-5pk,https://cdn0.woolworths.media/content/wowproductimages/medium/742102.jpg,2020-09-21 17:27:05,,0,,True
42296bf3-d9f6-4187-926c-6505839a4fb6,Woolworths Supermarket,Pantry,Heinz Baked Beans & Sausages 420g,742286,$2.20,$0.52 / 100G,https://www.woolworths.com.au/shop/productdetails/742286/heinz-baked-beans-sausages,https://cdn0.woolworths.media/content/wowproductimages/medium/742286.jpg,2020-09-21 17:27:05,,0,,True
82571910-d222-4efb-8bcf-dec5b201fd61,Woolworths Supermarket,Pantry,Heinz Spaghetti & Sausages & Tomato Sauce 420g,742287,$2.20,$0.52 / 100G,https://www.woolworths.com.au/shop/productdetails/742287/heinz-spaghetti-sausages-tomato-sauce,https://cdn0.woolworths.media/content/wowproductimages/medium/742287.jpg,2020-09-21 17:27:05,,0,,True
d6730629-3d7c-47e6-9092-c6e875a589c5,Woolworths Supermarket,Pantry,Masterfoods Barbecue Sauce 500ml,099696,$2.50,$0.50 / 100ML,https://www.woolworths.com.au/shop/productdetails/99696/masterfoods-barbecue-sauce,https://cdn0.woolworths.media/content/wowproductimages/medium/099696.jpg,2020-09-21 17:27:05,,0,,True
8f315bd9-ccc0-41cd-a1d7-7fc4a6a67d32,Woolworths Supermarket,Pantry,Doritos Share Pack Cheese Supreme 170g,826731,$2.75,$1.62 / 100G,https://www.woolworths.com.au/shop/productdetails/826731/doritos-share-pack-cheese-supreme,https://cdn0.woolworths.media/content/wowproductimages/medium/826731.jpg,2020-09-21 17:27:05,,0,,True
69320085-8e49-4fe1-b18b-86e440723196,Woolworths Supermarket,Pantry,Arnott's Shortbread 250g,008838,$2.50,$1.00 / 100G,https://www.woolworths.com.au/shop/productdetails/8838/arnott-s-shortbread,https://cdn0.woolworths.media/content/wowproductimages/medium/008838.jpg,2020-09-21 17:27:05,,0,,True
f6ad1a9a-64d2-4e6d-9bd8-1c96d9eb219e,Woolworths Supermarket,Pantry,Twisties Cheese Chips 90g,081659,$2.00,$2.22 / 100G,https://www.woolworths.com.au/shop/productdetails/81659/twisties-cheese-chips,https://cdn0.woolworths.media/content/wowproductimages/medium/081659.jpg,2020-09-21 17:27:05,,0,,True
d070e5f8-9131-4ae2-ba4c-4d0bb90206d4,Woolworths Supermarket,Pantry,Bertolli Extra Virgin Olive Oil Originale 750ml,502951,$6.50,$0.87 / 100ML,https://www.woolworths.com.au/shop/productdetails/502951/bertolli-extra-virgin-olive-oil-originale,https://cdn0.woolworths.media/content/wowproductimages/medium/502951.jpg,2020-09-21 17:27:05,,0,,True
ec321bc1-5202-44b3-a8c3-1345cd9375df,Woolworths Supermarket,Pantry,Valcom Canned Bamboo Shoots Sliced 225g,097730,$1.10,$4.89 / 1KG,https://www.woolworths.com.au/shop/productdetails/97730/valcom-canned-bamboo-shoots-sliced,https://cdn0.woolworths.media/content/wowproductimages/medium/097730.jpg,2020-09-21 17:27:05,,0,,True
b9664a35-09cc-4ba7-a467-3f16e8d50f18,Woolworths Supermarket,Pantry,Kellogg's Nutri-grain Protein Breakfast Cereal 290g,701706,$4.95,$1.71 / 100G,https://www.woolworths.com.au/shop/productdetails/701706/kellogg-s-nutri-grain-protein-breakfast-cereal,https://cdn0.woolworths.media/content/wowproductimages/medium/701706.jpg,2020-09-21 17:27:05,,0,,True
fb4e625b-50da-4a36-b5ed-4b0ef97041d4,Woolworths Supermarket,Pantry,Arnott's Malt O' Milk 250g,036036,$2.50,$1.00 / 100G,https://www.woolworths.com.au/shop/productdetails/36036/arnott-s-malt-o-milk,https://cdn0.woolworths.media/content/wowproductimages/medium/036036.jpg,2020-09-21 17:27:05,,0,,True
94ce09a4-66e2-4b4e-aa61-623d379e7222,Woolworths Supermarket,Pantry,Smith's Share Pack Crinkle Cut Salt & Vinegar 170g,826738,$2.75,$1.62 / 100G,https://www.woolworths.com.au/shop/productdetails/826738/smith-s-share-pack-crinkle-cut-salt-vinegar,https://cdn0.woolworths.media/content/wowproductimages/medium/826738.jpg,2020-09-21 17:27:05,,0,,True
fc3ca5cf-835f-452f-ad7b-2369c796d91c,Woolworths Supermarket,Pantry,Arnott's Snack Right Sultana 250g,182697,$3.00,$1.20 / 100G,https://www.woolworths.com.au/shop/productdetails/182697/arnott-s-snack-right-sultana,https://cdn0.woolworths.media/content/wowproductimages/medium/182697.jpg,2020-09-21 17:27:05,,0,Was $4.20 11/02/2019,True
f926e265-d634-42af-86e6-b10d01a6d0c2,Woolworths Supermarket,Pantry,Toblerone Milk Chocolate Bar 50g,047011,$1.00,$2.00 / 100G,https://www.woolworths.com.au/shop/productdetails/47011/toblerone-milk-chocolate-bar,https://cdn0.woolworths.media/content/wowproductimages/medium/047011.jpg,2020-09-21 17:27:05,,0,,True
6cb43365-b77b-4940-afa0-b784400c0d41,Woolworths Supermarket,Pantry,Kooka's Country Cookies Lemon 200g,347837,$2.00,$1.00 / 100G,https://www.woolworths.com.au/shop/productdetails/347837/kooka-s-country-cookies-lemon,https://cdn0.woolworths.media/content/wowproductimages/medium/347837.jpg,2020-09-21 17:27:05,,0,,True
1c43840e-3ee7-418f-aada-06a1a8a3eceb,Woolworths Supermarket,Pantry,Uncle Tobys Roll-ups Strawberry Fun Prints 6 pack,324231,$4.00,$4.26 / 100G,https://www.woolworths.com.au/shop/productdetails/324231/uncle-tobys-roll-ups-strawberry-fun-prints,https://cdn0.woolworths.media/content/wowproductimages/medium/324231.jpg,2020-09-21 17:27:05,,0,,True
d1b3b475-5f5f-44a5-b931-3eaefe6d2744,Woolworths Supermarket,Pantry,Woolworths Corn Sweet Kernels 420g,218926,$1.00,$2.38 / 1KG,https://www.woolworths.com.au/shop/productdetails/218926/woolworths-corn-sweet-kernels,https://cdn0.woolworths.media/content/wowproductimages/medium/218926.jpg,2020-09-21 17:27:05,Average product rating out of 5: 4.1. Product score is based on 215 ratings,215,,True
2994b997-6bbc-4df8-aee5-615d986e170f,Woolworths Supermarket,Pantry,Moccona Freeze Dried Instant Coffee Classic Medium Roast 400g,208575,$24.00,$6.00 / 100G,https://www.woolworths.com.au/shop/productdetails/208575/moccona-freeze-dried-instant-coffee-classic-medium-roast,https://cdn0.woolworths.media/content/wowproductimages/medium/208575.jpg,2020-09-21 17:27:05,,0,,True
b421f150-1f18-4464-acf8-adbfdfe5b6ef,Woolworths Supermarket,Pantry,Macro Organic Quinoa Tri Colour 500g,717631,$7.00,$1.40 / 100G,https://www.woolworths.com.au/shop/productdetails/717631/macro-organic-quinoa-tri-colour,https://cdn0.woolworths.media/content/wowproductimages/medium/717631.jpg,2020-09-21 17:27:05,Average product rating out of 5: 4.6. Product score is based on 274 ratings,274,Was $9.99 09/01/2017,True
5cb73ae2-36e8-46ca-be72-cf5e90212025,Woolworths Supermarket,Pantry,Arnott's Shapes Cheddar 175g,384244,$2.50,$1.43 / 100G,https://www.woolworths.com.au/shop/productdetails/384244/arnott-s-shapes-cheddar,https://cdn0.woolworths.media/content/wowproductimages/medium/384244.jpg,2020-09-21 17:27:05,,0,,True
982c27ad-87da-4eb7-873c-c3620f0fcf0e,Woolworths Supermarket,Pantry,Uncle Ben's Microwave Mexican Style Brown Rice 250g,727257,$3.00,$1.20 / 100G,https://www.woolworths.com.au/shop/productdetails/727257/uncle-ben-s-microwave-mexican-style-brown-rice,https://cdn0.woolworths.media/content/wowproductimages/medium/727257.jpg,2020-09-21 17:27:05,,0,,True
7b05032c-55a5-46df-a8c5-1d0818c5613f,Woolworths Supermarket,Pantry,Pringles Sour Cream And Onion Chips 134g,479502,$2.50,$1.87 / 100G,https://www.woolworths.com.au/shop/productdetails/479502/pringles-sour-cream-and-onion-chips,https://cdn0.woolworths.media/content/wowproductimages/medium/479502.jpg,2020-09-21 17:27:05,,0,,True
2b98e90d-25c7-4e27-93f9-23dc28e5e7e5,Woolworths Supermarket,Pantry,Ozesauce Tomato Sauce 500ml,742407,$3.00,$0.60 / 100ML,https://www.woolworths.com.au/shop/productdetails/742407/ozesauce-tomato-sauce,https://cdn0.woolworths.media/content/wowproductimages/medium/742407.jpg,2020-09-21 17:27:05,,0,,True
5e1c7e07-50ed-4f31-878c-9d90e85e32d4,Woolworths Supermarket,Pantry,John West Skin & Boneless Salmon In Springwater 130g,742739,$3.30,$25.38 / 1KG,https://www.woolworths.com.au/shop/productdetails/742739/john-west-skin-boneless-salmon-in-springwater,https://cdn0.woolworths.media/content/wowproductimages/medium/742739.jpg,2020-09-21 17:27:05,,0,,True
2b966aff-2934-4038-8478-9ffa41e15eab,Woolworths Supermarket,Pantry,Mentos Fruit Chews 3 pack,742758,$2.80,$2.49 / 100G,https://www.woolworths.com.au/shop/productdetails/742758/mentos-fruit-chews,https://cdn0.woolworths.media/content/wowproductimages/medium/742758.jpg,2020-09-21 17:27:05,,0,,True
94501dbe-0cbd-4133-a9a9-b28ecc0e1b79,Woolworths Supermarket,Pantry,Mentos Mints Spearmint 3 pack,742784,$2.80,$2.49 / 100G,https://www.woolworths.com.au/shop/productdetails/742784/mentos-mints-spearmint,https://cdn0.woolworths.media/content/wowproductimages/medium/742784.jpg,2020-09-21 17:27:05,,0,,True
33ed2965-5c83-42bf-9803-1e786ddb9480,Woolworths Supermarket,Pantry,Mentos Mints 3pk,742786,$2.80,$2.49 / 100G,https://www.woolworths.com.au/shop/productdetails/742786/mentos-mints,https://cdn0.woolworths.media/content/wowproductimages/medium/742786.jpg,2020-09-21 17:27:05,,0,,True
7dbaa2b0-4d76-4373-9831-59c01287d069,Woolworths Supermarket,Pantry,John West Skin & Boneless Salmon In Oil 130g,742822,$3.30,$25.38 / 1KG,https://www.woolworths.com.au/shop/productdetails/742822/john-west-skin-boneless-salmon-in-oil,https://cdn0.woolworths.media/content/wowproductimages/medium/742822.jpg,2020-09-21 17:27:05,,0,,True
7ea7f875-113e-4a69-818c-b0cf288d7e4e,Woolworths Supermarket,Pantry,Woolworths Summer Fruit Muesli 750g,743266,$3.50,$0.47 / 100G,https://www.woolworths.com.au/shop/productdetails/743266/woolworths-summer-fruit-muesli,https://cdn0.woolworths.media/content/wowproductimages/medium/743266.jpg,2020-09-21 17:27:05,Average product rating out of 5: 3.7. Product score is based on 680 ratings,680,Was $3.85 17/05/2018,True
67b9c196-ec7b-4bc1-93c8-0f6941c8ebbf,Woolworths Supermarket,Pantry,Woolworths Toasted Honey & Cinnamon Muesli 750g,743268,$3.50,$0.47 / 100G,https://www.woolworths.com.au/shop/productdetails/743268/woolworths-toasted-honey-cinnamon-muesli,https://cdn0.woolworths.media/content/wowproductimages/medium/743268.jpg,2020-09-21 17:27:05,Average product rating out of 5: 4.1. Product score is based on 644 ratings,644,Was $3.85 17/05/2018,True
1b15e66a-55f5-4c42-b269-141972c8d6dd,Woolworths Supermarket,Pantry,Woolworths Apricot Almond And Date Muesli 750g,743270,$3.50,$0.47 / 100G,https://www.woolworths.com.au/shop/productdetails/743270/woolworths-apricot-almond-and-date-muesli,https://cdn0.woolworths.media/content/wowproductimages/medium/743270.jpg,2020-09-21 17:27:05,Average product rating out of 5: 3.8. Product score is based on 669 ratings,669,Was $3.85 17/05/2018,True
1a6c46ec-f14c-4982-837d-de51a7dda3da,Woolworths Supermarket,Pantry,Passage To Asia Singapore Noodles 200g,743586,$2.50,$1.25 / 100G,https://www.woolworths.com.au/shop/productdetails/743586/passage-to-asia-singapore-noodles,https://cdn0.woolworths.media/content/wowproductimages/medium/743586.jpg,2020-09-21 17:27:05,,0,Was $2.99 22/08/2016,True
b6e8a242-8eba-43f9-bfbc-dd70fd6da46a,Woolworths Supermarket,Pantry,Queen Natural Food Colouring Rainbow 4x7ml,743683,$7.75,$2.77 / 10ML,https://www.woolworths.com.au/shop/productdetails/743683/queen-natural-food-colouring-rainbow,https://cdn0.woolworths.media/content/wowproductimages/medium/743683.jpg,2020-09-21 17:27:05,,0,,True
2e59397a-a010-48d1-b7a3-aa9287b03ef1,Woolworths Supermarket,Pantry,Amoy Dark Soy Sauce Dark Soy 150ml,743979,$2.60,$1.73 / 100ML,https://www.woolworths.com.au/shop/productdetails/743979/amoy-dark-soy-sauce-dark-soy,https://cdn0.woolworths.media/content/wowproductimages/medium/743979.jpg,2020-09-21 17:27:05,,0,,True
001b6677-da0d-46e6-b9c7-762f3242230e,Woolworths Supermarket,Pantry,Amoy Sauce Light Soy 500ml,744053,$3.85,$0.77 / 100ML,https://www.woolworths.com.au/shop/productdetails/744053/amoy-sauce-light-soy,https://cdn0.woolworths.media/content/wowproductimages/medium/744053.jpg,2020-09-21 17:27:05,,0,,True
34f87a5f-fc05-4117-b6ed-52cc14d0de34,Woolworths Supermarket,Pantry,Amoy Sauce Oyster 555g,744054,$4.20,$0.76 / 100G,https://www.woolworths.com.au/shop/productdetails/744054/amoy-sauce-oyster,https://cdn0.woolworths.media/content/wowproductimages/medium/744054.jpg,2020-09-21 17:27:05,,0,,True
ec6963f1-8154-4c63-b612-5726a46e8d89,Woolworths Supermarket,Pantry,Pandaroo Lite Coconut Milk 165ml,744243,$1.00,$0.61 / 100ML,https://www.woolworths.com.au/shop/productdetails/744243/pandaroo-lite-coconut-milk,https://cdn0.woolworths.media/content/wowproductimages/medium/744243.jpg,2020-09-21 17:27:05,,0,,True
9dacf474-8eff-4cae-9cdb-c696d00cff53,Woolworths Supermarket,Pantry,Pandaroo Lite Coconut Cream 400ml,744256,$1.60,$0.40 / 100ML,https://www.woolworths.com.au/shop/productdetails/744256/pandaroo-lite-coconut-cream,https://cdn0.woolworths.media/content/wowproductimages/medium/744256.jpg,2020-09-21 17:27:05,,0,,True
d226f41d-7751-4e58-a484-39fb3f49cad8,Woolworths Supermarket,Pantry,Slendier Ready To Eat Meal Italian Basil Sauce 310g,744386,$4.00,$1.29 / 100G,https://www.woolworths.com.au/shop/productdetails/744386/slendier-ready-to-eat-meal-italian-basil-sauce,https://cdn0.woolworths.media/content/wowproductimages/medium/744386.jpg,2020-09-21 17:27:05,Average product rating out of 5: 3.7. Product score is based on 6 ratings,6,,True
829b0e0f-a22b-42ac-a42b-3514330cad30,Woolworths Supermarket,Pantry,Slendier Ready To Eat Meal Arrabbiata Sauce 310g,744499,$4.00,$1.29 / 100G,https://www.woolworths.com.au/shop/productdetails/744499/slendier-ready-to-eat-meal-arrabbiata-sauce,https://cdn0.woolworths.media/content/wowproductimages/medium/744499.jpg,2020-09-21 17:27:05,Average product rating out of 5: 4.4. Product score is based on 5 ratings,5,,True
bc520601-082a-4b74-85f3-af2ddd2be621,Woolworths Supermarket,Pantry,Woolworths Fruit Salad In Juice 4x125g,744518,$2.20,$4.40 / 1KG,https://www.woolworths.com.au/shop/productdetails/744518/woolworths-fruit-salad-in-juice,https://cdn0.woolworths.media/content/wowproductimages/medium/744518.jpg,2020-09-21 17:27:05,Average product rating out of 5: 3.9. Product score is based on 592 ratings,592,Was $2.50 09/07/2018,True
203bde0e-fc62-43ec-bdf6-228e5829fcab,Woolworths Supermarket,Pantry,Woolworths Peach In Juice 4x125g,744521,$2.20,$4.40 / 1KG,https://www.woolworths.com.au/shop/productdetails/744521/woolworths-peach-in-juice,https://cdn0.woolworths.media/content/wowproductimages/medium/744521.jpg,2020-09-21 17:27:05,Average product rating out of 5: 4.0. Product score is based on 613 ratings,613,Was $2.50 09/07/2018,True
648fc48e-49c3-41dc-ae44-79dd1f1b6355,Woolworths Supermarket,Pantry,Woolworths Two Fruits In Juice In Juice 4x125g,744522,$2.20,$4.40 / 1KG,https://www.woolworths.com.au/shop/productdetails/744522/woolworths-two-fruits-in-juice-in-juice,https://cdn0.woolworths.media/content/wowproductimages/medium/744522.jpg,2020-09-21 17:27:05,Average product rating out of 5: 4.3. Product score is based on 2543 ratings,2543,Was $2.50 09/07/2018,True
6da5b46c-dafa-4c1d-b6d9-e3d76260e43f,Woolworths Supermarket,Pantry,Byron Bay Cookies Gluten Free White Choc Macadamia Cookie Bites 100g,744551,$3.00,$3.00 / 100G,https://www.woolworths.com.au/shop/productdetails/744551/byron-bay-cookies-gluten-free-white-choc-macadamia-cookie-bites,https://cdn0.woolworths.media/content/wowproductimages/medium/744551.jpg,2020-09-21 17:27:05,Average product rating out of 5: 4.6. Product score is based on 15 ratings,15,,True
acb10c31-8166-4831-8f43-322aeb7d7bd4,Woolworths Supermarket,Pantry,Byron Bay Cookies Gluten Free Triple Choc Cookie Bites 100g,744555,$3.00,$3.00 / 100G,https://www.woolworths.com.au/shop/productdetails/744555/byron-bay-cookies-gluten-free-triple-choc-cookie-bites,https://cdn0.woolworths.media/content/wowproductimages/medium/744555.jpg,2020-09-21 17:27:05,Average product rating out of 5: 4.9. Product score is based on 9 ratings,9,,True
5b0569cc-f418-46eb-9442-d511585bdf4d,Woolworths Supermarket,Pantry,Bertolli Organic Extra Virgin Olive Oil Robusto Bold Taste 1l,744987,$18.00,$1.80 / 100ML,https://www.woolworths.com.au/shop/productdetails/744987/bertolli-organic-extra-virgin-olive-oil-robusto-bold-taste,https://cdn0.woolworths.media/content/wowproductimages/medium/744987.jpg,2020-09-21 17:27:05,,0,,True
579657cc-7241-4d51-aad3-cbdf4b5c7de9,Woolworths Supermarket,Pantry,Sunbites Grain Waves Sour Cream & Chives 5 pack,720220,$3.10,$2.82 / 100G,https://www.woolworths.com.au/shop/productdetails/720220/sunbites-grain-waves-sour-cream-chives,https://cdn0.woolworths.media/content/wowproductimages/medium/720220.jpg,2020-09-21 17:27:05,,0,2 for $5.00,True
7ff4cfe6-1d76-4f75-9cd6-6522c6c00178,Woolworths Supermarket,Pantry,Woolworths Almond Meal 400g,610610,$7.50,$18.75 / 1KG,https://www.woolworths.com.au/shop/productdetails/610610/woolworths-almond-meal,https://cdn0.woolworths.media/content/wowproductimages/medium/610610.jpg,2020-09-21 17:27:05,Average product rating out of 5: 4.6. Product score is based on 326 ratings,326,Was $9.00 22/07/2020,True
34053c4b-b316-4b93-9fa6-e223edcd8b14,Woolworths Supermarket,Pantry,Vege Chips Chicken Style 100g,793382,$3.80,$3.80 / 100G,https://www.woolworths.com.au/shop/productdetails/793382/vege-chips-chicken-style,https://cdn0.woolworths.media/content/wowproductimages/medium/793382.jpg,2020-09-21 17:27:05,Average product rating out of 5: 4.7. Product score is based on 20 ratings,20,,True
a31604cc-98cd-4c9c-b2b6-a5c0673b8d7e,Woolworths Supermarket,Pantry,Sanitarium Weet-bix Breakfast Cereal 1.2kg,200695,$5.00,$0.42 / 100G,https://www.woolworths.com.au/shop/productdetails/200695/sanitarium-weet-bix-breakfast-cereal,https://cdn0.woolworths.media/content/wowproductimages/medium/200695.jpg,2020-09-21 17:27:05,,0,,True
a2ce5442-30c1-4884-87b5-acf279f02791,Woolworths Supermarket,Pantry,Beechworth Pure Honey 1.5kg,250371,$22.00,$1.47 / 100G,https://www.woolworths.com.au/shop/productdetails/250371/beechworth-pure-honey,https://cdn0.woolworths.media/content/wowproductimages/medium/250371.jpg,2020-09-21 17:27:05,,0,,True
ba3a4a75-cdb2-4652-a60c-3886b6b5dc28,Woolworths Supermarket,Pantry,Ritz Crackers Original 300g,660562,$2.50,$0.83 / 100G,https://www.woolworths.com.au/shop/productdetails/660562/ritz-crackers-original,https://cdn0.woolworths.media/content/wowproductimages/medium/660562.jpg,2020-09-21 17:27:05,,0,,True
d3455d8d-cf97-42ab-a159-ceb287d7edb5,Woolworths Supermarket,Pantry,Mckenzie's Himalayan Salt Rock Pink 400g,749926,$5.95,$0.15 / 10G,https://www.woolworths.com.au/shop/productdetails/749926/mckenzie-s-himalayan-salt-rock-pink,https://cdn0.woolworths.media/content/wowproductimages/medium/749926.jpg,2020-09-21 17:27:05,,0,,True
6402c58c-02b5-4279-80ba-d6e6caf950d5,Woolworths Supermarket,Pantry,Queen Organic Vanilla Bean Paste 65g,225399,$11.80,$18.15 / 100G,https://www.woolworths.com.au/shop/productdetails/225399/queen-organic-vanilla-bean-paste,https://cdn0.woolworths.media/content/wowproductimages/medium/225399.jpg,2020-09-21 17:27:05,,0,,True
8a58b19c-c7b8-4704-ab8e-7c0e7a1c91a6,Woolworths Supermarket,Pantry,Cadbury Dairy Milk Chocolate Fair Trade 350g,757883,$5.00,$1.43 / 100G,https://www.woolworths.com.au/shop/productdetails/757883/cadbury-dairy-milk-chocolate-fair-trade,https://cdn0.woolworths.media/content/wowproductimages/medium/757883.jpg,2020-09-21 17:27:05,,0,Was $6.30 16/01/2017,True
e02e4ec7-3e34-424b-a372-95167d18b614,Woolworths Supermarket,Pantry,Bertolli Extra Virgin Olive Oil Originale 750ml,502951,$6.50,$0.87 / 100ML,https://www.woolworths.com.au/shop/productdetails/502951/bertolli-extra-virgin-olive-oil-originale,https://cdn0.woolworths.media/content/wowproductimages/medium/502951.jpg,2020-09-21 17:27:05,,0,,True
2bb23b33-fd7a-4e99-a66b-8e93349134c6,Woolworths Supermarket,Pantry,Continental Cup A Soup Creamy Chicken With Lots Of Noodles 2 pack,026649,$2.00,$3.33 / 100G,https://www.woolworths.com.au/shop/productdetails/26649/continental-cup-a-soup-creamy-chicken-with-lots-of-noodles,https://cdn0.woolworths.media/content/wowproductimages/medium/026649.jpg,2020-09-21 17:27:05,,0,,True
de1f8b28-30a2-46bb-a32c-b6dde228f833,Woolworths Supermarket,Pantry,Nescafe Blend 43 Soluble Instant Coffee 500g,035694,$20.00,$4.00 / 100G,https://www.woolworths.com.au/shop/productdetails/35694/nescafe-blend-43-soluble-instant-coffee,https://cdn0.woolworths.media/content/wowproductimages/medium/035694.jpg,2020-09-21 17:27:05,,0,,True
adc5b544-0e76-4bc1-92fb-5f8efd73d58f,Woolworths Supermarket,Pantry,Moccona Freeze Dried Instant Coffee Classic Medium Roast 400g,208575,$24.00,$6.00 / 100G,https://www.woolworths.com.au/shop/productdetails/208575/moccona-freeze-dried-instant-coffee-classic-medium-roast,https://cdn0.woolworths.media/content/wowproductimages/medium/208575.jpg,2020-09-21 17:27:05,,0,,True
6b91f3b5-127f-4a62-bae3-8a08c956d19c,Woolworths Supermarket,Pantry,Woolworths Walnuts Kernel 500g,749540,$11.00,$22.00 / 1KG,https://www.woolworths.com.au/shop/productdetails/749540/woolworths-walnuts-kernel,https://cdn0.woolworths.media/content/wowproductimages/medium/749540.jpg,2020-09-21 17:27:05,Average product rating out of 5: 4.8. Product score is based on 360 ratings,360,,True
3120b3ea-4063-49ce-a074-4d2c6fcf5acd,Woolworths Supermarket,Pantry,Arnott's Monte Carlo 250g,036031,$3.00,$1.20 / 100G,https://www.woolworths.com.au/shop/productdetails/36031/arnott-s-monte-carlo,https://cdn0.woolworths.media/content/wowproductimages/medium/036031.jpg,2020-09-21 17:27:05,,0,,True
7fee6007-62a2-4a6c-bfa7-e96b4709953e,Woolworths Supermarket,Pantry,Woolworths Diced Italian Tomatoes No Added Salt 400g,770320,$0.80,$2.00 / 1KG,https://www.woolworths.com.au/shop/productdetails/770320/woolworths-diced-italian-tomatoes-no-added-salt,https://cdn0.woolworths.media/content/wowproductimages/medium/770320.jpg,2020-09-21 17:27:05,Average product rating out of 5: 4.7. Product score is based on 311 ratings,311,,True
b2a27c82-08ee-429e-b760-f03d970a02ee,Woolworths Supermarket,Pantry,Woolworths White Rice Long Grain 5kg,072779,$6.70,$0.13 / 100G,https://www.woolworths.com.au/shop/productdetails/72779/woolworths-white-rice-long-grain,https://cdn0.woolworths.media/content/wowproductimages/medium/072779.jpg,2020-09-21 17:27:05,Average product rating out of 5: 4.8. Product score is based on 14 ratings,14,,True
e34eff21-9b8e-494e-af2a-2c8653be7bd6,Woolworths Supermarket,Pantry,Macro Organic Quinoa Tri Colour 500g,717631,$7.00,$1.40 / 100G,https://www.woolworths.com.au/shop/productdetails/717631/macro-organic-quinoa-tri-colour,https://cdn0.woolworths.media/content/wowproductimages/medium/717631.jpg,2020-09-21 17:27:05,Average product rating out of 5: 4.6. Product score is based on 274 ratings,274,Was $9.99 09/01/2017,True
7b6e8c7c-aa9d-4c93-baf4-dc59ed6b38c1,Woolworths Supermarket,Pantry,Cobram Estate Extra Virgin Light Olive Oil 750ml,345955,$15.00,$2.00 / 100ML,https://www.woolworths.com.au/shop/productdetails/345955/cobram-estate-extra-virgin-light-olive-oil,https://cdn0.woolworths.media/content/wowproductimages/medium/345955.jpg,2020-09-21 17:27:05,,0,,True
0728f4a5-998d-4b41-a0be-ec3637b77b96,Woolworths Supermarket,Pantry,Woolworths Rolled Traditional Oats 750g,321220,$1.40,$0.19 / 100G,https://www.woolworths.com.au/shop/productdetails/321220/woolworths-rolled-traditional-oats,https://cdn0.woolworths.media/content/wowproductimages/medium/321220.jpg,2020-09-21 17:27:05,Average product rating out of 5: 4.6. Product score is based on 748 ratings,748,,True
73ad5cb3-ea3d-442f-ba72-a21026c8d361,Woolworths Supermarket,Pantry,Bertolli Organic Extra Virgin Olive Oil Fruity Taste 1l,744989,$18.00,$1.80 / 100ML,https://www.woolworths.com.au/shop/productdetails/744989/bertolli-organic-extra-virgin-olive-oil-fruity-taste,https://cdn0.woolworths.media/content/wowproductimages/medium/744989.jpg,2020-09-21 17:27:05,,0,,True
e5946c35-76d1-40f1-a11b-433add3987c1,Woolworths Supermarket,Pantry,Woolworths Large Pasta Shells 500g,745386,$1.20,$0.24 / 100G,https://www.woolworths.com.au/shop/productdetails/745386/woolworths-large-pasta-shells,https://cdn0.woolworths.media/content/wowproductimages/medium/745386.jpg,2020-09-21 17:27:05,Average product rating out of 5: 4.5. Product score is based on 411 ratings,411,,True
28ddc749-a97c-4b08-a270-1d90e891e5f6,Woolworths Supermarket,Pantry,Wai Wai Bihoon Rice Vermicelli 10x50g,745435,$2.75,$0.55 / 100G,https://www.woolworths.com.au/shop/productdetails/745435/wai-wai-bihoon-rice-vermicelli,https://cdn0.woolworths.media/content/wowproductimages/medium/745435.jpg,2020-09-21 17:27:05,,0,,True
94adca65-0f17-4964-8a82-622d11988d25,Woolworths Supermarket,Pantry,Bertolli Extra Light Olive Oil Spray 132g,745620,$5.00,$3.79 / 100G,https://www.woolworths.com.au/shop/productdetails/745620/bertolli-extra-light-olive-oil-spray,https://cdn0.woolworths.media/content/wowproductimages/medium/745620.jpg,2020-09-21 17:27:05,,0,,True
904a39f4-cacf-4ee5-94b1-486f00b29895,Woolworths Supermarket,Pantry,Woolworths Liquorice Twists Black 300g,745959,$2.00,$0.67 / 100G,https://www.woolworths.com.au/shop/productdetails/745959/woolworths-liquorice-twists-black,https://cdn0.woolworths.media/content/wowproductimages/medium/745959.jpg,2020-09-21 17:27:05,,0,,True
c3a6c2c5-2e3d-4be9-a1a8-a1600e98d353,Woolworths Supermarket,Pantry,Woolworths Liquorice Twists Strawberry Flavoured 300g,745960,$2.00,$0.67 / 100G,https://www.woolworths.com.au/shop/productdetails/745960/woolworths-liquorice-twists-strawberry-flavoured,https://cdn0.woolworths.media/content/wowproductimages/medium/745960.jpg,2020-09-21 17:27:05,,0,,True
38d9ad69-95ba-421a-b6ad-4a4f32b34c5a,Woolworths Supermarket,Pantry,Woolworths Chocolate Coated Honeycomb 400g bag,745976,$3.00,$0.75 / 100G,https://www.woolworths.com.au/shop/productdetails/745976/woolworths-chocolate-coated-honeycomb,https://cdn0.woolworths.media/content/wowproductimages/medium/745976.jpg,2020-09-21 17:27:05,Average product rating out of 5: 4.3. Product score is based on 681 ratings,681,,True
6949b645-d126-46c5-88a9-d6ee58945556,Woolworths Supermarket,Pantry,The Natural Confectionery Co. Sour Patch Kids 520g,746461,$5.00,$0.96 / 100G,https://www.woolworths.com.au/shop/productdetails/746461/the-natural-confectionery-co-sour-patch-kids,https://cdn0.woolworths.media/content/wowproductimages/medium/746461.jpg,2020-09-21 17:27:05,,0,Was $6.00 28/09/2017,True
bfb5789c-dff7-450f-a4c3-291323202c9f,Woolworths Supermarket,Pantry,Twinkle Sprinkle Cupcake Mix Shimmer Powder Light 24g,746488,$6.50,$27.08 / 100G,https://www.woolworths.com.au/shop/productdetails/746488/twinkle-sprinkle-cupcake-mix-shimmer-powder-light,https://cdn0.woolworths.media/content/wowproductimages/medium/746488.jpg,2020-09-21 17:27:05,,0,,True
673b9bae-1bbb-439b-95c0-cad4456ddad2,Woolworths Supermarket,Pantry,Real Foods Corn Thins Tasty Cheese 125g,747180,$2.00,$1.60 / 100G,https://www.woolworths.com.au/shop/productdetails/747180/real-foods-corn-thins-tasty-cheese,https://cdn0.woolworths.media/content/wowproductimages/medium/747180.jpg,2020-09-21 17:27:05,,0,,True
5cb0e182-64df-4dac-82f1-4d7ebeebf8b8,Woolworths Supermarket,Pantry,Queen Jel-it-in Vegetarian Gelling Powder 8x8 64g,747239,$4.00,$6.25 / 100G,https://www.woolworths.com.au/shop/productdetails/747239/queen-jel-it-in-vegetarian-gelling-powder-8x8,https://cdn0.woolworths.media/content/wowproductimages/medium/747239.jpg,2020-09-21 17:27:05,,0,,True
6cc52c21-15b8-4f26-b346-17911b535fd7,Woolworths Supermarket,Pantry,Cadbury Dairy Milk Chocolate Gift Box 220g,747315,$8.00,$3.64 / 100G,https://www.woolworths.com.au/shop/productdetails/747315/cadbury-dairy-milk-chocolate-gift-box,https://cdn0.woolworths.media/content/wowproductimages/medium/747315.jpg,2020-09-21 17:27:05,,0,,True
cfe41088-13d3-4f82-ad42-4a4dbf41caa7,Woolworths Supermarket,Pantry,Cadbury Roses Chocolate Gift Pouch 150g,747316,$5.00,$3.33 / 100G,https://www.woolworths.com.au/shop/productdetails/747316/cadbury-roses-chocolate-gift-pouch,https://cdn0.woolworths.media/content/wowproductimages/medium/747316.jpg,2020-09-21 17:27:05,,0,,True
3e86d89e-779f-4be7-b7c9-2481635ec7f8,Woolworths Supermarket,Pantry,Maggi Marketplace Sweet Chilli & Lemongrass Recipe Mix 150g,748317,$3.00,$2.00 / 100G,https://www.woolworths.com.au/shop/productdetails/748317/maggi-marketplace-sweet-chilli-lemongrass-recipe-mix,https://cdn0.woolworths.media/content/wowproductimages/medium/748317.jpg,2020-09-21 17:27:05,,0,,True
11ffbd8c-00cc-4f9f-a488-3c54d0249a34,Woolworths Supermarket,Pantry,Maggi Teriyaki & Sesame Chicken Stir Fry 150g,748338,$3.00,$2.00 / 100G,https://www.woolworths.com.au/shop/productdetails/748338/maggi-teriyaki-sesame-chicken-stir-fry,https://cdn0.woolworths.media/content/wowproductimages/medium/748338.jpg,2020-09-21 17:27:05,,0,,True
ba3eee68-d92a-42bf-a548-7fc5387378d5,Woolworths Supermarket,Pantry,Maggi Stir Fry Creations Chinese Five Spice & Soy Beef 150g,748353,$3.00,$2.00 / 100G,https://www.woolworths.com.au/shop/productdetails/748353/maggi-stir-fry-creations-chinese-five-spice-soy-beef,https://cdn0.woolworths.media/content/wowproductimages/medium/748353.jpg,2020-09-21 17:27:05,,0,,True
4d2c8f92-a1fe-4d54-9c9a-b98a00e7dd37,Woolworths Supermarket,Pantry,"Maggi Stir Fry Creations Honey, Soy & Garlic Chicken 150g",748363,$3.00,$2.00 / 100G,https://www.woolworths.com.au/shop/productdetails/748363/maggi-stir-fry-creations-honey-soy-garlic-chicken,https://cdn0.woolworths.media/content/wowproductimages/medium/748363.jpg,2020-09-21 17:27:05,,0,,True
1333b19b-067e-475b-9e1e-cac04e6fa071,Woolworths Supermarket,Pantry,Bega Peanut Butter No Added Sugar Or Salt Crunchy 325g,748414,$4.25,$1.31 / 100G,https://www.woolworths.com.au/shop/productdetails/748414/bega-peanut-butter-no-added-sugar-or-salt-crunchy,https://cdn0.woolworths.media/content/wowproductimages/medium/748414.jpg,2020-09-21 17:27:05,,0,,True
49f0a988-5573-48aa-911c-7c3db7b1ff5f,Woolworths Supermarket,Pantry,Bega Peanut Butter No Added Sugar Or Salt Smooth 325g,748501,$4.25,$1.31 / 100G,https://www.woolworths.com.au/shop/productdetails/748501/bega-peanut-butter-no-added-sugar-or-salt-smooth,https://cdn0.woolworths.media/content/wowproductimages/medium/748501.jpg,2020-09-21 17:27:05,,0,,True
c22ad916-7e5e-4997-8dbd-271e4118306c,Woolworths Supermarket,Pantry,Arnott's Tim Tam Family Pack 330g,748855,$3.60,$1.09 / 100G,https://www.woolworths.com.au/shop/productdetails/748855/arnott-s-tim-tam-family-pack,https://cdn0.woolworths.media/content/wowproductimages/medium/748855.jpg,2020-09-21 17:27:05,,0,Was $4.19 01/08/16,True
5d7c150c-c2ed-4ac9-a9b3-4032951cb6f7,Woolworths Supermarket,Pantry,Woolworths Tomato Paste Sachet 4 pack,748896,$2.00,$1.00 / 100G,https://www.woolworths.com.au/shop/productdetails/748896/woolworths-tomato-paste-sachet,https://cdn0.woolworths.media/content/wowproductimages/medium/748896.jpg,2020-09-21 17:27:05,,0,,True
b4045efe-a3cd-4c84-88f6-9b671f077e74,Woolworths Supermarket,Pantry,Woolworths Mild American Mustard 250g,748932,$2.00,$0.80 / 100G,https://www.woolworths.com.au/shop/productdetails/748932/woolworths-mild-american-mustard,https://cdn0.woolworths.media/content/wowproductimages/medium/748932.jpg,2020-09-21 17:27:05,Average product rating out of 5: 4.3. Product score is based on 504 ratings,504,Was 2.39 09/07/2017,True
47e1c112-28bd-45dc-bd56-00d47c0a5564,Woolworths Supermarket,Pantry,Arnott's Mint Slice Family Pack 337g,748991,$3.60,$1.07 / 100G,https://www.woolworths.com.au/shop/productdetails/748991/arnott-s-mint-slice-family-pack,https://cdn0.woolworths.media/content/wowproductimages/medium/748991.jpg,2020-09-21 17:27:05,,0,Was $4.19 01/08/16,True
7db7dbfe-3daa-4941-8d6e-20fe2d716dc1,Woolworths Supermarket,Pantry,Woolworths The King Of Chunky Chocolate Chip Cookies 310g,749164,$3.50,$1.13 / 100G,https://www.woolworths.com.au/shop/productdetails/749164/woolworths-the-king-of-chunky-chocolate-chip-cookies,https://cdn0.woolworths.media/content/wowproductimages/medium/749164.jpg,2020-09-21 17:27:05,Average product rating out of 5: 4.4. Product score is based on 1257 ratings,1257,Was $3.99 30/10/2017,True
44b75f88-e7b3-4d49-bc58-caab22cf2d72,Woolworths Supermarket,Pantry,Sunbites Grain Waves Sour Cream & Chives 5 pack,720220,$3.10,$2.82 / 100G,https://www.woolworths.com.au/shop/productdetails/720220/sunbites-grain-waves-sour-cream-chives,https://cdn0.woolworths.media/content/wowproductimages/medium/720220.jpg,2020-09-21 17:27:05,,0,2 for $5.00,True
a1de1d1f-cf5a-4004-be29-1663b350cf42,Woolworths Supermarket,Pantry,Woolworths Rolled Traditional Oats 750g,321220,$1.40,$0.19 / 100G,https://www.woolworths.com.au/shop/productdetails/321220/woolworths-rolled-traditional-oats,https://cdn0.woolworths.media/content/wowproductimages/medium/321220.jpg,2020-09-21 17:27:05,Average product rating out of 5: 4.6. Product score is based on 748 ratings,748,,True
6981575b-2bfb-4fc4-8c69-9d2a4f3c01a8,Woolworths Supermarket,Pantry,Cobram Estate Extra Virgin Light Olive Oil 750ml,345955,$15.00,$2.00 / 100ML,https://www.woolworths.com.au/shop/productdetails/345955/cobram-estate-extra-virgin-light-olive-oil,https://cdn0.woolworths.media/content/wowproductimages/medium/345955.jpg,2020-09-21 17:27:05,,0,,True
ef5090f5-0736-4b14-8cb5-907ee58c369e,Woolworths Supermarket,Pantry,Macro Organic Quinoa Tri Colour 500g,717631,$7.00,$1.40 / 100G,https://www.woolworths.com.au/shop/productdetails/717631/macro-organic-quinoa-tri-colour,https://cdn0.woolworths.media/content/wowproductimages/medium/717631.jpg,2020-09-21 17:27:05,Average product rating out of 5: 4.6. Product score is based on 274 ratings,274,Was $9.99 09/01/2017,True
288696e5-2f6d-41c7-a6a0-53e30a2e2da0,Woolworths Supermarket,Pantry,Mckenzie's Himalayan Salt Rock Pink 400g,749926,$5.95,$0.15 / 10G,https://www.woolworths.com.au/shop/productdetails/749926/mckenzie-s-himalayan-salt-rock-pink,https://cdn0.woolworths.media/content/wowproductimages/medium/749926.jpg,2020-09-21 17:27:05,,0,,True
65ca4279-3551-4fc5-b27a-63fb92895e01,Woolworths Supermarket,Pantry,Woolworths Almond Meal 400g,610610,$7.50,$18.75 / 1KG,https://www.woolworths.com.au/shop/productdetails/610610/woolworths-almond-meal,https://cdn0.woolworths.media/content/wowproductimages/medium/610610.jpg,2020-09-21 17:27:05,Average product rating out of 5: 4.6. Product score is based on 326 ratings,326,Was $9.00 22/07/2020,True
1dc7a1c0-e512-4c6f-9699-249309a4ec1e,Woolworths Supermarket,Pantry,Bertolli Extra Virgin Olive Oil Originale 750ml,502951,$6.50,$0.87 / 100ML,https://www.woolworths.com.au/shop/productdetails/502951/bertolli-extra-virgin-olive-oil-originale,https://cdn0.woolworths.media/content/wowproductimages/medium/502951.jpg,2020-09-21 17:27:05,,0,,True
a59d398f-4f1a-4ff8-a49e-97316d7921cc,Woolworths Supermarket,Pantry,Queen Organic Vanilla Bean Paste 65g,225399,$11.80,$18.15 / 100G,https://www.woolworths.com.au/shop/productdetails/225399/queen-organic-vanilla-bean-paste,https://cdn0.woolworths.media/content/wowproductimages/medium/225399.jpg,2020-09-21 17:27:05,,0,,True
6ca5ee75-eeed-4f21-86df-f0d3a4263ca0,Woolworths Supermarket,Pantry,Arnott's Monte Carlo 250g,036031,$3.00,$1.20 / 100G,https://www.woolworths.com.au/shop/productdetails/36031/arnott-s-monte-carlo,https://cdn0.woolworths.media/content/wowproductimages/medium/036031.jpg,2020-09-21 17:27:05,,0,,True
1edc25d0-d16b-4db1-8241-ac871bb410e9,Woolworths Supermarket,Pantry,Beechworth Pure Honey 1.5kg,250371,$22.00,$1.47 / 100G,https://www.woolworths.com.au/shop/productdetails/250371/beechworth-pure-honey,https://cdn0.woolworths.media/content/wowproductimages/medium/250371.jpg,2020-09-21 17:27:05,,0,,True
e7a4bb9b-4369-48b0-9339-cdd06b4cc4f3,Woolworths Supermarket,Pantry,Vege Chips Chicken Style 100g,793382,$3.80,$3.80 / 100G,https://www.woolworths.com.au/shop/productdetails/793382/vege-chips-chicken-style,https://cdn0.woolworths.media/content/wowproductimages/medium/793382.jpg,2020-09-21 17:27:05,Average product rating out of 5: 4.7. Product score is based on 20 ratings,20,,True
7b514493-dc8f-4df0-acac-068821f42d0b,Woolworths Supermarket,Pantry,Nescafe Blend 43 Soluble Instant Coffee 500g,035694,$20.00,$4.00 / 100G,https://www.woolworths.com.au/shop/productdetails/35694/nescafe-blend-43-soluble-instant-coffee,https://cdn0.woolworths.media/content/wowproductimages/medium/035694.jpg,2020-09-21 17:27:05,,0,,True
68386bcc-5de0-43ea-b256-f923ec94c11c,Woolworths Supermarket,Pantry,Cadbury Dairy Milk Chocolate Fair Trade 350g,757883,$5.00,$1.43 / 100G,https://www.woolworths.com.au/shop/productdetails/757883/cadbury-dairy-milk-chocolate-fair-trade,https://cdn0.woolworths.media/content/wowproductimages/medium/757883.jpg,2020-09-21 17:27:05,,0,Was $6.30 16/01/2017,True
210159ba-bd38-4bfe-a127-503466e737fd,Woolworths Supermarket,Pantry,Continental Cup A Soup Creamy Chicken With Lots Of Noodles 2 pack,026649,$2.00,$3.33 / 100G,https://www.woolworths.com.au/shop/productdetails/26649/continental-cup-a-soup-creamy-chicken-with-lots-of-noodles,https://cdn0.woolworths.media/content/wowproductimages/medium/026649.jpg,2020-09-21 17:27:05,,0,,True
fbf8bdb4-3edc-44a7-abcd-2f8b9fe5f835,Woolworths Supermarket,Pantry,Woolworths Diced Italian Tomatoes No Added Salt 400g,770320,$0.80,$2.00 / 1KG,https://www.woolworths.com.au/shop/productdetails/770320/woolworths-diced-italian-tomatoes-no-added-salt,https://cdn0.woolworths.media/content/wowproductimages/medium/770320.jpg,2020-09-21 17:27:05,Average product rating out of 5: 4.7. Product score is based on 311 ratings,311,,True
6aadad71-8207-4345-93e8-96e4a6b53e2b,Woolworths Supermarket,Pantry,Moccona Freeze Dried Instant Coffee Classic Medium Roast 400g,208575,$24.00,$6.00 / 100G,https://www.woolworths.com.au/shop/productdetails/208575/moccona-freeze-dried-instant-coffee-classic-medium-roast,https://cdn0.woolworths.media/content/wowproductimages/medium/208575.jpg,2020-09-21 17:27:05,,0,,True
96da615d-abfe-46b4-9ce0-d0b893eb76d4,Woolworths Supermarket,Pantry,Woolworths Walnuts Kernel 500g,749540,$11.00,$22.00 / 1KG,https://www.woolworths.com.au/shop/productdetails/749540/woolworths-walnuts-kernel,https://cdn0.woolworths.media/content/wowproductimages/medium/749540.jpg,2020-09-21 17:27:05,Average product rating out of 5: 4.8. Product score is based on 360 ratings,360,,True
b751f5c7-3626-4432-9cb5-fc0155c29473,Woolworths Supermarket,Pantry,Woolworths White Rice Long Grain 5kg,072779,$6.70,$0.13 / 100G,https://www.woolworths.com.au/shop/productdetails/72779/woolworths-white-rice-long-grain,https://cdn0.woolworths.media/content/wowproductimages/medium/072779.jpg,2020-09-21 17:27:05,Average product rating out of 5: 4.8. Product score is based on 14 ratings,14,,True
4f88b917-12bb-4409-a781-c440ce70c61a,Woolworths Supermarket,Pantry,Ritz Crackers Original 300g,660562,$2.50,$0.83 / 100G,https://www.woolworths.com.au/shop/productdetails/660562/ritz-crackers-original,https://cdn0.woolworths.media/content/wowproductimages/medium/660562.jpg,2020-09-21 17:27:05,,0,,True
0b68f178-e48e-493c-94e7-802831bd64fc,Woolworths Supermarket,Pantry,Sanitarium Weet-bix Breakfast Cereal 1.2kg,200695,$5.00,$0.42 / 100G,https://www.woolworths.com.au/shop/productdetails/200695/sanitarium-weet-bix-breakfast-cereal,https://cdn0.woolworths.media/content/wowproductimages/medium/200695.jpg,2020-09-21 17:27:05,,0,,True
16f01405-b784-4374-9693-484d7edd631b,Woolworths Supermarket,Pantry,Pressed Purity Macadamia Oil 250ml,749392,$5.00,$2.00 / 100ML,https://www.woolworths.com.au/shop/productdetails/749392/pressed-purity-macadamia-oil,https://cdn0.woolworths.media/content/wowproductimages/medium/749392.jpg,2020-09-21 17:27:05,,0,,True
2f27c7f5-1068-4534-a63b-9094d5d18322,Woolworths Supermarket,Pantry,Woolworths Walnuts Kernel 500g,749540,$11.00,$22.00 / 1KG,https://www.woolworths.com.au/shop/productdetails/749540/woolworths-walnuts-kernel,https://cdn0.woolworths.media/content/wowproductimages/medium/749540.jpg,2020-09-21 17:27:05,Average product rating out of 5: 4.8. Product score is based on 360 ratings,360,,True
f76226d4-001f-48ce-a6d1-2135f1c863f1,Woolworths Supermarket,Pantry,Campbell's Real Stock Fish 500ml,749857,$2.29,$0.46 / 100ML,https://www.woolworths.com.au/shop/productdetails/749857/campbell-s-real-stock-fish,https://cdn0.woolworths.media/content/wowproductimages/medium/749857.jpg,2020-09-21 17:27:05,,0,,True
2bf3490d-defa-4090-b636-d251b570e9c9,Woolworths Supermarket,Pantry,Campbell's Real Chicken Stock 250ml,749870,$1.65,$0.66 / 100ML,https://www.woolworths.com.au/shop/productdetails/749870/campbell-s-real-chicken-stock,https://cdn0.woolworths.media/content/wowproductimages/medium/749870.jpg,2020-09-21 17:27:05,,0,,True
9b4372e0-c95d-4dfb-8c5a-99ae52ee85c3,Woolworths Supermarket,Pantry,Campbell's Real Beef Stock 250ml,749885,$1.65,$0.66 / 100ML,https://www.woolworths.com.au/shop/productdetails/749885/campbell-s-real-beef-stock,https://cdn0.woolworths.media/content/wowproductimages/medium/749885.jpg,2020-09-21 17:27:05,,0,,True
77aac9b9-4bd7-4383-aad1-0094dd027c72,Woolworths Supermarket,Pantry,Mckenzie's Himalayan Salt Rock Pink 400g,749926,$5.95,$0.15 / 10G,https://www.woolworths.com.au/shop/productdetails/749926/mckenzie-s-himalayan-salt-rock-pink,https://cdn0.woolworths.media/content/wowproductimages/medium/749926.jpg,2020-09-21 17:27:05,,0,,True
4b8c9418-03ae-4ff7-82d2-ef244b6a7dc9,Woolworths Supermarket,Pantry,Sunrice Brown Rice 5kg,750029,$16.00,$0.32 / 100G,https://www.woolworths.com.au/shop/productdetails/750029/sunrice-brown-rice,https://cdn0.woolworths.media/content/wowproductimages/medium/750029.jpg,2020-09-21 17:27:05,,0,,True
f4000439-a90d-41e7-8c32-8516f5d032c7,Woolworths Supermarket,Pantry,Sanitarium Up&go Protein Energize Vanilla 250ml x6 pack,750079,$9.00,$6.00 / 1L,https://www.woolworths.com.au/shop/productdetails/750079/sanitarium-up-go-protein-energize-vanilla,https://cdn0.woolworths.media/content/wowproductimages/medium/750079.jpg,2020-09-21 17:27:05,,0,,True
e502397a-7128-4380-af13-c83e8b34d2c7,Woolworths Supermarket,Pantry,Mama Bowl Noodles Pho Bo Beef each,750089,$3.65,$5.62 / 100G,https://www.woolworths.com.au/shop/productdetails/750089/mama-bowl-noodles-pho-bo-beef,https://cdn0.woolworths.media/content/wowproductimages/medium/750089.jpg,2020-09-21 17:27:05,,0,,True
44209be0-9371-4a4c-a395-faf3aac2a1af,Woolworths Supermarket,Pantry,Sanitarium Up&go Protein Energize Coffee 250ml x6 pack,750104,$9.00,$6.00 / 1L,https://www.woolworths.com.au/shop/productdetails/750104/sanitarium-up-go-protein-energize-coffee,https://cdn0.woolworths.media/content/wowproductimages/medium/750104.jpg,2020-09-21 17:27:05,,0,,True
f1a88e54-a0d1-470a-bffb-bdc0ee4728c6,Woolworths Supermarket,Pantry,Taylors Of Harrogate Yorkshire Tea Bags 100 pack,750176,$5.00,$0.05 / 1EA,https://www.woolworths.com.au/shop/productdetails/750176/taylors-of-harrogate-yorkshire-tea-bags,https://cdn0.woolworths.media/content/wowproductimages/medium/750176.jpg,2020-09-21 17:27:05,,0,,True
255fa6b0-4ec1-4fac-82ca-9fad2a16c2ed,Woolworths Supermarket,Pantry,Woolworths Rice Crackers Purple Sweet Potato 100g,750199,$1.40,$1.40 / 100G,https://www.woolworths.com.au/shop/productdetails/750199/woolworths-rice-crackers-purple-sweet-potato,https://cdn0.woolworths.media/content/wowproductimages/medium/750199.jpg,2020-09-21 17:27:05,,0,,True
1b6d3d2a-4251-4b36-8d2e-81f60073f82e,Woolworths Supermarket,Pantry,La Zuppa Soup Pouch Roasted Pumpkin 540g,750315,$4.40,$0.81 / 100G,https://www.woolworths.com.au/shop/productdetails/750315/la-zuppa-soup-pouch-roasted-pumpkin,https://cdn0.woolworths.media/content/wowproductimages/medium/750315.jpg,2020-09-21 17:27:05,,0,,True
ff304634-b145-4075-848c-823704791be5,Woolworths Supermarket,Pantry,Heinz Soup Of The Day Buttercup Pumpkin & Veg 430g,750320,$3.00,$0.70 / 100G,https://www.woolworths.com.au/shop/productdetails/750320/heinz-soup-of-the-day-buttercup-pumpkin-veg,https://cdn0.woolworths.media/content/wowproductimages/medium/750320.jpg,2020-09-21 17:27:05,,0,Was $4.00 17/04/2017,True
021e8359-08d4-4ebb-af12-f80f1f257078,Woolworths Supermarket,Pantry,La Zuppa Soup Pouch Rustic Vegetable 540g,750394,$4.40,$0.81 / 100G,https://www.woolworths.com.au/shop/productdetails/750394/la-zuppa-soup-pouch-rustic-vegetable,https://cdn0.woolworths.media/content/wowproductimages/medium/750394.jpg,2020-09-21 17:27:05,,0,,True
3f2248c8-e1d2-4fc1-a42b-96dea64f6a61,Woolworths Supermarket,Pantry,La Zuppa Soup Pouch Tuscan Chicken & Vegetable 540g,750401,$4.40,$0.81 / 100G,https://www.woolworths.com.au/shop/productdetails/750401/la-zuppa-soup-pouch-tuscan-chicken-vegetable,https://cdn0.woolworths.media/content/wowproductimages/medium/750401.jpg,2020-09-21 17:27:05,,0,,True
b9ec3ea2-910a-4ce7-bfbd-84e9f64bf2d2,Woolworths Supermarket,Pantry,Twinings Vanilla Chai Tea 10 pack,750405,$2.70,$0.27 / 1EA,https://www.woolworths.com.au/shop/productdetails/750405/twinings-vanilla-chai-tea,https://cdn0.woolworths.media/content/wowproductimages/medium/750405.jpg,2020-09-21 17:27:05,,0,,True
025f27a4-807d-4898-8a2c-c43259e0797c,Woolworths Supermarket,Pantry,Heinz Classic Canned Soup Sweet Potato & Pumpkin 535g,750412,$2.50,$0.47 / 100G,https://www.woolworths.com.au/shop/productdetails/750412/heinz-classic-canned-soup-sweet-potato-pumpkin,https://cdn0.woolworths.media/content/wowproductimages/medium/750412.jpg,2020-09-21 17:27:05,,0,Was $3.59 17/04/2017,True
924135ab-91ce-4c21-a010-568fb5db4f2f,Woolworths Supermarket,Pantry,Heinz Classic Canned Soup Hearty Vegetable 535g,750512,$2.50,$0.47 / 100G,https://www.woolworths.com.au/shop/productdetails/750512/heinz-classic-canned-soup-hearty-vegetable,https://cdn0.woolworths.media/content/wowproductimages/medium/750512.jpg,2020-09-21 17:27:05,,0,Was $3.59 17/04/2017,True
364aa068-6ef8-4973-a22d-d6b556439bd3,Woolworths Supermarket,Pantry,Heinz Soup Of The Day Pouch Old Fashion Chicken 430g,750514,$3.00,$0.70 / 100G,https://www.woolworths.com.au/shop/productdetails/750514/heinz-soup-of-the-day-pouch-old-fashion-chicken,https://cdn0.woolworths.media/content/wowproductimages/medium/750514.jpg,2020-09-21 17:27:05,,0,Was $4.00 17/04/2017,True
4bf00c9d-e384-40ff-92ed-56e8b10f7df5,Woolworths Supermarket,Pantry,Heinz Soup Of The Day Pouch Mushroom With Thyme 430g,750522,$3.00,$0.70 / 100G,https://www.woolworths.com.au/shop/productdetails/750522/heinz-soup-of-the-day-pouch-mushroom-with-thyme,https://cdn0.woolworths.media/content/wowproductimages/medium/750522.jpg,2020-09-21 17:27:05,,0,Was $4.00 17/04/2017,True
fddffa44-8867-4415-9728-67ffb7b36909,Woolworths Supermarket,Pantry,Heinz Soup Of The Day Pouch Spicy Pumpkin 430g,750524,$3.00,$0.70 / 100G,https://www.woolworths.com.au/shop/productdetails/750524/heinz-soup-of-the-day-pouch-spicy-pumpkin,https://cdn0.woolworths.media/content/wowproductimages/medium/750524.jpg,2020-09-21 17:27:05,,0,Was $4.00 17/04/2017,True
a3aceb5c-4a0d-4483-a20a-7af78db10e09,Woolworths Supermarket,Pantry,Heinz Soup Of The Day Pouch Tom Veg & Lentil 430g,750525,$3.00,$0.70 / 100G,https://www.woolworths.com.au/shop/productdetails/750525/heinz-soup-of-the-day-pouch-tom-veg-lentil,https://cdn0.woolworths.media/content/wowproductimages/medium/750525.jpg,2020-09-21 17:27:05,,0,Was $4.00 17/04/2017,True
817129bf-99aa-4e9d-9450-096ae5b23b0d,Woolworths Supermarket,Pantry,Woolworths Soya Crisps Chilli & Lime Snacks 400g pack,750533,$6.00,$15.00 / 1KG,https://www.woolworths.com.au/shop/productdetails/750533/woolworths-soya-crisps-chilli-lime-snacks,https://cdn0.woolworths.media/content/wowproductimages/medium/750533.jpg,2020-09-21 17:27:05,,0,,True
39d0796c-f9d2-423b-a14e-9e040d51b241,Woolworths Supermarket,Pantry,Masterfoods Barbecue Sauce 500ml,099696,$2.50,$0.50 / 100ML,https://www.woolworths.com.au/shop/productdetails/99696/masterfoods-barbecue-sauce,https://cdn0.woolworths.media/content/wowproductimages/medium/099696.jpg,2020-09-21 17:27:05,,0,,True
ea5f7189-2aeb-4077-8f44-4f012753e4f0,Woolworths Supermarket,Pantry,Doritos Share Pack Cheese Supreme 170g,826731,$2.75,$1.62 / 100G,https://www.woolworths.com.au/shop/productdetails/826731/doritos-share-pack-cheese-supreme,https://cdn0.woolworths.media/content/wowproductimages/medium/826731.jpg,2020-09-21 17:27:05,,0,,True
2fbce200-4d2b-4a3c-bde3-6923e52c4dce,Woolworths Supermarket,Pantry,Arnott's Shortbread 250g,008838,$2.50,$1.00 / 100G,https://www.woolworths.com.au/shop/productdetails/8838/arnott-s-shortbread,https://cdn0.woolworths.media/content/wowproductimages/medium/008838.jpg,2020-09-21 17:27:05,,0,,True
bfb7f5a4-ec12-4ed0-951d-1bc94fdbd7fc,Woolworths Supermarket,Pantry,Twisties Cheese Chips 90g,081659,$2.00,$2.22 / 100G,https://www.woolworths.com.au/shop/productdetails/81659/twisties-cheese-chips,https://cdn0.woolworths.media/content/wowproductimages/medium/081659.jpg,2020-09-21 17:27:05,,0,,True
8b254ed2-2163-4ee1-a7c1-65977321a01d,Woolworths Supermarket,Pantry,Bertolli Extra Virgin Olive Oil Originale 750ml,502951,$6.50,$0.87 / 100ML,https://www.woolworths.com.au/shop/productdetails/502951/bertolli-extra-virgin-olive-oil-originale,https://cdn0.woolworths.media/content/wowproductimages/medium/502951.jpg,2020-09-21 17:27:05,,0,,True
50e78f7d-0605-43eb-8946-872b4c4290c1,Woolworths Supermarket,Pantry,Valcom Canned Bamboo Shoots Sliced 225g,097730,$1.10,$4.89 / 1KG,https://www.woolworths.com.au/shop/productdetails/97730/valcom-canned-bamboo-shoots-sliced,https://cdn0.woolworths.media/content/wowproductimages/medium/097730.jpg,2020-09-21 17:27:05,,0,,True
cda17cec-2ca9-4751-b8c7-7606fdea46ab,Woolworths Supermarket,Pantry,Kellogg's Nutri-grain Protein Breakfast Cereal 290g,701706,$4.95,$1.71 / 100G,https://www.woolworths.com.au/shop/productdetails/701706/kellogg-s-nutri-grain-protein-breakfast-cereal,https://cdn0.woolworths.media/content/wowproductimages/medium/701706.jpg,2020-09-21 17:27:05,,0,,True
91f278c8-2d0a-4a80-9f1c-967c4b8b7889,Woolworths Supermarket,Pantry,Arnott's Malt O' Milk 250g,036036,$2.50,$1.00 / 100G,https://www.woolworths.com.au/shop/productdetails/36036/arnott-s-malt-o-milk,https://cdn0.woolworths.media/content/wowproductimages/medium/036036.jpg,2020-09-21 17:27:05,,0,,True
3fe6052f-109d-422e-bc0e-17d43e36c070,Woolworths Supermarket,Pantry,Smith's Share Pack Crinkle Cut Salt & Vinegar 170g,826738,$2.75,$1.62 / 100G,https://www.woolworths.com.au/shop/productdetails/826738/smith-s-share-pack-crinkle-cut-salt-vinegar,https://cdn0.woolworths.media/content/wowproductimages/medium/826738.jpg,2020-09-21 17:27:05,,0,,True
4e81d05e-1430-48cb-ae23-25b9da649e4c,Woolworths Supermarket,Pantry,Arnott's Snack Right Sultana 250g,182697,$3.00,$1.20 / 100G,https://www.woolworths.com.au/shop/productdetails/182697/arnott-s-snack-right-sultana,https://cdn0.woolworths.media/content/wowproductimages/medium/182697.jpg,2020-09-21 17:27:05,,0,Was $4.20 11/02/2019,True
9713ddcf-e07c-41b4-98a6-11e335c61d0c,Woolworths Supermarket,Pantry,Toblerone Milk Chocolate Bar 50g,047011,$1.00,$2.00 / 100G,https://www.woolworths.com.au/shop/productdetails/47011/toblerone-milk-chocolate-bar,https://cdn0.woolworths.media/content/wowproductimages/medium/047011.jpg,2020-09-21 17:27:05,,0,,True
84d1017a-dddc-4a50-809d-31994dce3b04,Woolworths Supermarket,Pantry,Kooka's Country Cookies Lemon 200g,347837,$2.00,$1.00 / 100G,https://www.woolworths.com.au/shop/productdetails/347837/kooka-s-country-cookies-lemon,https://cdn0.woolworths.media/content/wowproductimages/medium/347837.jpg,2020-09-21 17:27:05,,0,,True
295d3b77-0a65-4e1e-87dd-fc8be009ab88,Woolworths Supermarket,Pantry,Uncle Tobys Roll-ups Strawberry Fun Prints 6 pack,324231,$4.00,$4.26 / 100G,https://www.woolworths.com.au/shop/productdetails/324231/uncle-tobys-roll-ups-strawberry-fun-prints,https://cdn0.woolworths.media/content/wowproductimages/medium/324231.jpg,2020-09-21 17:27:05,,0,,True
24532b89-214f-4b0b-9ee2-8aa345b1ab2a,Woolworths Supermarket,Pantry,Woolworths Corn Sweet Kernels 420g,218926,$1.00,$2.38 / 1KG,https://www.woolworths.com.au/shop/productdetails/218926/woolworths-corn-sweet-kernels,https://cdn0.woolworths.media/content/wowproductimages/medium/218926.jpg,2020-09-21 17:27:05,Average product rating out of 5: 4.1. Product score is based on 215 ratings,215,,True
491b53ac-484c-4b62-a9e5-1d8bcf3658e4,Woolworths Supermarket,Pantry,Moccona Freeze Dried Instant Coffee Classic Medium Roast 400g,208575,$24.00,$6.00 / 100G,https://www.woolworths.com.au/shop/productdetails/208575/moccona-freeze-dried-instant-coffee-classic-medium-roast,https://cdn0.woolworths.media/content/wowproductimages/medium/208575.jpg,2020-09-21 17:27:05,,0,,True
644677d3-eb1e-4ade-855a-b7c47fef10c8,Woolworths Supermarket,Pantry,Macro Organic Quinoa Tri Colour 500g,717631,$7.00,$1.40 / 100G,https://www.woolworths.com.au/shop/productdetails/717631/macro-organic-quinoa-tri-colour,https://cdn0.woolworths.media/content/wowproductimages/medium/717631.jpg,2020-09-21 17:27:05,Average product rating out of 5: 4.6. Product score is based on 274 ratings,274,Was $9.99 09/01/2017,True
a94cd836-3d7f-47b1-8320-2665e511da88,Woolworths Supermarket,Pantry,Arnott's Shapes Cheddar 175g,384244,$2.50,$1.43 / 100G,https://www.woolworths.com.au/shop/productdetails/384244/arnott-s-shapes-cheddar,https://cdn0.woolworths.media/content/wowproductimages/medium/384244.jpg,2020-09-21 17:27:05,,0,,True
b86e81bf-5568-4b66-a372-807df1aaf21f,Woolworths Supermarket,Pantry,Uncle Ben's Microwave Mexican Style Brown Rice 250g,727257,$3.00,$1.20 / 100G,https://www.woolworths.com.au/shop/productdetails/727257/uncle-ben-s-microwave-mexican-style-brown-rice,https://cdn0.woolworths.media/content/wowproductimages/medium/727257.jpg,2020-09-21 17:27:05,,0,,True
a39f4022-879a-455f-b562-6e51d1b86d5e,Woolworths Supermarket,Pantry,Pringles Sour Cream And Onion Chips 134g,479502,$2.50,$1.87 / 100G,https://www.woolworths.com.au/shop/productdetails/479502/pringles-sour-cream-and-onion-chips,https://cdn0.woolworths.media/content/wowproductimages/medium/479502.jpg,2020-09-21 17:27:05,,0,,True
3caaa921-931b-41be-a260-9f13e53bfe0f,Woolworths Supermarket,Pantry,Woolworths Soya Crisps Snacks 400g pack,750543,$6.00,$15.00 / 1KG,https://www.woolworths.com.au/shop/productdetails/750543/woolworths-soya-crisps-snacks,https://cdn0.woolworths.media/content/wowproductimages/medium/750543.jpg,2020-09-21 17:27:05,Average product rating out of 5: 4.4. Product score is based on 187 ratings,187,,True
4fced25e-e9c1-457f-94f5-3185dc55905b,Woolworths Supermarket,Pantry,Woolworths Canola Oil 750ml,750736,$2.50,$0.33 / 100ML,https://www.woolworths.com.au/shop/productdetails/750736/woolworths-canola-oil,https://cdn0.woolworths.media/content/wowproductimages/medium/750736.jpg,2020-09-21 17:27:05,Average product rating out of 5: 4.3. Product score is based on 588 ratings,588,,True
aa96adc3-6366-4230-8141-f9ca8e977241,Woolworths Supermarket,Pantry,Woolworths Vegetable Oil 750ml,750738,$2.50,$0.33 / 100ML,https://www.woolworths.com.au/shop/productdetails/750738/woolworths-vegetable-oil,https://cdn0.woolworths.media/content/wowproductimages/medium/750738.jpg,2020-09-21 17:27:05,Average product rating out of 5: 4.4. Product score is based on 282 ratings,282,,True
45a81d2c-d45e-4dce-a739-d1963c768455,Woolworths Supermarket,Pantry,Woolworths Canola Oil 2l,750739,$4.75,$0.24 / 100ML,https://www.woolworths.com.au/shop/productdetails/750739/woolworths-canola-oil,https://cdn0.woolworths.media/content/wowproductimages/medium/750739.jpg,2020-09-21 17:27:05,,0,,True
4c51a3d4-e263-4cdb-a6d8-10f344e18d1f,Woolworths Supermarket,Pantry,Woolworths Vegetable Oil 2l,750772,$4.75,$0.24 / 100ML,https://www.woolworths.com.au/shop/productdetails/750772/woolworths-vegetable-oil,https://cdn0.woolworths.media/content/wowproductimages/medium/750772.jpg,2020-09-21 17:27:05,,0,,True
2b409741-7bba-470f-a0c4-87d93a37199b,Woolworths Supermarket,Pantry,Tasti Protein Bar Nutty Choc 200g,750825,$4.80,$2.40 / 100G,https://www.woolworths.com.au/shop/productdetails/750825/tasti-protein-bar-nutty-choc,https://cdn0.woolworths.media/content/wowproductimages/medium/750825.jpg,2020-09-21 17:27:05,,0,,True
8178f178-644b-4fa6-b1a6-b883c2d7c235,Woolworths Supermarket,Pantry,Health Lab Salted Caramel Protein Ball 40g,750969,$2.80,$7.00 / 100G,https://www.woolworths.com.au/shop/productdetails/750969/health-lab-salted-caramel-protein-ball,https://cdn0.woolworths.media/content/wowproductimages/medium/750969.jpg,2020-09-21 17:27:05,Average product rating out of 5: 4.8. Product score is based on 6 ratings,6,,True
023d9ca7-f08a-43a8-9652-52a752ae6dc6,Woolworths Supermarket,Pantry,Woolworths Hiker's Trail Mix 400g,751006,$7.00,$17.50 / 1KG,https://www.woolworths.com.au/shop/productdetails/751006/woolworths-hiker-s-trail-mix,https://cdn0.woolworths.media/content/wowproductimages/medium/751006.jpg,2020-09-21 17:27:05,,0,,True
91623713-f0b9-4092-bb94-b06613c41214,Woolworths Supermarket,Pantry,Health Lab Thrive Choc Protein Ball 40g,751095,$2.80,$7.00 / 100G,https://www.woolworths.com.au/shop/productdetails/751095/health-lab-thrive-choc-protein-ball,https://cdn0.woolworths.media/content/wowproductimages/medium/751095.jpg,2020-09-21 17:27:05,Average product rating out of 5: 3.7. Product score is based on 3 ratings,3,,True
9e6c257d-8269-43b2-86e3-1752390d2bc7,Woolworths Supermarket,Pantry,Bega Dark Roast Crunchy Peanut Butter 470g,751153,$5.90,$1.26 / 100G,https://www.woolworths.com.au/shop/productdetails/751153/bega-dark-roast-crunchy-peanut-butter,https://cdn0.woolworths.media/content/wowproductimages/medium/751153.jpg,2020-09-21 17:27:05,,0,,True
831caabe-04c4-4eb7-839c-efe39fb8a3af,Woolworths Supermarket,Pantry,Bega Dark Roast Smooth Peanut Butter 470g,751160,$5.90,$1.26 / 100G,https://www.woolworths.com.au/shop/productdetails/751160/bega-dark-roast-smooth-peanut-butter,https://cdn0.woolworths.media/content/wowproductimages/medium/751160.jpg,2020-09-21 17:27:05,,0,,True
9f08b458-beb2-466b-8e07-d445ea2da110,Woolworths Supermarket,Pantry,Uncle Tobys Cheerios 580g,751277,$5.00,$0.86 / 100G,https://www.woolworths.com.au/shop/productdetails/751277/uncle-tobys-cheerios,https://cdn0.woolworths.media/content/wowproductimages/medium/751277.jpg,2020-09-21 17:27:05,,0,Was $6.29 29/05/2017,True
daaa325a-84fd-4cdb-a9cf-e352a4d436ba,Woolworths Supermarket,Pantry,Woolworths Beetroot Sliced 425g,751321,$1.30,$3.06 / 1KG,https://www.woolworths.com.au/shop/productdetails/751321/woolworths-beetroot-sliced,https://cdn0.woolworths.media/content/wowproductimages/medium/751321.jpg,2020-09-21 17:27:05,Average product rating out of 5: 4.6. Product score is based on 529 ratings,529,,True
b07de2e7-b47e-49a3-8ac0-e6dc53282e51,Woolworths Supermarket,Pantry,Macro Organic Virgin Coconut Oil 300g,751353,$4.40,$1.47 / 100G,https://www.woolworths.com.au/shop/productdetails/751353/macro-organic-virgin-coconut-oil,https://cdn0.woolworths.media/content/wowproductimages/medium/751353.jpg,2020-09-21 17:27:05,Average product rating out of 5: 4.8. Product score is based on 49 ratings,49,Was $5.00 26/11/2018,True
197dc66a-433d-4b64-a1d6-9ed35aad6238,Woolworths Supermarket,Pantry,Table Of Plenty Mini Rice Snacks Triple Berry Yoghurt Cakes 60g,751382,$3.60,$6.00 / 100G,https://www.woolworths.com.au/shop/productdetails/751382/table-of-plenty-mini-rice-snacks-triple-berry-yoghurt-cakes,https://cdn0.woolworths.media/content/wowproductimages/medium/751382.jpg,2020-09-21 17:27:05,Average product rating out of 5: 4.8. Product score is based on 22 ratings,22,,True
a879da2c-4851-4492-a18b-a8d05cb25614,Woolworths Supermarket,Pantry,Go Natural Fruit Snacks Frugos Berry 150g,751442,$2.90,$1.93 / 100G,https://www.woolworths.com.au/shop/productdetails/751442/go-natural-fruit-snacks-frugos-berry,https://cdn0.woolworths.media/content/wowproductimages/medium/751442.jpg,2020-09-21 17:27:05,Average product rating out of 5: 4.9. Product score is based on 7 ratings,7,,True
c2297a1c-8753-4520-aa53-1a6562652ea2,Woolworths Supermarket,Pantry,M&m's Chocolate Medium Party Share Bag 12 Piece 162g,752016,$5.00,$3.09 / 100G,https://www.woolworths.com.au/shop/productdetails/752016/m-m-s-chocolate-medium-party-share-bag-12-piece,https://cdn0.woolworths.media/content/wowproductimages/medium/752016.jpg,2020-09-21 17:27:05,,0,,True
61df7b40-3923-4e3f-8dd8-aea2c8e092f0,Woolworths Supermarket,Pantry,Uncle Tobys Oats Quick Sachets Creamy Vanilla Porridge 420g,752331,$4.50,$1.07 / 100G,https://www.woolworths.com.au/shop/productdetails/752331/uncle-tobys-oats-quick-sachets-creamy-vanilla-porridge,https://cdn0.woolworths.media/content/wowproductimages/medium/752331.jpg,2020-09-21 17:27:05,,0,,True
f55ce048-75c3-44c4-b1be-955d5bd51b35,Woolworths Supermarket,Pantry,Uncle Tobys Oat Cups Honey Porridge 50g,752352,$1.80,$3.60 / 100G,https://www.woolworths.com.au/shop/productdetails/752352/uncle-tobys-oat-cups-honey-porridge,https://cdn0.woolworths.media/content/wowproductimages/medium/752352.jpg,2020-09-21 17:27:05,,0,,True
43f3bc72-346c-4af7-b33c-beb2df619276,Woolworths Supermarket,Pantry,Lucky Natural Pistachios 85g,753056,$6.70,$78.82 / 1KG,https://www.woolworths.com.au/shop/productdetails/753056/lucky-natural-pistachios,https://cdn0.woolworths.media/content/wowproductimages/medium/753056.jpg,2020-09-21 17:27:05,,0,,True
207ddd8c-9442-492a-8008-50e872ffa1b0,Woolworths Supermarket,Pantry,Woolworths Peach Slices In Juice 410g,753150,$2.00,$4.88 / 1KG,https://www.woolworths.com.au/shop/productdetails/753150/woolworths-peach-slices-in-juice,https://cdn0.woolworths.media/content/wowproductimages/medium/753150.jpg,2020-09-21 17:27:05,Average product rating out of 5: 4.6. Product score is based on 868 ratings,868,,True
3119961e-2037-42d4-930f-973217ac140f,Woolworths Supermarket,Pantry,Woolworths Apricot Halves In Juice Apricot 410g,753171,$2.00,$4.88 / 1KG,https://www.woolworths.com.au/shop/productdetails/753171/woolworths-apricot-halves-in-juice-apricot,https://cdn0.woolworths.media/content/wowproductimages/medium/753171.jpg,2020-09-21 17:27:05,,0,,True
6dafb7ef-2b8d-4130-9557-7d827376d02a,Woolworths Supermarket,Pantry,Woolworths In Juice Sliced Pear 410g,753172,$2.00,$4.88 / 1KG,https://www.woolworths.com.au/shop/productdetails/753172/woolworths-in-juice-sliced-pear,https://cdn0.woolworths.media/content/wowproductimages/medium/753172.jpg,2020-09-21 17:27:05,,0,,True
7a0415d9-0eef-41b5-9f9e-18b8eddefde2,Woolworths Supermarket,Pantry,Woolworths Fruit Salad In Juice 410g,753174,$2.00,$4.88 / 1KG,https://www.woolworths.com.au/shop/productdetails/753174/woolworths-fruit-salad-in-juice,https://cdn0.woolworths.media/content/wowproductimages/medium/753174.jpg,2020-09-21 17:27:05,,0,,True
a257f299-9207-4dba-84be-ed0afd18b415,Woolworths Supermarket,Pantry,Woolworths Peach Slices In Juice In Juice 820g,753175,$2.80,$3.41 / 1KG,https://www.woolworths.com.au/shop/productdetails/753175/woolworths-peach-slices-in-juice-in-juice,https://cdn0.woolworths.media/content/wowproductimages/medium/753175.jpg,2020-09-21 17:27:05,Average product rating out of 5: 4.6. Product score is based on 580 ratings,580,,True
39517542-ccc9-4409-8e98-9f923ac78f9f,Woolworths Supermarket,Pantry,Woolworths Apricot Halves In Juice Apricot 820g,753176,$2.80,$3.41 / 1KG,https://www.woolworths.com.au/shop/productdetails/753176/woolworths-apricot-halves-in-juice-apricot,https://cdn0.woolworths.media/content/wowproductimages/medium/753176.jpg,2020-09-21 17:27:05,Average product rating out of 5: 4.2. Product score is based on 446 ratings,446,,True
f8142a30-a6f8-4d20-ad3e-6a254c44c32f,Woolworths Supermarket,Pantry,Woolworths Fruit Salad In Juice 820g,753179,$2.80,$3.41 / 1KG,https://www.woolworths.com.au/shop/productdetails/753179/woolworths-fruit-salad-in-juice,https://cdn0.woolworths.media/content/wowproductimages/medium/753179.jpg,2020-09-21 17:27:05,Average product rating out of 5: 4.1. Product score is based on 231 ratings,231,,True
ef1b3029-141f-45c0-9c13-79535c6d161c,Woolworths Supermarket,Pantry,Woolworths Pesto Basil 190g,753340,$1.95,$1.03 / 100G,https://www.woolworths.com.au/shop/productdetails/753340/woolworths-pesto-basil,https://cdn0.woolworths.media/content/wowproductimages/medium/753340.jpg,2020-09-21 17:27:05,Average product rating out of 5: 4.2. Product score is based on 746 ratings,746,,True
dbc8a891-7b69-49b0-99d1-9ca5f7f071b3,Woolworths Supermarket,Pantry,Woolworths Honey Twist And Squeeze 375g,753976,$5.50,$1.47 / 100G,https://www.woolworths.com.au/shop/productdetails/753976/woolworths-honey-twist-and-squeeze,https://cdn0.woolworths.media/content/wowproductimages/medium/753976.jpg,2020-09-21 17:27:05,,0,,True
783be8bf-15fe-4d96-aa16-e71956e4c561,Woolworths Supermarket,Pantry,Tic Tac Fruit Adventure 24g,754039,$1.80,$7.50 / 100G,https://www.woolworths.com.au/shop/productdetails/754039/tic-tac-fruit-adventure,https://cdn0.woolworths.media/content/wowproductimages/medium/754039.jpg,2020-09-21 17:27:05,,0,,True
40764a8e-65a0-4eff-b6da-1fad6d96bc04,Woolworths Supermarket,Pantry,No Nasties Sugar Free-zies All Natural Icy Stix 15 pack,754164,$6.50,$0.72 / 100ML,https://www.woolworths.com.au/shop/productdetails/754164/no-nasties-sugar-free-zies-all-natural-icy-stix,https://cdn0.woolworths.media/content/wowproductimages/medium/754164.jpg,2020-09-21 17:27:05,,0,,True
83db1836-cf3a-4f9d-a1b3-0cf472917864,Woolworths Supermarket,Pantry,Nescafe Dolce Gusto Coffee Capsules Cafe Au Lait 16 pack,754295,$8.50,$0.53 / 1EA,https://www.woolworths.com.au/shop/productdetails/754295/nescafe-dolce-gusto-coffee-capsules-cafe-au-lait,https://cdn0.woolworths.media/content/wowproductimages/medium/754295.jpg,2020-09-21 17:27:05,,0,,True
92ebbd32-38e5-46a6-a5c3-aac3b0737ba8,Woolworths Supermarket,Pantry,Aeroplane Ready To Eat Orange Jelly 120g,754460,$1.20,$1.00 / 100G,https://www.woolworths.com.au/shop/productdetails/754460/aeroplane-ready-to-eat-orange-jelly,https://cdn0.woolworths.media/content/wowproductimages/medium/754460.jpg,2020-09-21 17:27:05,,0,,True
43cbdd7d-2c0b-487e-982e-702b831e09a4,Woolworths Supermarket,Pantry,Aeroplane Jelly Lite Twin Lemon 2x9g,754480,$1.90,$10.56 / 100G,https://www.woolworths.com.au/shop/productdetails/754480/aeroplane-jelly-lite-twin-lemon,https://cdn0.woolworths.media/content/wowproductimages/medium/754480.jpg,2020-09-21 17:27:05,,0,,True
bae9cc20-c498-4a94-88fa-e9dfabcce8c0,Woolworths Supermarket,Pantry,Aeroplane Ready To Eat Jelly Strawberry 120g,754498,$1.20,$1.00 / 100G,https://www.woolworths.com.au/shop/productdetails/754498/aeroplane-ready-to-eat-jelly-strawberry,https://cdn0.woolworths.media/content/wowproductimages/medium/754498.jpg,2020-09-21 17:27:05,,0,,True
df51d54c-91b7-47b8-8a82-58fa54974f0b,Woolworths Supermarket,Pantry,Aeroplane Ready To Eat Jelly Raspberry 120g,754521,$1.20,$1.00 / 100G,https://www.woolworths.com.au/shop/productdetails/754521/aeroplane-ready-to-eat-jelly-raspberry,https://cdn0.woolworths.media/content/wowproductimages/medium/754521.jpg,2020-09-21 17:27:05,,0,,True
622a2a2f-d27d-4f83-9aa5-5fe866b1b3ab,Woolworths Supermarket,Pantry,Aeroplane Jelly Naturals Blackcurrant 85g,754525,$1.00,$1.18 / 100G,https://www.woolworths.com.au/shop/productdetails/754525/aeroplane-jelly-naturals-blackcurrant,https://cdn0.woolworths.media/content/wowproductimages/medium/754525.jpg,2020-09-21 17:27:05,,0,,True
1798280e-6018-412a-b009-dddcda2f33f1,Woolworths Supermarket,Pantry,Pic's Peanut Butter Smooth 380g,754776,$7.50,$1.97 / 100G,https://www.woolworths.com.au/shop/productdetails/754776/pic-s-peanut-butter-smooth,https://cdn0.woolworths.media/content/wowproductimages/medium/754776.jpg,2020-09-21 17:27:05,,0,,True
f86f8443-a859-4dc7-8872-d05e9acef867,Woolworths Supermarket,Pantry,Nestle Bakers Choice Cocoa 190g,755111,$4.00,$2.11 / 100G,https://www.woolworths.com.au/shop/productdetails/755111/nestle-bakers-choice-cocoa,https://cdn0.woolworths.media/content/wowproductimages/medium/755111.jpg,2020-09-21 17:27:05,,0,Was $4.50 06/05/2019,True
c3f9d759-6334-46ac-b78c-89bb62ee4e74,Woolworths Supermarket,Pantry,Vicks Vapo Naturals Honey Drops 19 pack,755234,$4.00,$0.21 / 1EA,https://www.woolworths.com.au/shop/productdetails/755234/vicks-vapo-naturals-honey-drops,https://cdn0.woolworths.media/content/wowproductimages/medium/755234.jpg,2020-09-21 17:27:05,,0,,True
fc75dde1-8f7c-4ef2-83bb-dbfa22b3ca2b,Woolworths Supermarket,Pantry,Maggi 2 Minute Instant Wholegrain Chicken Noodles 5 pack,755561,$3.95,$1.14 / 100G,https://www.woolworths.com.au/shop/productdetails/755561/maggi-2-minute-instant-wholegrain-chicken-noodles,https://cdn0.woolworths.media/content/wowproductimages/medium/755561.jpg,2020-09-21 17:27:05,,0,,True
bfee5bbb-9764-4158-9bc0-fa3f2e344e52,Woolworths Supermarket,Pantry,Macro Organic Jasmine Rice 750g,755971,$4.80,$0.64 / 100G,https://www.woolworths.com.au/shop/productdetails/755971/macro-organic-jasmine-rice,https://cdn0.woolworths.media/content/wowproductimages/medium/755971.jpg,2020-09-21 17:27:05,Average product rating out of 5: 4.2. Product score is based on 29 ratings,29,,True
1e3bd843-c345-413e-ab59-fdec3f276bbe,Woolworths Supermarket,Pantry,Woolworths Lychees In Syrup 560g,756335,$2.75,$4.91 / 1KG,https://www.woolworths.com.au/shop/productdetails/756335/woolworths-lychees-in-syrup,https://cdn0.woolworths.media/content/wowproductimages/medium/756335.jpg,2020-09-21 17:27:05,,0,,True
13bd1273-4e09-4510-890e-a12fd35490f4,Woolworths Supermarket,Pantry,Woolworths Mandarin Canned 310g can,756336,$1.75,$5.65 / 1KG,https://www.woolworths.com.au/shop/productdetails/756336/woolworths-mandarin-canned,https://cdn0.woolworths.media/content/wowproductimages/medium/756336.jpg,2020-09-21 17:27:05,,0,,True
edfddc6a-e6a6-4939-807e-ab6f2da819e2,Woolworths Supermarket,Pantry,Hansells Chef's Kitchen Panna Cotta 65g,756767,$2.00,$3.08 / 100G,https://www.woolworths.com.au/shop/productdetails/756767/hansells-chef-s-kitchen-panna-cotta,https://cdn0.woolworths.media/content/wowproductimages/medium/756767.jpg,2020-09-21 17:27:05,,0,,True
4d79be0b-3a1f-43e5-be6f-963558350a89,Woolworths Supermarket,Pantry,Hansells Creme Brulee 70g,756792,$2.00,$2.86 / 100G,https://www.woolworths.com.au/shop/productdetails/756792/hansells-creme-brulee,https://cdn0.woolworths.media/content/wowproductimages/medium/756792.jpg,2020-09-21 17:27:05,,0,,True
75b3d64a-f5be-4043-bc9a-1d6b7b133ac6,Woolworths Supermarket,Pantry,Kettle Chunky Roasted Tomato & Herb Mediterranean Herbs & Spices 150g,756794,$4.65,$3.10 / 100G,https://www.woolworths.com.au/shop/productdetails/756794/kettle-chunky-roasted-tomato-herb-mediterranean-herbs-spices,https://cdn0.woolworths.media/content/wowproductimages/medium/756794.jpg,2020-09-21 17:27:05,,0,,True
347b9542-9096-4a75-a066-3e08579cb6fa,Woolworths Supermarket,Pantry,Natural Chip Company Sea Salt & Vinegar 175g,756795,$2.00,$1.14 / 100G,https://www.woolworths.com.au/shop/productdetails/756795/natural-chip-company-sea-salt-vinegar,https://cdn0.woolworths.media/content/wowproductimages/medium/756795.jpg,2020-09-21 17:27:05,,0,Was $3.25 29/12/2017,True
ebc46737-1084-4941-badc-b1c516e1922e,Woolworths Supermarket,Pantry,The Natural Chip Co. Share Pack Honey Soy Chicken 175g,756813,$2.00,$1.14 / 100G,https://www.woolworths.com.au/shop/productdetails/756813/the-natural-chip-co-share-pack-honey-soy-chicken,https://cdn0.woolworths.media/content/wowproductimages/medium/756813.jpg,2020-09-21 17:27:05,,0,Was $3.25 29/12/2017,True
8e7d578b-5350-4bf3-8afd-3a6165ca19e7,Woolworths Supermarket,Pantry,Kettle Chunky Himalayan Pink Salt Crushed Sea Salt 150g,756825,$4.65,$3.10 / 100G,https://www.woolworths.com.au/shop/productdetails/756825/kettle-chunky-himalayan-pink-salt-crushed-sea-salt,https://cdn0.woolworths.media/content/wowproductimages/medium/756825.jpg,2020-09-21 17:27:05,,0,,True
13ea30de-241e-4a4e-b011-e18929519ba5,Woolworths Supermarket,Pantry,Natural Chip Company Sea Salt 175g,756826,$2.00,$1.14 / 100G,https://www.woolworths.com.au/shop/productdetails/756826/natural-chip-company-sea-salt,https://cdn0.woolworths.media/content/wowproductimages/medium/756826.jpg,2020-09-21 17:27:05,,0,Was $3.25 29/12/2017,True
52c591e4-6edf-45dd-9ab0-2fc3919dcc1f,Woolworths Supermarket,Pantry,Bushells Turkish Coffee 250g,757042,$6.50,$2.60 / 100G,https://www.woolworths.com.au/shop/productdetails/757042/bushells-turkish-coffee,https://cdn0.woolworths.media/content/wowproductimages/medium/757042.jpg,2020-09-21 17:27:05,,0,,True
ebc1be4f-a042-4154-907f-d89936c2821f,Woolworths Supermarket,Pantry,Gravox Gravy Mix Traditional Reduced Salt 120g,757519,$2.70,$0.23 / 10G,https://www.woolworths.com.au/shop/productdetails/757519/gravox-gravy-mix-traditional-reduced-salt,https://cdn0.woolworths.media/content/wowproductimages/medium/757519.jpg,2020-09-21 17:27:05,,0,,True
e508d021-a1e7-4eb5-837b-dfaaf5bab8f3,Woolworths Supermarket,Pantry,Continental Cook-in-bag Recipe Base Roasted Garlic & Herbs 40g,757524,$2.30,$5.75 / 100G,https://www.woolworths.com.au/shop/productdetails/757524/continental-cook-in-bag-recipe-base-roasted-garlic-herbs,https://cdn0.woolworths.media/content/wowproductimages/medium/757524.jpg,2020-09-21 17:27:05,,0,Was $2.50 11/06/2018,True
c5c9a234-119b-458e-a4c4-877d7c7511bf,Woolworths Supermarket,Pantry,Gravox Finishing Sauce White Sauce Smooth & Creamy 29g,757526,$1.10,$0.38 / 10G,https://www.woolworths.com.au/shop/productdetails/757526/gravox-finishing-sauce-white-sauce-smooth-creamy,https://cdn0.woolworths.media/content/wowproductimages/medium/757526.jpg,2020-09-21 17:27:05,,0,,True
a3c9ff7e-9ec5-4a5e-9180-5a6f45d3d509,Woolworths Supermarket,Pantry,Masterfoods Shepherd's Pie Recipe Base Shepherds Pie 175g,757531,$2.20,$1.26 / 100G,https://www.woolworths.com.au/shop/productdetails/757531/masterfoods-shepherd-s-pie-recipe-base-shepherds-pie,https://cdn0.woolworths.media/content/wowproductimages/medium/757531.jpg,2020-09-21 17:27:05,,0,3 for $6.00,True
a2e238b0-806e-4c82-bc35-513bea3d5ca9,Woolworths Supermarket,Pantry,Gravox Gravy Liquid Best Ever Bangers & Mash 165g,757539,$2.00,$1.21 / 100G,https://www.woolworths.com.au/shop/productdetails/757539/gravox-gravy-liquid-best-ever-bangers-mash,https://cdn0.woolworths.media/content/wowproductimages/medium/757539.jpg,2020-09-21 17:27:05,,0,Was $2.55 01/09/16,True
169ed533-822b-4790-97f1-f8969786298b,Woolworths Supermarket,Pantry,Gravox Finishing Sauce Parsley White 165g,757555,$2.00,$1.21 / 100G,https://www.woolworths.com.au/shop/productdetails/757555/gravox-finishing-sauce-parsley-white,https://cdn0.woolworths.media/content/wowproductimages/medium/757555.jpg,2020-09-21 17:27:05,,0,Was $2.55 01/09/16,True
9f5f342c-76d8-454f-b43c-5fb7ca1bed07,Woolworths Supermarket,Pantry,Gravox Gravy Liquid Diane Sauce 29g,757556,$1.10,$0.38 / 10G,https://www.woolworths.com.au/shop/productdetails/757556/gravox-gravy-liquid-diane-sauce,https://cdn0.woolworths.media/content/wowproductimages/medium/757556.jpg,2020-09-21 17:27:05,,0,,True
edf6af7d-56dd-4477-9d59-5e748bae770a,Woolworths Supermarket,Pantry,Gravox Gravy Traditional 29g,757562,$1.10,$0.38 / 10G,https://www.woolworths.com.au/shop/productdetails/757562/gravox-gravy-traditional,https://cdn0.woolworths.media/content/wowproductimages/medium/757562.jpg,2020-09-21 17:27:05,,0,,True
339b4c76-0817-4710-99ac-0d6943259ea2,Woolworths Supermarket,Pantry,Macro Organic Spaghetti In Tomato Sauce 420g,757679,$1.40,$0.33 / 100G,https://www.woolworths.com.au/shop/productdetails/757679/macro-organic-spaghetti-in-tomato-sauce,https://cdn0.woolworths.media/content/wowproductimages/medium/757679.jpg,2020-09-21 17:27:05,,0,,True
969a5fef-1053-4a54-b49c-9c6991d3805b,Woolworths Supermarket,Pantry,Fountain Soy & Honey Sauce 250ml,757750,$2.70,$1.08 / 100ML,https://www.woolworths.com.au/shop/productdetails/757750/fountain-soy-honey-sauce,https://cdn0.woolworths.media/content/wowproductimages/medium/757750.jpg,2020-09-21 17:27:05,,0,,True
b0f7c592-9163-40f9-8feb-505efdda6695,Woolworths Supermarket,Pantry,Green's Brownie Mix Chocolate 380g,757795,$2.75,$0.72 / 100G,https://www.woolworths.com.au/shop/productdetails/757795/green-s-brownie-mix-chocolate,https://cdn0.woolworths.media/content/wowproductimages/medium/757795.jpg,2020-09-21 17:27:05,,0,,True
0c14056e-6768-4bf5-93e0-fe3be29de924,Woolworths Supermarket,Pantry,Fountain Tomato Sauce Reduced Sugar 500ml,757858,$2.00,$0.40 / 100ML,https://www.woolworths.com.au/shop/productdetails/757858/fountain-tomato-sauce-reduced-sugar,https://cdn0.woolworths.media/content/wowproductimages/medium/757858.jpg,2020-09-21 17:27:05,,0,Was $2.50 18/04/2017,True
db639751-f024-40d5-8ef1-735cd538393b,Woolworths Supermarket,Pantry,Fountain Barbecue Sauce Sauce Reduced Sugar 500ml,757861,$2.00,$0.40 / 100ML,https://www.woolworths.com.au/shop/productdetails/757861/fountain-barbecue-sauce-sauce-reduced-sugar,https://cdn0.woolworths.media/content/wowproductimages/medium/757861.jpg,2020-09-21 17:27:05,,0,Was $2.50 18/04/2017,True
88feb1de-e81b-4cf5-86ee-fb1d373a1168,Woolworths Supermarket,Pantry,Cadbury Dairy Milk Chocolate Fair Trade 350g,757883,$5.00,$1.43 / 100G,https://www.woolworths.com.au/shop/productdetails/757883/cadbury-dairy-milk-chocolate-fair-trade,https://cdn0.woolworths.media/content/wowproductimages/medium/757883.jpg,2020-09-21 17:27:05,,0,Was $6.30 16/01/2017,True
289b6690-b1f1-4d06-9dd9-594239895749,Woolworths Supermarket,Pantry,Cholula Hot Sauce 150ml,757902,,,https://www.woolworths.com.au/shop/productdetails/757902/cholula-hot-sauce,https://cdn0.woolworths.media/content/wowproductimages/medium/757902.jpg,2020-09-21 17:27:05,,0,,False
eb4964a2-bb0e-4ef3-82d5-e2721275bf66,Woolworths Supermarket,Pantry,Cadbury Dairy Milk Chocolate Fruit & Nut 350g,757912,$5.00,$1.43 / 100G,https://www.woolworths.com.au/shop/productdetails/757912/cadbury-dairy-milk-chocolate-fruit-nut,https://cdn0.woolworths.media/content/wowproductimages/medium/757912.jpg,2020-09-21 17:27:05,,0,Was $6.30 16/01/2017,True
10728a0f-d7c6-45c3-a3a2-bfc4bef6c451,Woolworths Supermarket,Pantry,Woolworths Mango Slices In Syrup 425g,757970,$1.55,$3.65 / 1KG,https://www.woolworths.com.au/shop/productdetails/757970/woolworths-mango-slices-in-syrup,https://cdn0.woolworths.media/content/wowproductimages/medium/757970.jpg,2020-09-21 17:27:05,,0,,True
1359417b-68e6-407f-989c-3cecd50486b4,Woolworths Supermarket,Pantry,Heinz Spaghetti & Meatballs In Tomato Sauce 420g,758117,$2.20,$0.52 / 100G,https://www.woolworths.com.au/shop/productdetails/758117/heinz-spaghetti-meatballs-in-tomato-sauce,https://cdn0.woolworths.media/content/wowproductimages/medium/758117.jpg,2020-09-21 17:27:05,,0,,True
eb8a3923-0e71-401f-809e-62e5511331bf,Woolworths Supermarket,Pantry,Woolworths Thin Brown Rice Cakes Original 150g,758182,$1.65,$1.10 / 100G,https://www.woolworths.com.au/shop/productdetails/758182/woolworths-thin-brown-rice-cakes-original,https://cdn0.woolworths.media/content/wowproductimages/medium/758182.jpg,2020-09-21 17:27:05,,0,,True
cad3386c-7c43-4839-a553-5c43fdd13ec4,Woolworths Supermarket,Pantry,Woolworths Thin Rice Cakes Sour Cream & Chives 125g,758184,$1.65,$1.32 / 100G,https://www.woolworths.com.au/shop/productdetails/758184/woolworths-thin-rice-cakes-sour-cream-chives,https://cdn0.woolworths.media/content/wowproductimages/medium/758184.jpg,2020-09-21 17:27:05,Average product rating out of 5: 4.0. Product score is based on 228 ratings,228,,True
a0234baf-ef33-4054-b1e8-127f274526ef,Woolworths Supermarket,Pantry,Dolmio Extra Bolognese Tomato Pasta Sauce 500g,758286,$2.90,$0.58 / 100G,https://www.woolworths.com.au/shop/productdetails/758286/dolmio-extra-bolognese-tomato-pasta-sauce,https://cdn0.woolworths.media/content/wowproductimages/medium/758286.jpg,2020-09-21 17:27:05,,0,,True
25a57529-2ff7-470a-9d97-d69d8156634a,Woolworths Supermarket,Pantry,Dolmio Extra Red Wine & Italian Herbs Tomato Pasta Sauce 500g,758288,$2.90,$0.58 / 100G,https://www.woolworths.com.au/shop/productdetails/758288/dolmio-extra-red-wine-italian-herbs-tomato-pasta-sauce,https://cdn0.woolworths.media/content/wowproductimages/medium/758288.jpg,2020-09-21 17:27:05,,0,,True
ecaac2df-4f80-4f94-948d-2b38ba7ab860,Woolworths Supermarket,Pantry,Dolmio Extra Spicy Peppers Tomato Pasta Sauce 500g,758299,$2.90,$0.58 / 100G,https://www.woolworths.com.au/shop/productdetails/758299/dolmio-extra-spicy-peppers-tomato-pasta-sauce,https://cdn0.woolworths.media/content/wowproductimages/medium/758299.jpg,2020-09-21 17:27:05,,0,,True
350f4761-0c19-46e1-9392-b3f9c5bbf2c9,Woolworths Supermarket,Pantry,Kan Tong Black Bean Stir Fry Cooking Sauce 510g,758300,$2.80,$0.55 / 100G,https://www.woolworths.com.au/shop/productdetails/758300/kan-tong-black-bean-stir-fry-cooking-sauce,https://cdn0.woolworths.media/content/wowproductimages/medium/758300.jpg,2020-09-21 17:27:05,,0,,True
d9321559-7983-4d68-9634-398d7d44d022,Woolworths Supermarket,Pantry,Dolmio Extra Garden Vegetables Tomato Pasta Sauce 500g,758313,$2.90,$0.58 / 100G,https://www.woolworths.com.au/shop/productdetails/758313/dolmio-extra-garden-vegetables-tomato-pasta-sauce,https://cdn0.woolworths.media/content/wowproductimages/medium/758313.jpg,2020-09-21 17:27:05,,0,,True
9cd0b21a-4382-418f-8a7f-5c5bdcccfa07,Woolworths Supermarket,Pantry,Dolmio Extra Italian Herbs Tomato Pasta Sauce 500g,758314,$2.90,$0.58 / 100G,https://www.woolworths.com.au/shop/productdetails/758314/dolmio-extra-italian-herbs-tomato-pasta-sauce,https://cdn0.woolworths.media/content/wowproductimages/medium/758314.jpg,2020-09-21 17:27:05,,0,,True
646c417e-9143-4d1f-be87-d7013143703c,Woolworths Supermarket,Pantry,"Dolmio Extra Tomato, Onion & Garlic Salt Reduced Pasta Sauce 500g",758316,$2.90,$0.58 / 100G,https://www.woolworths.com.au/shop/productdetails/758316/dolmio-extra-tomato-onion-garlic-salt-reduced-pasta-sauce,https://cdn0.woolworths.media/content/wowproductimages/medium/758316.jpg,2020-09-21 17:27:05,,0,,True
e85cb267-7d4a-4def-b9b5-3a2d44ac3372,Woolworths Supermarket,Pantry,Dolmio Extra Garlic Tomato Pasta Sauce 500g,758322,$2.90,$0.58 / 100G,https://www.woolworths.com.au/shop/productdetails/758322/dolmio-extra-garlic-tomato-pasta-sauce,https://cdn0.woolworths.media/content/wowproductimages/medium/758322.jpg,2020-09-21 17:27:05,,0,,True
53a661d7-9710-49e1-828e-a6c9f1792032,Woolworths Supermarket,Pantry,Kan Tong Butter Chicken Cooking Sauce 485g,758325,$2.80,$0.58 / 100G,https://www.woolworths.com.au/shop/productdetails/758325/kan-tong-butter-chicken-cooking-sauce,https://cdn0.woolworths.media/content/wowproductimages/medium/758325.jpg,2020-09-21 17:27:05,,0,,True
c04a417a-d37d-4984-913f-268c56c5666f,Woolworths Supermarket,Pantry,Dolmio Tuna Bake Pasta Bake Sauce 495g,758340,$3.00,$0.61 / 100G,https://www.woolworths.com.au/shop/productdetails/758340/dolmio-tuna-bake-pasta-bake-sauce,https://cdn0.woolworths.media/content/wowproductimages/medium/758340.jpg,2020-09-21 17:27:05,,0,,True
acaa76c2-e4e3-4fa2-a735-7f16da7e58e3,Woolworths Supermarket,Pantry,Dolmio Extra Tomato Onion & Roast Garlic Pasta Sauce 500g,758342,$2.90,$0.58 / 100G,https://www.woolworths.com.au/shop/productdetails/758342/dolmio-extra-tomato-onion-roast-garlic-pasta-sauce,https://cdn0.woolworths.media/content/wowproductimages/medium/758342.jpg,2020-09-21 17:27:05,,0,,True
b34f466c-3e61-4134-aec3-039757a9f904,Woolworths Supermarket,Pantry,Dolmio Lasagne Bechamel Sauce 490g,758350,$3.00,$0.61 / 100G,https://www.woolworths.com.au/shop/productdetails/758350/dolmio-lasagne-bechamel-sauce,https://cdn0.woolworths.media/content/wowproductimages/medium/758350.jpg,2020-09-21 17:27:05,,0,,True
8bde33b3-123f-411b-8bad-19aa0f81284f,Woolworths Supermarket,Pantry,Mars Mixed Variety Chocolate Large Party Share Bag 20 Piece 307g,758366,$5.00,$1.63 / 100G,https://www.woolworths.com.au/shop/productdetails/758366/mars-mixed-variety-chocolate-large-party-share-bag-20-piece,https://cdn0.woolworths.media/content/wowproductimages/medium/758366.jpg,2020-09-21 17:27:05,,0,Was $6.00 14/11/16,True
5bb25252-e851-4872-8747-7fe528898fdc,Woolworths Supermarket,Pantry,"Kan Tong Stir Fry Sauce Honey, Sesame & Garlic 520g",758371,$2.80,$0.54 / 100G,https://www.woolworths.com.au/shop/productdetails/758371/kan-tong-stir-fry-sauce-honey-sesame-garlic,https://cdn0.woolworths.media/content/wowproductimages/medium/758371.jpg,2020-09-21 17:27:05,,0,,True
c55dcf5e-2095-403c-a13e-6e1d2fe6582c,Woolworths Supermarket,Pantry,Kan Tong Pineapple Sweet & Sour Stir Fry Sauce 515g,758374,$2.80,$0.54 / 100G,https://www.woolworths.com.au/shop/productdetails/758374/kan-tong-pineapple-sweet-sour-stir-fry-sauce,https://cdn0.woolworths.media/content/wowproductimages/medium/758374.jpg,2020-09-21 17:27:05,,0,,True
f83e97b1-5185-4b1a-b016-60ade73dafba,Woolworths Supermarket,Pantry,Dolmio Traditional Recipe Tomato & Basil Pasta Sauce 500g,758377,$2.00,$0.40 / 100G,https://www.woolworths.com.au/shop/productdetails/758377/dolmio-traditional-recipe-tomato-basil-pasta-sauce,https://cdn0.woolworths.media/content/wowproductimages/medium/758377.jpg,2020-09-21 17:27:05,,0,,True
7ba3b3fd-8484-4148-8f8f-edbb619d7615,Woolworths Supermarket,Pantry,Kan Tong Peanut Satay Stir Fry Cooking Sauce 505g,758381,$2.80,$0.55 / 100G,https://www.woolworths.com.au/shop/productdetails/758381/kan-tong-peanut-satay-stir-fry-cooking-sauce,https://cdn0.woolworths.media/content/wowproductimages/medium/758381.jpg,2020-09-21 17:27:05,,0,,True
d5bd332a-7351-4664-9897-3960df48773c,Woolworths Supermarket,Pantry,Kan Tong Stir Fry Sauce Sweet & Sour 515g,758384,$2.80,$0.54 / 100G,https://www.woolworths.com.au/shop/productdetails/758384/kan-tong-stir-fry-sauce-sweet-sour,https://cdn0.woolworths.media/content/wowproductimages/medium/758384.jpg,2020-09-21 17:27:05,,0,,True
4b02c577-6c9c-4794-8d93-95baf68cbeac,Woolworths Supermarket,Pantry,Dolmio Three Cheese Pasta Bake Sauce 490g,758396,$3.00,$0.61 / 100G,https://www.woolworths.com.au/shop/productdetails/758396/dolmio-three-cheese-pasta-bake-sauce,https://cdn0.woolworths.media/content/wowproductimages/medium/758396.jpg,2020-09-21 17:27:05,,0,,True
e6cb8d05-4421-40e6-b51d-313278806158,Woolworths Supermarket,Pantry,Dolmio Pasta Bake Creamy Tomato & Mozzarella 495g,758425,$3.00,$0.61 / 100G,https://www.woolworths.com.au/shop/productdetails/758425/dolmio-pasta-bake-creamy-tomato-mozzarella,https://cdn0.woolworths.media/content/wowproductimages/medium/758425.jpg,2020-09-21 17:27:05,,0,,True
07cdc4b2-480a-4962-a2d4-cd545a34caec,Woolworths Supermarket,Pantry,Dolmio Traditional Recipe Classic Tomato Pasta Sauce 500g,758444,$2.00,$0.40 / 100G,https://www.woolworths.com.au/shop/productdetails/758444/dolmio-traditional-recipe-classic-tomato-pasta-sauce,https://cdn0.woolworths.media/content/wowproductimages/medium/758444.jpg,2020-09-21 17:27:05,,0,,True
6e0e6656-ef4e-4bdb-aad2-f85158e28980,Woolworths Supermarket,Pantry,Dolmio Creamy Carbonara Pasta Sauce 490g,758447,$2.90,$0.59 / 100G,https://www.woolworths.com.au/shop/productdetails/758447/dolmio-creamy-carbonara-pasta-sauce,https://cdn0.woolworths.media/content/wowproductimages/medium/758447.jpg,2020-09-21 17:27:05,,0,,True
38813a53-541c-4d20-88db-0440fd8b17f5,Woolworths Supermarket,Pantry,Essentials Iodised Salt 1kg,758501,$1.09,$0.01 / 10G,https://www.woolworths.com.au/shop/productdetails/758501/essentials-iodised-salt,https://cdn0.woolworths.media/content/wowproductimages/medium/758501.jpg,2020-09-21 17:27:05,,0,,True
7d1d2e02-a5e6-4b34-a0f2-e4b278638cb4,Woolworths Supermarket,Pantry,Five Tastes Thai Green Curry Paste 210g,758616,$3.00,$1.43 / 100G,https://www.woolworths.com.au/shop/productdetails/758616/five-tastes-thai-green-curry-paste,https://cdn0.woolworths.media/content/wowproductimages/medium/758616.jpg,2020-09-21 17:27:05,,0,Was $3.80 16/04/2018,True
3022b67f-d89b-4164-9641-6212888aa910,Woolworths Supermarket,Pantry,Five Tastes Thai Red Curry Paste 210g,758617,$3.00,$1.43 / 100G,https://www.woolworths.com.au/shop/productdetails/758617/five-tastes-thai-red-curry-paste,https://cdn0.woolworths.media/content/wowproductimages/medium/758617.jpg,2020-09-21 17:27:05,,0,Was $3.80 16/04/2018,True
65bf6451-55a1-4638-b4f1-178e4010ea6c,Woolworths Supermarket,Pantry,Woolworths Cashews 450g,758700,$9.85,$21.89 / 1KG,https://www.woolworths.com.au/shop/productdetails/758700/woolworths-cashews,https://cdn0.woolworths.media/content/wowproductimages/medium/758700.jpg,2020-09-21 17:27:05,Average product rating out of 5: 4.4. Product score is based on 445 ratings,445,,True
82257dc9-2590-4be8-8524-278fbaf4103f,Woolworths Supermarket,Pantry,Woolworths Macadamias 300g,758761,$12.00,$40.00 / 1KG,https://www.woolworths.com.au/shop/productdetails/758761/woolworths-macadamias,https://cdn0.woolworths.media/content/wowproductimages/medium/758761.jpg,2020-09-21 17:27:05,Average product rating out of 5: 4.7. Product score is based on 464 ratings,464,,True
0086d122-4beb-44c5-a3dd-90e55c524d87,Woolworths Supermarket,Pantry,Woolworths Pine Nuts 300g,758762,$13.40,$44.67 / 1KG,https://www.woolworths.com.au/shop/productdetails/758762/woolworths-pine-nuts,https://cdn0.woolworths.media/content/wowproductimages/medium/758762.jpg,2020-09-21 17:27:05,Average product rating out of 5: 4.6. Product score is based on 454 ratings,454,,True
3ba896a4-a306-4aea-8f9c-1fbd002041a6,Woolworths Supermarket,Pantry,Woolworths Pistachios 300g,758763,$16.50,$55.00 / 1KG,https://www.woolworths.com.au/shop/productdetails/758763/woolworths-pistachios,https://cdn0.woolworths.media/content/wowproductimages/medium/758763.jpg,2020-09-21 17:27:05,,0,,True
f8b6187f-1f0c-4fe0-8d09-b8b8550ca443,Woolworths Supermarket,Pantry,Spc Baked Beans Salt Reduced 4x220g,758809,$4.20,$0.48 / 100G,https://www.woolworths.com.au/shop/productdetails/758809/spc-baked-beans-salt-reduced,https://cdn0.woolworths.media/content/wowproductimages/medium/758809.jpg,2020-09-21 17:27:05,,0,,True
ed1ec3fb-a499-4e09-b64d-b48f0e9a6cfa,Woolworths Supermarket,Pantry,Frank's Hot Sauce Original 148ml,759137,$3.00,$2.03 / 100ML,https://www.woolworths.com.au/shop/productdetails/759137/frank-s-hot-sauce-original,https://cdn0.woolworths.media/content/wowproductimages/medium/759137.jpg,2020-09-21 17:27:05,,0,,True
bef643ee-54e2-4f64-a45e-44ccb1e6bde6,Woolworths Supermarket,Pantry,Old El Paso Chili & Garlic Mexican Rice Kit 355g,760341,$6.50,$1.83 / 100G,https://www.woolworths.com.au/shop/productdetails/760341/old-el-paso-chili-garlic-mexican-rice-kit,https://cdn0.woolworths.media/content/wowproductimages/medium/760341.jpg,2020-09-21 17:27:05,,0,,True
4ac66171-d461-4296-943c-3086054660e1,Woolworths Supermarket,Pantry,Woolworths Tropical Dried Fruit Snack Mix 400g,760413,$5.00,$12.50 / 1KG,https://www.woolworths.com.au/shop/productdetails/760413/woolworths-tropical-dried-fruit-snack-mix,https://cdn0.woolworths.media/content/wowproductimages/medium/760413.jpg,2020-09-21 17:27:05,Average product rating out of 5: 3.4. Product score is based on 164 ratings,164,,True
a482de19-5da1-4d38-82b8-b8e021f98cd3,Woolworths Supermarket,Pantry,Betty Crocker Chocolate Fudge Cake Mix 540g,760440,$5.20,$0.96 / 100G,https://www.woolworths.com.au/shop/productdetails/760440/betty-crocker-chocolate-fudge-cake-mix,https://cdn0.woolworths.media/content/wowproductimages/medium/760440.jpg,2020-09-21 17:27:05,,0,,True
3b3d2cda-77a9-47d0-8ee4-4ed4a5f62cee,Woolworths Supermarket,Pantry,Betty Crocker Devil's Food Cake Mix 540g,760459,$5.20,$0.96 / 100G,https://www.woolworths.com.au/shop/productdetails/760459/betty-crocker-devil-s-food-cake-mix,https://cdn0.woolworths.media/content/wowproductimages/medium/760459.jpg,2020-09-21 17:27:05,,0,,True
ea663a4f-2052-458b-b0b4-190fcd998402,Woolworths Supermarket,Pantry,Betty Crocker Vanilla Cake Mix 540g,760464,$5.20,$0.96 / 100G,https://www.woolworths.com.au/shop/productdetails/760464/betty-crocker-vanilla-cake-mix,https://cdn0.woolworths.media/content/wowproductimages/medium/760464.jpg,2020-09-21 17:27:05,,0,,True
d951c050-654d-411b-b34f-bc14b730fad7,Woolworths Supermarket,Pantry,Lindt Lindor Milk Chocolate Bar 38g,760472,$1.50,$3.95 / 100G,https://www.woolworths.com.au/shop/productdetails/760472/lindt-lindor-milk-chocolate-bar,https://cdn0.woolworths.media/content/wowproductimages/medium/760472.jpg,2020-09-21 17:27:05,,0,Was $2.00 31/07/2017,True
8e205e34-9bf8-4feb-937c-57225f957d08,Woolworths Supermarket,Pantry,Betty Crocker Vanilla Cupcake Mix 450g,760480,$5.20,$1.16 / 100G,https://www.woolworths.com.au/shop/productdetails/760480/betty-crocker-vanilla-cupcake-mix,https://cdn0.woolworths.media/content/wowproductimages/medium/760480.jpg,2020-09-21 17:27:05,,0,,True
8747d3c3-3b0b-4096-97da-f0ac462c8c34,Woolworths Supermarket,Pantry,Betty Crocker Strawberries & Cream Cake Mix 540g,760486,$5.20,$0.96 / 100G,https://www.woolworths.com.au/shop/productdetails/760486/betty-crocker-strawberries-cream-cake-mix,https://cdn0.woolworths.media/content/wowproductimages/medium/760486.jpg,2020-09-21 17:27:05,,0,,True
ac38c845-0f9e-4a7c-be8d-b23777ec63de,Woolworths Supermarket,Pantry,Betty Crocker Chocolate Cupcake Mix 450g,760495,$5.20,$1.16 / 100G,https://www.woolworths.com.au/shop/productdetails/760495/betty-crocker-chocolate-cupcake-mix,https://cdn0.woolworths.media/content/wowproductimages/medium/760495.jpg,2020-09-21 17:27:05,,0,,True
e382573e-6a7d-45de-b8c8-18e6d2cdfe83,Woolworths Supermarket,Pantry,Lindt Excellence White Chocolate Extra Silky 100g block,760825,$3.00,$3.00 / 100G,https://www.woolworths.com.au/shop/productdetails/760825/lindt-excellence-white-chocolate-extra-silky,https://cdn0.woolworths.media/content/wowproductimages/medium/760825.jpg,2020-09-21 17:27:05,,0,,True
b689df7e-7693-488f-b474-d42654adabed,Woolworths Supermarket,Pantry,Sandhurst Kalamata Olives Pitted 300g,761064,$3.75,$12.50 / 1KG,https://www.woolworths.com.au/shop/productdetails/761064/sandhurst-kalamata-olives-pitted,https://cdn0.woolworths.media/content/wowproductimages/medium/761064.jpg,2020-09-21 17:27:05,,0,,True
ccf35c1d-0c4e-4e39-88a8-6ed1c84994d5,Woolworths Supermarket,Pantry,Macro Organic Whole Egg Mayonnaise 440g,761079,$5.50,$1.25 / 100G,https://www.woolworths.com.au/shop/productdetails/761079/macro-organic-whole-egg-mayonnaise,https://cdn0.woolworths.media/content/wowproductimages/medium/761079.jpg,2020-09-21 17:27:05,Average product rating out of 5: 4.1. Product score is based on 463 ratings,463,Was $5.99 03/09/2018,True
5539bb18-ac58-4bdc-bda6-ce6c498c9d6f,Woolworths Supermarket,Pantry,Kellogg's Rice Bubbles Puffed Rice Breakfast Cereal 705g,761353,$6.00,$0.85 / 100G,https://www.woolworths.com.au/shop/productdetails/761353/kellogg-s-rice-bubbles-puffed-rice-breakfast-cereal,https://cdn0.woolworths.media/content/wowproductimages/medium/761353.jpg,2020-09-21 17:27:05,,0,Was $6.99 12/06/2018,True
202f1dfe-6c92-43eb-92c5-0ee3074337be,Woolworths Supermarket,Pantry,Continental Creamy Bacon Carbonara Pasta & Sauce Value Pack 145g,761509,$3.00,$2.07 / 100G,https://www.woolworths.com.au/shop/productdetails/761509/continental-creamy-bacon-carbonara-pasta-sauce-value-pack,https://cdn0.woolworths.media/content/wowproductimages/medium/761509.jpg,2020-09-21 17:27:05,,0,,True
a314301a-98f6-4914-84f7-138d7e288065,Woolworths Supermarket,Pantry,Continental Value Pack Pasta & Sauce Alfredo 145g,761526,$3.00,$2.07 / 100G,https://www.woolworths.com.au/shop/productdetails/761526/continental-value-pack-pasta-sauce-alfredo,https://cdn0.woolworths.media/content/wowproductimages/medium/761526.jpg,2020-09-21 17:27:05,,0,,True
b819b9f1-4152-4f25-a25c-61c64eb4c6a6,Woolworths Supermarket,Pantry,Continental Value Pack Pasta & Sauce Chicken Curry 150g,761555,$3.00,$2.00 / 100G,https://www.woolworths.com.au/shop/productdetails/761555/continental-value-pack-pasta-sauce-chicken-curry,https://cdn0.woolworths.media/content/wowproductimages/medium/761555.jpg,2020-09-21 17:27:05,,0,,True
f373584a-1dd8-4e4a-bfe7-385c48d9a1ec,Woolworths Supermarket,Pantry,Continental Sour Cream & Chives Pasta & Sauce Value Pack 145g,761556,$3.00,$2.07 / 100G,https://www.woolworths.com.au/shop/productdetails/761556/continental-sour-cream-chives-pasta-sauce-value-pack,https://cdn0.woolworths.media/content/wowproductimages/medium/761556.jpg,2020-09-21 17:27:05,,0,,True
ae80652f-7a97-4a03-87ad-41ed17bb3cbd,Woolworths Supermarket,Pantry,Continental Value Pack Pasta & Sauce Four Cheeses 170g,761642,$3.00,$1.76 / 100G,https://www.woolworths.com.au/shop/productdetails/761642/continental-value-pack-pasta-sauce-four-cheeses,https://cdn0.woolworths.media/content/wowproductimages/medium/761642.jpg,2020-09-21 17:27:05,,0,,True
a6271fc3-6e0f-4e7a-9eb0-8a9f00f099c7,Woolworths Supermarket,Pantry,Lee Kum Kee Sauce Stir Fry Hoisin 260g,762239,$3.50,$1.35 / 100G,https://www.woolworths.com.au/shop/productdetails/762239/lee-kum-kee-sauce-stir-fry-hoisin,https://cdn0.woolworths.media/content/wowproductimages/medium/762239.jpg,2020-09-21 17:27:05,,0,,True
f111c9d8-52e2-4785-be0f-97b1aa6a87ec,Woolworths Supermarket,Pantry,Lighthouse Sponge Cake & Steamed Bun Self Raising Flour 1kg,762578,$3.75,$3.75 / 1KG,https://www.woolworths.com.au/shop/productdetails/762578/lighthouse-sponge-cake-steamed-bun-self-raising-flour,https://cdn0.woolworths.media/content/wowproductimages/medium/762578.jpg,2020-09-21 17:27:05,,0,,True
632a6242-3763-49f4-8ac4-a8900cb4e8ee,Woolworths Supermarket,Pantry,Woolworths Cacao Almond Mix 400g,763150,$7.00,$17.50 / 1KG,https://www.woolworths.com.au/shop/productdetails/763150/woolworths-cacao-almond-mix,https://cdn0.woolworths.media/content/wowproductimages/medium/763150.jpg,2020-09-21 17:27:05,Average product rating out of 5: 4.1. Product score is based on 822 ratings,822,,True
24ae4985-c5dd-4a39-9eda-6c17fd9f879a,Woolworths Supermarket,Pantry,Woolworths Nut & Pretzel Crunch Mix 600g,763154,$8.00,$13.33 / 1KG,https://www.woolworths.com.au/shop/productdetails/763154/woolworths-nut-pretzel-crunch-mix,https://cdn0.woolworths.media/content/wowproductimages/medium/763154.jpg,2020-09-21 17:27:05,,0,,True
3788f7ca-b011-4c30-b94d-3b230ef6c5b3,Woolworths Supermarket,Pantry,Golden Circle Puree Strawberry Squeeze 120g,763159,$1.50,$12.50 / 1KG,https://www.woolworths.com.au/shop/productdetails/763159/golden-circle-puree-strawberry-squeeze,https://cdn0.woolworths.media/content/wowproductimages/medium/763159.jpg,2020-09-21 17:27:05,,0,Was $1.89 03/04/2017,True
15d265ad-da68-4972-b51a-9f536137f0da,Woolworths Supermarket,Pantry,Woolworths Smoked Almonds 200g,763256,$5.00,$25.00 / 1KG,https://www.woolworths.com.au/shop/productdetails/763256/woolworths-smoked-almonds,https://cdn0.woolworths.media/content/wowproductimages/medium/763256.jpg,2020-09-21 17:27:05,Average product rating out of 5: 4.0. Product score is based on 469 ratings,469,,True
deb8079b-ae0a-49b4-9131-c55659c91979,Woolworths Supermarket,Pantry,Golden Circle Puree Pineapple & Mango 120g,763259,$1.50,$12.50 / 1KG,https://www.woolworths.com.au/shop/productdetails/763259/golden-circle-puree-pineapple-mango,https://cdn0.woolworths.media/content/wowproductimages/medium/763259.jpg,2020-09-21 17:27:05,,0,Was $1.89 03/04/2017,True
6e501621-c6f8-44cc-8a79-8cbd1a3f8242,Woolworths Supermarket,Pantry,Golden Circle Passion Pulp Puree Apple & Passionfruit 120g,763261,$1.50,$12.50 / 1KG,https://www.woolworths.com.au/shop/productdetails/763261/golden-circle-passion-pulp-puree-apple-passionfruit,https://cdn0.woolworths.media/content/wowproductimages/medium/763261.jpg,2020-09-21 17:27:05,,0,Was $1.89 03/04/2017,True
6fe7c8af-af52-4895-947d-7ad85f671279,Woolworths Supermarket,Pantry,Flying Goose Sriracha Mayo 455ml,763735,$7.50,$1.65 / 100ML,https://www.woolworths.com.au/shop/productdetails/763735/flying-goose-sriracha-mayo,https://cdn0.woolworths.media/content/wowproductimages/medium/763735.jpg,2020-09-21 17:27:05,,0,,True
57d56030-0f84-4cb2-95a6-c919d9a58c11,Woolworths Supermarket,Pantry,Masterfoods Burger Sauce 250ml,763762,$3.00,$1.20 / 100ML,https://www.woolworths.com.au/shop/productdetails/763762/masterfoods-burger-sauce,https://cdn0.woolworths.media/content/wowproductimages/medium/763762.jpg,2020-09-21 17:27:05,,0,,True
cec9518f-a566-4734-bfe4-7ee7997e51b5,Woolworths Supermarket,Pantry,Macro Organic Trail Mix 250g,763844,$7.00,$28.00 / 1KG,https://www.woolworths.com.au/shop/productdetails/763844/macro-organic-trail-mix,https://cdn0.woolworths.media/content/wowproductimages/medium/763844.jpg,2020-09-21 17:27:05,Average product rating out of 5: 4.3. Product score is based on 488 ratings,488,,True
c1f73e16-a637-44e3-95c0-e7ae59d1b701,Woolworths Supermarket,Pantry,Continental Alfredo Garlic & Herb Pasta & Sauce Value Pack 145g,763881,$3.00,$2.07 / 100G,https://www.woolworths.com.au/shop/productdetails/763881/continental-alfredo-garlic-herb-pasta-sauce-value-pack,https://cdn0.woolworths.media/content/wowproductimages/medium/763881.jpg,2020-09-21 17:27:05,,0,,True
d3c87842-7c03-47d0-b88f-99da174e256e,Woolworths Supermarket,Pantry,Continental Pasta & Sauce Alfredo Garlic & Herb 85g,763882,$2.10,$2.47 / 100G,https://www.woolworths.com.au/shop/productdetails/763882/continental-pasta-sauce-alfredo-garlic-herb,https://cdn0.woolworths.media/content/wowproductimages/medium/763882.jpg,2020-09-21 17:27:05,,0,,True
3af2d37d-a3c1-4768-90c2-ad4f7b5a6731,Woolworths Supermarket,Pantry,Masterfoods Texas Style Smokey Marinade 375g,763918,$3.50,$0.93 / 100G,https://www.woolworths.com.au/shop/productdetails/763918/masterfoods-texas-style-smokey-marinade,https://cdn0.woolworths.media/content/wowproductimages/medium/763918.jpg,2020-09-21 17:27:05,,0,,True
38eec3cc-bc00-41a1-bf9f-d9722cf0c95d,Woolworths Supermarket,Pantry,Masterfoods New York Style Buffalo Marinade 375g,764344,$3.50,$0.93 / 100G,https://www.woolworths.com.au/shop/productdetails/764344/masterfoods-new-york-style-buffalo-marinade,https://cdn0.woolworths.media/content/wowproductimages/medium/764344.jpg,2020-09-21 17:27:05,,0,,True
a34aa850-0d10-443e-b19a-bb7c03c9dc36,Woolworths Supermarket,Pantry,Masterfoods Beef Stroganoff Simmer Sauce 495g,764820,$3.70,$0.75 / 100G,https://www.woolworths.com.au/shop/productdetails/764820/masterfoods-beef-stroganoff-simmer-sauce,https://cdn0.woolworths.media/content/wowproductimages/medium/764820.jpg,2020-09-21 17:27:05,,0,2 for $6.00,True
59e990b2-be1c-4136-b949-5bcd9d796789,Woolworths Supermarket,Pantry,Masterfoods Moroccan Chicken Simmer Sauce 510g,764836,$3.70,$0.73 / 100G,https://www.woolworths.com.au/shop/productdetails/764836/masterfoods-moroccan-chicken-simmer-sauce,https://cdn0.woolworths.media/content/wowproductimages/medium/764836.jpg,2020-09-21 17:27:05,,0,2 for $6.00,True
b0c87013-7df7-415a-8bb1-40cfa41fb111,Woolworths Supermarket,Pantry,Masterfoods Honey Mustard Chicken Simmer Sauce 505g,764856,$3.70,$0.73 / 100G,https://www.woolworths.com.au/shop/productdetails/764856/masterfoods-honey-mustard-chicken-simmer-sauce,https://cdn0.woolworths.media/content/wowproductimages/medium/764856.jpg,2020-09-21 17:27:05,,0,2 for $6.00,True
87f49b58-1f54-4736-a280-ff51c7f8e48e,Woolworths Supermarket,Pantry,Masterfoods Creamy Chicken & Mushroom Simmer Sauce 490g,764921,$3.70,$0.76 / 100G,https://www.woolworths.com.au/shop/productdetails/764921/masterfoods-creamy-chicken-mushroom-simmer-sauce,https://cdn0.woolworths.media/content/wowproductimages/medium/764921.jpg,2020-09-21 17:27:05,,0,2 for $6.00,True
5bf68ca9-d3e6-4f11-aec2-9edce7eb7452,Woolworths Supermarket,Pantry,So Soft Marshmallow Twists 300g,765010,$3.00,$1.00 / 100G,https://www.woolworths.com.au/shop/productdetails/765010/so-soft-marshmallow-twists,https://cdn0.woolworths.media/content/wowproductimages/medium/765010.jpg,2020-09-21 17:27:05,,0,,True
7ac3287c-4e38-44ff-84b8-df0c7a2384c7,Woolworths Supermarket,Pantry,So Soft Marshmallow Jumbos 300g,765011,$3.00,$1.00 / 100G,https://www.woolworths.com.au/shop/productdetails/765011/so-soft-marshmallow-jumbos,https://cdn0.woolworths.media/content/wowproductimages/medium/765011.jpg,2020-09-21 17:27:05,,0,,True
c2cfb93e-dfae-42e7-ae32-1aa6b665c368,Woolworths Supermarket,Pantry,So Soft Marshmallow Pink & Whites 300g,765014,$3.00,$1.00 / 100G,https://www.woolworths.com.au/shop/productdetails/765014/so-soft-marshmallow-pink-whites,https://cdn0.woolworths.media/content/wowproductimages/medium/765014.jpg,2020-09-21 17:27:05,,0,,True
5e0d7640-6bec-491a-9e17-619651d2b6a8,Woolworths Supermarket,Pantry,Sunrice Brown Rice Steamed Organic 250g,765407,$2.80,$1.12 / 100G,https://www.woolworths.com.au/shop/productdetails/765407/sunrice-brown-rice-steamed-organic,https://cdn0.woolworths.media/content/wowproductimages/medium/765407.jpg,2020-09-21 17:27:05,,0,Was $3.30 30/06/2016,True
2e270d81-84cf-4ee1-be23-744d7a513d39,Woolworths Supermarket,Pantry,Sunbites Grain Waves Sour Cream & Chives 5 pack,720220,$3.10,$2.82 / 100G,https://www.woolworths.com.au/shop/productdetails/720220/sunbites-grain-waves-sour-cream-chives,https://cdn0.woolworths.media/content/wowproductimages/medium/720220.jpg,2020-09-21 17:27:05,,0,2 for $5.00,True
7b4bb60d-900f-4fb7-aba8-4b139153293e,Woolworths Supermarket,Pantry,Cobram Estate Extra Virgin Light Olive Oil 750ml,345955,$15.00,$2.00 / 100ML,https://www.woolworths.com.au/shop/productdetails/345955/cobram-estate-extra-virgin-light-olive-oil,https://cdn0.woolworths.media/content/wowproductimages/medium/345955.jpg,2020-09-21 17:27:05,,0,,True
eab03c41-6c1b-45ae-8c82-8ebf5c0d0ab6,Woolworths Supermarket,Pantry,Continental Cup A Soup Creamy Chicken With Lots Of Noodles 2 pack,026649,$2.00,$3.33 / 100G,https://www.woolworths.com.au/shop/productdetails/26649/continental-cup-a-soup-creamy-chicken-with-lots-of-noodles,https://cdn0.woolworths.media/content/wowproductimages/medium/026649.jpg,2020-09-21 17:27:05,,0,,True
9b59d0e9-1806-466d-a088-18e1060c0bcf,Woolworths Supermarket,Pantry,Woolworths Walnuts Kernel 500g,749540,$11.00,$22.00 / 1KG,https://www.woolworths.com.au/shop/productdetails/749540/woolworths-walnuts-kernel,https://cdn0.woolworths.media/content/wowproductimages/medium/749540.jpg,2020-09-21 17:27:05,Average product rating out of 5: 4.8. Product score is based on 360 ratings,360,,True
5fbf2b64-552c-41a4-b5ca-a42b2fac5e4d,Woolworths Supermarket,Pantry,Woolworths White Rice Long Grain 5kg,072779,$6.70,$0.13 / 100G,https://www.woolworths.com.au/shop/productdetails/72779/woolworths-white-rice-long-grain,https://cdn0.woolworths.media/content/wowproductimages/medium/072779.jpg,2020-09-21 17:27:05,Average product rating out of 5: 4.8. Product score is based on 14 ratings,14,,True
e27830e8-a8ae-4cd9-ab08-6e9862e68d3b,Woolworths Supermarket,Pantry,Ritz Crackers Original 300g,660562,$2.50,$0.83 / 100G,https://www.woolworths.com.au/shop/productdetails/660562/ritz-crackers-original,https://cdn0.woolworths.media/content/wowproductimages/medium/660562.jpg,2020-09-21 17:27:05,,0,,True
924b46cf-c144-40e2-b98a-26c7a1b052d2,Woolworths Supermarket,Pantry,Vege Chips Chicken Style 100g,793382,$3.80,$3.80 / 100G,https://www.woolworths.com.au/shop/productdetails/793382/vege-chips-chicken-style,https://cdn0.woolworths.media/content/wowproductimages/medium/793382.jpg,2020-09-21 17:27:05,Average product rating out of 5: 4.7. Product score is based on 20 ratings,20,,True
db5a4ac8-7704-4a81-8d3b-fe00ab1efbce,Woolworths Supermarket,Pantry,Woolworths Almond Meal 400g,610610,$7.50,$18.75 / 1KG,https://www.woolworths.com.au/shop/productdetails/610610/woolworths-almond-meal,https://cdn0.woolworths.media/content/wowproductimages/medium/610610.jpg,2020-09-21 17:27:05,Average product rating out of 5: 4.6. Product score is based on 326 ratings,326,Was $9.00 22/07/2020,True
065bf843-e897-461a-963c-554f7c911358,Woolworths Supermarket,Pantry,Moccona Freeze Dried Instant Coffee Classic Medium Roast 400g,208575,$24.00,$6.00 / 100G,https://www.woolworths.com.au/shop/productdetails/208575/moccona-freeze-dried-instant-coffee-classic-medium-roast,https://cdn0.woolworths.media/content/wowproductimages/medium/208575.jpg,2020-09-21 17:27:05,,0,,True
3053ede8-6b2c-4526-a8a3-6f72e31259bb,Woolworths Supermarket,Pantry,Nescafe Blend 43 Soluble Instant Coffee 500g,035694,$20.00,$4.00 / 100G,https://www.woolworths.com.au/shop/productdetails/35694/nescafe-blend-43-soluble-instant-coffee,https://cdn0.woolworths.media/content/wowproductimages/medium/035694.jpg,2020-09-21 17:27:05,,0,,True
b36904f5-51a1-4eb0-a176-941004f2c2e5,Woolworths Supermarket,Pantry,Cadbury Dairy Milk Chocolate Fair Trade 350g,757883,$5.00,$1.43 / 100G,https://www.woolworths.com.au/shop/productdetails/757883/cadbury-dairy-milk-chocolate-fair-trade,https://cdn0.woolworths.media/content/wowproductimages/medium/757883.jpg,2020-09-21 17:27:05,,0,Was $6.30 16/01/2017,True
a3fd72d9-94de-448b-bbd5-a6c1da3a058c,Woolworths Supermarket,Pantry,Woolworths Diced Italian Tomatoes No Added Salt 400g,770320,$0.80,$2.00 / 1KG,https://www.woolworths.com.au/shop/productdetails/770320/woolworths-diced-italian-tomatoes-no-added-salt,https://cdn0.woolworths.media/content/wowproductimages/medium/770320.jpg,2020-09-21 17:27:05,Average product rating out of 5: 4.7. Product score is based on 311 ratings,311,,True
3cc3aa01-66a4-45ff-a24e-e43dabd79960,Woolworths Supermarket,Pantry,Queen Organic Vanilla Bean Paste 65g,225399,$11.80,$18.15 / 100G,https://www.woolworths.com.au/shop/productdetails/225399/queen-organic-vanilla-bean-paste,https://cdn0.woolworths.media/content/wowproductimages/medium/225399.jpg,2020-09-21 17:27:05,,0,,True
75051497-9405-4bc5-8479-ec2a86dc8f16,Woolworths Supermarket,Pantry,Macro Organic Quinoa Tri Colour 500g,717631,$7.00,$1.40 / 100G,https://www.woolworths.com.au/shop/productdetails/717631/macro-organic-quinoa-tri-colour,https://cdn0.woolworths.media/content/wowproductimages/medium/717631.jpg,2020-09-21 17:27:05,Average product rating out of 5: 4.6. Product score is based on 274 ratings,274,Was $9.99 09/01/2017,True
3b5488d8-f039-4f90-acee-8e6b5b903429,Woolworths Supermarket,Pantry,Bertolli Extra Virgin Olive Oil Originale 750ml,502951,$6.50,$0.87 / 100ML,https://www.woolworths.com.au/shop/productdetails/502951/bertolli-extra-virgin-olive-oil-originale,https://cdn0.woolworths.media/content/wowproductimages/medium/502951.jpg,2020-09-21 17:27:05,,0,,True
44d8c02e-ea5a-4164-a575-c9fe4a2b5a38,Woolworths Supermarket,Pantry,Beechworth Pure Honey 1.5kg,250371,$22.00,$1.47 / 100G,https://www.woolworths.com.au/shop/productdetails/250371/beechworth-pure-honey,https://cdn0.woolworths.media/content/wowproductimages/medium/250371.jpg,2020-09-21 17:27:05,,0,,True
83af4d89-ca1e-4f78-b73a-67f49cdd2afc,Woolworths Supermarket,Pantry,Arnott's Monte Carlo 250g,036031,$3.00,$1.20 / 100G,https://www.woolworths.com.au/shop/productdetails/36031/arnott-s-monte-carlo,https://cdn0.woolworths.media/content/wowproductimages/medium/036031.jpg,2020-09-21 17:27:05,,0,,True
6ef5d8e5-a289-49f8-9e3b-76da940c2e8b,Woolworths Supermarket,Pantry,Mckenzie's Himalayan Salt Rock Pink 400g,749926,$5.95,$0.15 / 10G,https://www.woolworths.com.au/shop/productdetails/749926/mckenzie-s-himalayan-salt-rock-pink,https://cdn0.woolworths.media/content/wowproductimages/medium/749926.jpg,2020-09-21 17:27:05,,0,,True
c9bcde05-0dd6-4c6d-8d0d-e7aa199bd89e,Woolworths Supermarket,Pantry,Sanitarium Weet-bix Breakfast Cereal 1.2kg,200695,$5.00,$0.42 / 100G,https://www.woolworths.com.au/shop/productdetails/200695/sanitarium-weet-bix-breakfast-cereal,https://cdn0.woolworths.media/content/wowproductimages/medium/200695.jpg,2020-09-21 17:27:05,,0,,True
9cf0b320-8065-40bc-9330-082d3de98c1f,Woolworths Supermarket,Pantry,Woolworths Rolled Traditional Oats 750g,321220,$1.40,$0.19 / 100G,https://www.woolworths.com.au/shop/productdetails/321220/woolworths-rolled-traditional-oats,https://cdn0.woolworths.media/content/wowproductimages/medium/321220.jpg,2020-09-21 17:27:05,Average product rating out of 5: 4.6. Product score is based on 748 ratings,748,,True
54ed6b7b-0336-41f0-8496-b892de193882,Woolworths Supermarket,Pantry,Sunrice Heat & Serve Rice & Quinoa 250g,765491,$2.80,$1.12 / 100G,https://www.woolworths.com.au/shop/productdetails/765491/sunrice-heat-serve-rice-quinoa,https://cdn0.woolworths.media/content/wowproductimages/medium/765491.jpg,2020-09-21 17:27:05,,0,Was $3.30 30/06/2016,True
dd8bd41e-ce9f-488b-b2aa-d94a9070d36b,Woolworths Supermarket,Pantry,Cottee's Squeezy Topping Caramel 575g,765578,$3.20,$0.56 / 100G,https://www.woolworths.com.au/shop/productdetails/765578/cottee-s-squeezy-topping-caramel,https://cdn0.woolworths.media/content/wowproductimages/medium/765578.jpg,2020-09-21 17:27:05,,0,Was $3.65 31/10/16,True
c9aacb2c-334a-450e-9c9f-6477f57b64d3,Woolworths Supermarket,Pantry,Sunrice Gluten Free Rice And Quinoa 750g,765693,$3.50,$0.47 / 100G,https://www.woolworths.com.au/shop/productdetails/765693/sunrice-gluten-free-rice-and-quinoa,https://cdn0.woolworths.media/content/wowproductimages/medium/765693.jpg,2020-09-21 17:27:05,,0,,True
bb7db64b-1e47-484e-8239-afb1c555a8f2,Woolworths Supermarket,Pantry,Cottee's Squeezy Topping Chocolate 615g,765711,$3.20,$0.52 / 100G,https://www.woolworths.com.au/shop/productdetails/765711/cottee-s-squeezy-topping-chocolate,https://cdn0.woolworths.media/content/wowproductimages/medium/765711.jpg,2020-09-21 17:27:05,,0,Was $3.65 31/10/16,True
64ae5ec7-9fed-4b43-8cd3-8d991eeafc40,Woolworths Supermarket,Pantry,Sanitarium Up&go Liquid Breakfast Strawberry 12 pack,765973,$13.00,$4.33 / 1L,https://www.woolworths.com.au/shop/productdetails/765973/sanitarium-up-go-liquid-breakfast-strawberry,https://cdn0.woolworths.media/content/wowproductimages/medium/765973.jpg,2020-09-21 17:27:05,,0,,True
7e6d86df-d95f-4774-9f8a-77648676eaac,Woolworths Supermarket,Pantry,Sanitarium Up&go Liquid Breakfast Banana 12 pack,765982,$13.00,$4.33 / 1L,https://www.woolworths.com.au/shop/productdetails/765982/sanitarium-up-go-liquid-breakfast-banana,https://cdn0.woolworths.media/content/wowproductimages/medium/765982.jpg,2020-09-21 17:27:05,,0,,True
4494bf43-31db-497e-a752-4a770b1b7e2d,Woolworths Supermarket,Pantry,Donna Hay Molten Chocolate Chunk Brownie 660g,766044,$7.00,$1.06 / 100G,https://www.woolworths.com.au/shop/productdetails/766044/donna-hay-molten-chocolate-chunk-brownie,https://cdn0.woolworths.media/content/wowproductimages/medium/766044.jpg,2020-09-21 17:27:05,,0,,True
17d4ae10-c72a-406d-85e0-b67002867b68,Woolworths Supermarket,Pantry,Praise Aioli Mayonnaise Deli Style Intense Garlic 250ml,766205,$4.00,$1.60 / 100ML,https://www.woolworths.com.au/shop/productdetails/766205/praise-aioli-mayonnaise-deli-style-intense-garlic,https://cdn0.woolworths.media/content/wowproductimages/medium/766205.jpg,2020-09-21 17:27:05,,0,,True
592611ec-d5de-4b74-88cb-d428d1e08e7d,Woolworths Supermarket,Pantry,John West Anchovies 45g,766211,$2.90,$64.44 / 1KG,https://www.woolworths.com.au/shop/productdetails/766211/john-west-anchovies,https://cdn0.woolworths.media/content/wowproductimages/medium/766211.jpg,2020-09-21 17:27:05,,0,,True
7cfa296d-1b5a-4316-a536-effb168dc3cc,Woolworths Supermarket,Pantry,Praise Aioli Mayonnaise Deli Style Classic 250ml,766214,$4.00,$1.60 / 100ML,https://www.woolworths.com.au/shop/productdetails/766214/praise-aioli-mayonnaise-deli-style-classic,https://cdn0.woolworths.media/content/wowproductimages/medium/766214.jpg,2020-09-21 17:27:05,,0,,True
1ecdfb51-0a9a-4b21-a7ab-8893c9189af0,Woolworths Supermarket,Pantry,Praise Aioli Mayonnaise Deli Style Chipotle 250ml,766230,$4.00,$1.60 / 100ML,https://www.woolworths.com.au/shop/productdetails/766230/praise-aioli-mayonnaise-deli-style-chipotle,https://cdn0.woolworths.media/content/wowproductimages/medium/766230.jpg,2020-09-21 17:27:05,,0,,True
8c37e805-840b-440f-b16e-9c8c55fceb9a,Woolworths Supermarket,Pantry,Woolworths Macadamias Honey 400g pack,766471,$18.00,$45.00 / 1KG,https://www.woolworths.com.au/shop/productdetails/766471/woolworths-macadamias-honey,https://cdn0.woolworths.media/content/wowproductimages/medium/766471.jpg,2020-09-21 17:27:05,,0,,True
515bdfd4-10ba-43da-a171-a4212c1ef68b,Woolworths Supermarket,Pantry,Kellogg's Sultana Bran Buds Fibre Breakfast Cereal 450g,766541,$6.00,$1.33 / 100G,https://www.woolworths.com.au/shop/productdetails/766541/kellogg-s-sultana-bran-buds-fibre-breakfast-cereal,https://cdn0.woolworths.media/content/wowproductimages/medium/766541.jpg,2020-09-21 17:27:05,,0,Was $6.79 07/06/2018,True
fdb1ccdc-89c9-4924-926d-d3dc14fa887b,Woolworths Supermarket,Pantry,Red Kellys Dressings Sweet Chilli & Lime 250ml,766607,$4.00,$1.60 / 100ML,https://www.woolworths.com.au/shop/productdetails/766607/red-kellys-dressings-sweet-chilli-lime,https://cdn0.woolworths.media/content/wowproductimages/medium/766607.jpg,2020-09-21 17:27:05,,0,,True
e76e2b6c-5c1e-407d-abdd-13080dd886a4,Woolworths Supermarket,Pantry,Freedom Foods Muesli 3 Ancient Grains 300g,766655,$6.50,$2.17 / 100G,https://www.woolworths.com.au/shop/productdetails/766655/freedom-foods-muesli-3-ancient-grains,https://cdn0.woolworths.media/content/wowproductimages/medium/766655.jpg,2020-09-21 17:27:05,Average product rating out of 5: 3.9. Product score is based on 9 ratings,9,,True
88b43e6a-723d-498a-b370-54e3489a4d3f,Woolworths Supermarket,Pantry,Sunrice White Rice Low Gi 750g,766937,$3.50,$0.47 / 100G,https://www.woolworths.com.au/shop/productdetails/766937/sunrice-white-rice-low-gi,https://cdn0.woolworths.media/content/wowproductimages/medium/766937.jpg,2020-09-21 17:27:05,,0,,True
297b39dd-29bb-4f43-9ef2-368df885ad45,Woolworths Supermarket,Pantry,Moro Dressings Italian Glaze 118ml,767044,$4.00,$3.39 / 100ML,https://www.woolworths.com.au/shop/productdetails/767044/moro-dressings-italian-glaze,https://cdn0.woolworths.media/content/wowproductimages/medium/767044.jpg,2020-09-21 17:27:05,,0,,True
2e36e84b-14e9-4754-b0f9-43d18d57d549,Woolworths Supermarket,Pantry,Jamie Oliver Pasta Sauce Tomato & Chilli 400g,767527,$4.30,$1.08 / 100G,https://www.woolworths.com.au/shop/productdetails/767527/jamie-oliver-pasta-sauce-tomato-chilli,https://cdn0.woolworths.media/content/wowproductimages/medium/767527.jpg,2020-09-21 17:27:05,,0,,True
8eee6cb7-ea6c-4767-a34a-68c6ccb30732,Woolworths Supermarket,Pantry,Jamie Oliver Pasta Sauce Italian Red Wine 400g,767528,$4.30,$1.08 / 100G,https://www.woolworths.com.au/shop/productdetails/767528/jamie-oliver-pasta-sauce-italian-red-wine,https://cdn0.woolworths.media/content/wowproductimages/medium/767528.jpg,2020-09-21 17:27:05,,0,,True
01c819c5-30ed-49e0-980c-7713372397be,Woolworths Supermarket,Pantry,Jamie Oliver Pasta Sauce Tomato & Basil 400g,767529,$4.30,$1.08 / 100G,https://www.woolworths.com.au/shop/productdetails/767529/jamie-oliver-pasta-sauce-tomato-basil,https://cdn0.woolworths.media/content/wowproductimages/medium/767529.jpg,2020-09-21 17:27:05,,0,,True
84f751b9-c0cc-45c5-bf3f-e9ffb7eab8a6,Woolworths Supermarket,Pantry,Moccona Mixes Strong Cappuccino 10 pack,767922,$4.50,$3.00 / 100G,https://www.woolworths.com.au/shop/productdetails/767922/moccona-mixes-strong-cappuccino,https://cdn0.woolworths.media/content/wowproductimages/medium/767922.jpg,2020-09-21 17:27:05,,0,Was $5.59 14/11/16,True
2f4cd099-1726-4ef0-acfb-1e9b0c1aa4b5,Woolworths Supermarket,Pantry,Moccona Mixes Latte 10 pack,767940,$4.50,$3.00 / 100G,https://www.woolworths.com.au/shop/productdetails/767940/moccona-mixes-latte,https://cdn0.woolworths.media/content/wowproductimages/medium/767940.jpg,2020-09-21 17:27:05,,0,Was $5.59 14/11/16,True
9b9e4c4b-8252-4ec5-9bf0-d39345dca1fd,Woolworths Supermarket,Pantry,Moccona Mixes Cappuccino 10 pack,767983,$4.50,$0.45 / 1EA,https://www.woolworths.com.au/shop/productdetails/767983/moccona-mixes-cappuccino,https://cdn0.woolworths.media/content/wowproductimages/medium/767983.jpg,2020-09-21 17:27:05,,0,Was $5.59 14/11/16,True
ccd38ff2-d400-492e-88e5-3e700ef598b7,Woolworths Supermarket,Pantry,Moccona Mixes Caramel Latte 10 pack,767993,$4.50,$3.21 / 100G,https://www.woolworths.com.au/shop/productdetails/767993/moccona-mixes-caramel-latte,https://cdn0.woolworths.media/content/wowproductimages/medium/767993.jpg,2020-09-21 17:27:05,,0,Was $5.59 14/11/16,True
9f658085-e463-4966-aa81-354672e282f1,Woolworths Supermarket,Pantry,Loacker Wafers White Tortina 125g,768620,$2.50,$2.00 / 100G,https://www.woolworths.com.au/shop/productdetails/768620/loacker-wafers-white-tortina,https://cdn0.woolworths.media/content/wowproductimages/medium/768620.jpg,2020-09-21 17:27:05,,0,,True
859b8adc-5fbe-4dc1-ab68-6d1d4df20284,Woolworths Supermarket,Pantry,Sustagen Vanilla Ready To Drink 3x250ml,768721,$5.49,$7.32 / 1L,https://www.woolworths.com.au/shop/productdetails/768721/sustagen-vanilla-ready-to-drink,https://cdn0.woolworths.media/content/wowproductimages/medium/768721.jpg,2020-09-21 17:27:05,,0,,True
1140df53-31f5-4dad-903e-ab169d3f4c5c,Woolworths Supermarket,Pantry,Sanitarium Up&go Protein Energize Choc 250ml x12 pack,768911,$13.00,$4.33 / 1L,https://www.woolworths.com.au/shop/productdetails/768911/sanitarium-up-go-protein-energize-choc,https://cdn0.woolworths.media/content/wowproductimages/medium/768911.jpg,2020-09-21 17:27:05,,0,,True
d4c76a2e-68d6-4da9-b6a9-290eea29f049,Woolworths Supermarket,Pantry,Bonne Maman Caramel Spread Spread 380g,769172,$5.20,$1.37 / 100G,https://www.woolworths.com.au/shop/productdetails/769172/bonne-maman-caramel-spread-spread,https://cdn0.woolworths.media/content/wowproductimages/medium/769172.jpg,2020-09-21 17:27:05,,0,,True
62620716-d228-4ffe-8cb8-d7ede017813f,Woolworths Supermarket,Pantry,Moccona Sweet Cappuccino 10 pack,769254,$4.50,$3.00 / 100G,https://www.woolworths.com.au/shop/productdetails/769254/moccona-sweet-cappuccino,https://cdn0.woolworths.media/content/wowproductimages/medium/769254.jpg,2020-09-21 17:27:05,,0,Was $5.59 14/11/16,True
2ed6abe4-340b-40f9-9ffe-0d2ea696b804,Woolworths Supermarket,Pantry,Moccona Skim Cappuccino 10pk 140g,769305,$4.50,$3.21 / 100G,https://www.woolworths.com.au/shop/productdetails/769305/moccona-skim-cappuccino,https://cdn0.woolworths.media/content/wowproductimages/medium/769305.jpg,2020-09-21 17:27:05,,0,Was $5.59 14/11/16,True
88fa5d5c-bbc6-4078-bad2-ace3ee6067ee,Woolworths Supermarket,Pantry,Woolworths Free From Gluten Breadcrumbs 350g,769892,$4.00,$1.14 / 100G,https://www.woolworths.com.au/shop/productdetails/769892/woolworths-free-from-gluten-breadcrumbs,https://cdn0.woolworths.media/content/wowproductimages/medium/769892.jpg,2020-09-21 17:27:05,Average product rating out of 5: 4.6. Product score is based on 69 ratings,69,Was $4.90 01/03/2018,True
8700bb71-6241-48b1-b830-4dd78501d96b,Woolworths Supermarket,Pantry,Woolworths Free From Gluten Share Pack Potato Chips Original 100g,769897,$2.50,$2.50 / 100G,https://www.woolworths.com.au/shop/productdetails/769897/woolworths-free-from-gluten-share-pack-potato-chips-original,https://cdn0.woolworths.media/content/wowproductimages/medium/769897.jpg,2020-09-21 17:27:05,Average product rating out of 5: 4.3. Product score is based on 236 ratings,236,Was $2.99 23/01/2017,True
0a8d2d68-785d-43b8-90ec-8f02185fd362,Woolworths Supermarket,Pantry,Woolworths Free From Gluten Share Pack Honey Soy Chicken 100g,769899,$2.50,$2.50 / 100G,https://www.woolworths.com.au/shop/productdetails/769899/woolworths-free-from-gluten-share-pack-honey-soy-chicken,https://cdn0.woolworths.media/content/wowproductimages/medium/769899.jpg,2020-09-21 17:27:05,Average product rating out of 5: 4.8. Product score is based on 4 ratings,4,Was $2.99 23/01/2017,True
ea636f8d-a906-4a50-a276-3eed9061cef8,Woolworths Supermarket,Pantry,Woolworths Free From Gluten Cereal Cornflakes 375g,770052,$3.00,$0.80 / 100G,https://www.woolworths.com.au/shop/productdetails/770052/woolworths-free-from-gluten-cereal-cornflakes,https://cdn0.woolworths.media/content/wowproductimages/medium/770052.jpg,2020-09-21 17:27:05,Average product rating out of 5: 4.5. Product score is based on 31 ratings,31,Was $3.99 27/02/2017,True
ddcbaa44-6b16-4608-9607-2d989f4efb60,Woolworths Supermarket,Pantry,Woolworths Free From Gluten Plain Flour 750g,770057,$3.60,$4.80 / 1KG,https://www.woolworths.com.au/shop/productdetails/770057/woolworths-free-from-gluten-plain-flour,https://cdn0.woolworths.media/content/wowproductimages/medium/770057.jpg,2020-09-21 17:27:05,Average product rating out of 5: 4.7. Product score is based on 48 ratings,48,Was $3.99 01/03/2018,True
a1784fa0-7193-4e4c-babf-001920541880,Woolworths Supermarket,Pantry,Woolworths Free From Gluten Self Raising Flour 750g,770058,$3.60,$4.80 / 1KG,https://www.woolworths.com.au/shop/productdetails/770058/woolworths-free-from-gluten-self-raising-flour,https://cdn0.woolworths.media/content/wowproductimages/medium/770058.jpg,2020-09-21 17:27:05,Average product rating out of 5: 4.6. Product score is based on 40 ratings,40,Was $3.99 01/03/2018,True
b4bd6f6b-3648-4f19-a977-b4d01228af88,Woolworths Supermarket,Pantry,Woolworths Free From Brownie Mix 400g,770073,$4.00,$1.00 / 100G,https://www.woolworths.com.au/shop/productdetails/770073/woolworths-free-from-brownie-mix,https://cdn0.woolworths.media/content/wowproductimages/medium/770073.jpg,2020-09-21 17:27:05,Average product rating out of 5: 4.4. Product score is based on 241 ratings,241,,True
fba1d97d-0d0b-481f-9a23-20bfd796e2d8,Woolworths Supermarket,Pantry,Woolworths Free From Banana Bread 400g,770074,$3.40,$0.85 / 100G,https://www.woolworths.com.au/shop/productdetails/770074/woolworths-free-from-banana-bread,https://cdn0.woolworths.media/content/wowproductimages/medium/770074.jpg,2020-09-21 17:27:05,Average product rating out of 5: 4.6. Product score is based on 27 ratings,27,,True
66e4eedb-12a2-4e2e-ba12-9c89814217dd,Woolworths Supermarket,Pantry,Select Trail Mix 85g,770096,$2.00,$23.53 / 1KG,https://www.woolworths.com.au/shop/productdetails/770096/select-trail-mix,https://cdn0.woolworths.media/content/wowproductimages/medium/770096.jpg,2020-09-21 17:27:05,Average product rating out of 5: 3.8. Product score is based on 412 ratings,412,,True
63871196-899d-47b5-8a38-4e587cd51e77,Woolworths Supermarket,Pantry,Weight Watchers Coconut Delight Bars 5 pack,770249,$3.50,$3.33 / 100G,https://www.woolworths.com.au/shop/productdetails/770249/weight-watchers-coconut-delight-bars,https://cdn0.woolworths.media/content/wowproductimages/medium/770249.jpg,2020-09-21 17:27:05,,0,,True
443a13a1-2338-46f0-8933-ef89af6045e6,Woolworths Supermarket,Pantry,Woolworths Diced Italian Tomatoes No Added Salt 400g,770320,$0.80,$2.00 / 1KG,https://www.woolworths.com.au/shop/productdetails/770320/woolworths-diced-italian-tomatoes-no-added-salt,https://cdn0.woolworths.media/content/wowproductimages/medium/770320.jpg,2020-09-21 17:27:05,Average product rating out of 5: 4.7. Product score is based on 311 ratings,311,,True
577b86bf-c443-4442-bc48-a663711bafd3,Woolworths Supermarket,Pantry,Gullon Cookies Sugar Free Short Bread 330g,770779,$4.40,$1.33 / 100G,https://www.woolworths.com.au/shop/productdetails/770779/gullon-cookies-sugar-free-short-bread,https://cdn0.woolworths.media/content/wowproductimages/medium/770779.jpg,2020-09-21 17:27:05,Average product rating out of 5: 4.9. Product score is based on 7 ratings,7,,True
eb51096f-3359-43fe-97fb-ca6831eb2dc5,Woolworths Supermarket,Pantry,Gullon Sugar Free Digestives Chocolate each,770802,$5.30,$1.96 / 100G,https://www.woolworths.com.au/shop/productdetails/770802/gullon-sugar-free-digestives-chocolate,https://cdn0.woolworths.media/content/wowproductimages/medium/770802.jpg,2020-09-21 17:27:05,Average product rating out of 5: 4.9. Product score is based on 17 ratings,17,,True
294716a1-3d9b-41ea-8461-fb2cc1962eca,Woolworths Supermarket,Pantry,Barkers Anathoth Farm Lemon Curd 420g,770823,$5.00,$1.19 / 100G,https://www.woolworths.com.au/shop/productdetails/770823/barkers-anathoth-farm-lemon-curd,https://cdn0.woolworths.media/content/wowproductimages/medium/770823.jpg,2020-09-21 17:27:05,,0,,True
3112dfbb-cfb4-4d7b-9ccc-70891dd1075e,Woolworths Supermarket,Pantry,Golden Circle Beetroot Slices Pickled 440g,771058,$3.00,$6.82 / 1KG,https://www.woolworths.com.au/shop/productdetails/771058/golden-circle-beetroot-slices-pickled,https://cdn0.woolworths.media/content/wowproductimages/medium/771058.jpg,2020-09-21 17:27:05,,0,,True
50ea7dcc-efd1-4862-b47d-dd8fe091546d,Woolworths Supermarket,Pantry,Golden Circle Beetroot Whole Baby 440g,771059,$3.00,$6.82 / 1KG,https://www.woolworths.com.au/shop/productdetails/771059/golden-circle-beetroot-whole-baby,https://cdn0.woolworths.media/content/wowproductimages/medium/771059.jpg,2020-09-21 17:27:05,,0,,True
f9e70fd8-3715-4bda-9771-87ddae4e2e72,Woolworths Supermarket,Pantry,Macro Organic Lentils 425g,771216,$1.30,$0.31 / 100G,https://www.woolworths.com.au/shop/productdetails/771216/macro-organic-lentils,https://cdn0.woolworths.media/content/wowproductimages/medium/771216.jpg,2020-09-21 17:27:05,Average product rating out of 5: 4.3. Product score is based on 344 ratings,344,,True
727c26a5-ead0-4e2e-9663-f6d36786b079,Woolworths Supermarket,Pantry,Woolworths Free From Double Choc Biscuit 160g,771480,$3.50,$2.19 / 100G,https://www.woolworths.com.au/shop/productdetails/771480/woolworths-free-from-double-choc-biscuit,https://cdn0.woolworths.media/content/wowproductimages/medium/771480.jpg,2020-09-21 17:27:05,Average product rating out of 5: 4.8. Product score is based on 12 ratings,12,Was $3.99 13/03/2017,True
64e2ed18-3dd4-43d7-8ce1-f1e3ae593f5e,Woolworths Supermarket,Pantry,Woolworths Free From Gluten Gingernut Biscuit 155g,771481,$2.70,$1.74 / 100G,https://www.woolworths.com.au/shop/productdetails/771481/woolworths-free-from-gluten-gingernut-biscuit,https://cdn0.woolworths.media/content/wowproductimages/medium/771481.jpg,2020-09-21 17:27:05,Average product rating out of 5: 4.4. Product score is based on 33 ratings,33,Was $3.00 01/03/2018,True
1b8760b7-e963-4d95-8b6d-02bcc3431dd1,Woolworths Supermarket,Pantry,Woolworths Free From Gluten Share Pack Cheese Rings 90g,771756,$2.00,$2.22 / 100G,https://www.woolworths.com.au/shop/productdetails/771756/woolworths-free-from-gluten-share-pack-cheese-rings,https://cdn0.woolworths.media/content/wowproductimages/medium/771756.jpg,2020-09-21 17:27:05,Average product rating out of 5: 4.5. Product score is based on 26 ratings,26,Was $2.49 30/10/2017,True
b6fbafc5-cea1-4391-a1d7-8b91c5becef1,Woolworths Supermarket,Pantry,Woolworths Free From Gluten Share Pack Cheese Twists 90g,771757,$2.00,$2.22 / 100G,https://www.woolworths.com.au/shop/productdetails/771757/woolworths-free-from-gluten-share-pack-cheese-twists,https://cdn0.woolworths.media/content/wowproductimages/medium/771757.jpg,2020-09-21 17:27:05,Average product rating out of 5: 3.9. Product score is based on 691 ratings,691,Was $2.49 30/10/2017,True
4c556325-bd36-42c9-832c-0d534e2da926,Woolworths Supermarket,Pantry,Naturally Good Cookies Munchy Muesli Brownie 160g,771810,$4.95,$3.09 / 100G,https://www.woolworths.com.au/shop/productdetails/771810/naturally-good-cookies-munchy-muesli-brownie,https://cdn0.woolworths.media/content/wowproductimages/medium/771810.jpg,2020-09-21 17:27:05,Average product rating out of 5: 4.4. Product score is based on 9 ratings,9,,True
c4d6a647-9e30-43ca-871d-73406e3aca54,Woolworths Supermarket,Pantry,Naturally Good Cookies Munchy Muesli Vanilla 160g,771829,$4.95,$3.09 / 100G,https://www.woolworths.com.au/shop/productdetails/771829/naturally-good-cookies-munchy-muesli-vanilla,https://cdn0.woolworths.media/content/wowproductimages/medium/771829.jpg,2020-09-21 17:27:05,Average product rating out of 5: 4.8. Product score is based on 11 ratings,11,,True
1412c8b9-c73a-4908-843d-1f96f46deea6,Woolworths Supermarket,Pantry,Sunrice Rice Snacks Mini Bites Original 160g,771878,$4.00,$2.50 / 100G,https://www.woolworths.com.au/shop/productdetails/771878/sunrice-rice-snacks-mini-bites-original,https://cdn0.woolworths.media/content/wowproductimages/medium/771878.jpg,2020-09-21 17:27:05,Average product rating out of 5: 4.9. Product score is based on 16 ratings,16,Was $4.99 31/07/2017,True
f704f691-22cd-4552-8240-625cae397b70,Woolworths Supermarket,Pantry,Sunrice Rice Snacks Mini Bites Chicken 160g,771893,$4.00,$2.50 / 100G,https://www.woolworths.com.au/shop/productdetails/771893/sunrice-rice-snacks-mini-bites-chicken,https://cdn0.woolworths.media/content/wowproductimages/medium/771893.jpg,2020-09-21 17:27:05,Average product rating out of 5: 4.6. Product score is based on 35 ratings,35,Was $4.99 31/07/2017,True
7a95d667-5adf-41cb-8c3d-5f9479d075fa,Woolworths Supermarket,Pantry,Sunrice Rice Snacks Mini Bites Cheese 160g,771921,$4.00,$2.50 / 100G,https://www.woolworths.com.au/shop/productdetails/771921/sunrice-rice-snacks-mini-bites-cheese,https://cdn0.woolworths.media/content/wowproductimages/medium/771921.jpg,2020-09-21 17:27:05,Average product rating out of 5: 4.7. Product score is based on 16 ratings,16,Was $4.99 31/07/2017,True
8e02323f-c5b4-4215-8349-e045d66b1180,Woolworths Supermarket,Pantry,Saxa Natural Pink Himalayan Salt Grinder 95g,772021,,,https://www.woolworths.com.au/shop/productdetails/772021/saxa-natural-pink-himalayan-salt-grinder,https://cdn0.woolworths.media/content/wowproductimages/medium/772021.jpg,2020-09-21 17:27:05,,0,,False
3623856d-8b84-45a3-ade3-e7d71cf2dcad,Woolworths Supermarket,Pantry,Disney Frozen Mini Snacks Sultanas 12 pack,772169,$2.95,$17.56 / 1KG,https://www.woolworths.com.au/shop/productdetails/772169/disney-frozen-mini-snacks-sultanas,https://cdn0.woolworths.media/content/wowproductimages/medium/772169.jpg,2020-09-21 17:27:05,,0,,True
7bec73ed-e807-460b-b7c5-e04a07117f63,Woolworths Supermarket,Pantry,Edgell Four Bean Mix Mix 300g,772565,$1.30,$4.33 / 1KG,https://www.woolworths.com.au/shop/productdetails/772565/edgell-four-bean-mix-mix,https://cdn0.woolworths.media/content/wowproductimages/medium/772565.jpg,2020-09-21 17:27:05,,0,Was $1.70 18/11/2019,True
15bdfff1-0541-4188-b39d-a3449d710e93,Woolworths Supermarket,Pantry,Pandaroo Thai Palm Sugar 220g,772585,$2.50,$1.14 / 100G,https://www.woolworths.com.au/shop/productdetails/772585/pandaroo-thai-palm-sugar,https://cdn0.woolworths.media/content/wowproductimages/medium/772585.jpg,2020-09-21 17:27:05,,0,,True
ea605b28-dab6-4fb4-886c-07eda6aeebd6,Woolworths Supermarket,Pantry,Woolworths Salted Mixed Nuts 375g,773623,$5.35,$14.27 / 1KG,https://www.woolworths.com.au/shop/productdetails/773623/woolworths-salted-mixed-nuts,https://cdn0.woolworths.media/content/wowproductimages/medium/773623.jpg,2020-09-21 17:27:05,Average product rating out of 5: 2.9. Product score is based on 8 ratings,8,,True
0f68e203-32f6-452a-b912-c31f3689f6dd,Woolworths Supermarket,Pantry,Woolworths Unsalted Mixed Nuts 375g,773624,$5.35,$14.27 / 1KG,https://www.woolworths.com.au/shop/productdetails/773624/woolworths-unsalted-mixed-nuts,https://cdn0.woolworths.media/content/wowproductimages/medium/773624.jpg,2020-09-21 17:27:05,Average product rating out of 5: 3.9. Product score is based on 136 ratings,136,,True
2e76116f-ac2a-4f19-aebb-a26aef1ce659,Woolworths Supermarket,Pantry,Dollar Sweets Decoration Rainbow Poppng Topping 150g,773744,$3.00,$2.00 / 100G,https://www.woolworths.com.au/shop/productdetails/773744/dollar-sweets-decoration-rainbow-poppng-topping,https://cdn0.woolworths.media/content/wowproductimages/medium/773744.jpg,2020-09-21 17:27:05,,0,,True
2f82e25e-d6b2-4a4e-94e8-5d165cb2652a,Woolworths Supermarket,Pantry,Dollar Sweets Cake Decoration Fairy Toppings 145g,773763,$6.00,$4.14 / 100G,https://www.woolworths.com.au/shop/productdetails/773763/dollar-sweets-cake-decoration-fairy-toppings,https://cdn0.woolworths.media/content/wowproductimages/medium/773763.jpg,2020-09-21 17:27:05,,0,,True
5563e341-3daf-402c-803f-a2948492e105,Woolworths Supermarket,Pantry,Queen Writing Icing 5 pack,774154,$5.00,$4.76 / 100G,https://www.woolworths.com.au/shop/productdetails/774154/queen-writing-icing,https://cdn0.woolworths.media/content/wowproductimages/medium/774154.jpg,2020-09-21 17:27:05,,0,,True
bca4e782-dfe6-4a04-8779-ff0e51162852,Woolworths Supermarket,Pantry,Queen Fairtrade Vanilla Extract With Seeds 50ml,774157,$8.00,$1.60 / 10ML,https://www.woolworths.com.au/shop/productdetails/774157/queen-fairtrade-vanilla-extract-with-seeds,https://cdn0.woolworths.media/content/wowproductimages/medium/774157.jpg,2020-09-21 17:27:05,,0,,True
7adeefbb-04ef-4b35-90f2-882a73085305,Woolworths Supermarket,Pantry,Nice & Natural Fruit Fun Mix 272g,774205,$6.00,$2.21 / 100G,https://www.woolworths.com.au/shop/productdetails/774205/nice-natural-fruit-fun-mix,https://cdn0.woolworths.media/content/wowproductimages/medium/774205.jpg,2020-09-21 17:27:05,,0,Was $7.50 06/01/2020,True
7fede771-7cd7-433c-a570-ef4abf28c3a6,Woolworths Supermarket,Pantry,Jamie Oliver Pesto Chilli And Garlic 190g,774320,$5.30,$2.79 / 100G,https://www.woolworths.com.au/shop/productdetails/774320/jamie-oliver-pesto-chilli-and-garlic,https://cdn0.woolworths.media/content/wowproductimages/medium/774320.jpg,2020-09-21 17:27:05,,0,,True
bcf9b643-913d-4c38-be7c-7bd2b543ecd8,Woolworths Supermarket,Pantry,Woolworths Raspberry Tartlets 200g,774330,$1.80,$0.90 / 100G,https://www.woolworths.com.au/shop/productdetails/774330/woolworths-raspberry-tartlets,https://cdn0.woolworths.media/content/wowproductimages/medium/774330.jpg,2020-09-21 17:27:05,Average product rating out of 5: 4.5. Product score is based on 344 ratings,344,,True
7453bccb-ee93-4de1-94d6-6b4e214106ec,Woolworths Supermarket,Pantry,Woolworths Free From Mint Creme Biscuit 145g,774595,$3.50,$2.41 / 100G,https://www.woolworths.com.au/shop/productdetails/774595/woolworths-free-from-mint-creme-biscuit,https://cdn0.woolworths.media/content/wowproductimages/medium/774595.jpg,2020-09-21 17:27:05,Average product rating out of 5: 4.4. Product score is based on 20 ratings,20,Was $3.99 13/03/2017,True
7699eab2-66db-4852-bf02-ad036685f048,Woolworths Supermarket,Pantry,Woolworths Free From Creme Choc Biscuits 120g,774596,$2.70,$2.25 / 100G,https://www.woolworths.com.au/shop/productdetails/774596/woolworths-free-from-creme-choc-biscuits,https://cdn0.woolworths.media/content/wowproductimages/medium/774596.jpg,2020-09-21 17:27:05,Average product rating out of 5: 4.3. Product score is based on 8 ratings,8,Was $3.49 01/03/2018,True
7f214d56-8353-4aff-b49a-070abd406f8e,Woolworths Supermarket,Pantry,Golden Palm Medjool Dates 225g punnet,774692,$7.00,$31.11 / 1KG,https://www.woolworths.com.au/shop/productdetails/774692/golden-palm-medjool-dates,https://cdn0.woolworths.media/content/wowproductimages/medium/774692.jpg,2020-09-21 17:27:05,,0,,True
5210106d-ab24-46e2-98a1-826f1af52396,Woolworths Supermarket,Pantry,Masterfoods Barbecue Sauce 500ml,099696,$2.50,$0.50 / 100ML,https://www.woolworths.com.au/shop/productdetails/99696/masterfoods-barbecue-sauce,https://cdn0.woolworths.media/content/wowproductimages/medium/099696.jpg,2020-09-21 17:27:05,,0,,True
d17167af-221e-4731-a398-7a57023725de,Woolworths Supermarket,Pantry,Doritos Share Pack Cheese Supreme 170g,826731,$2.75,$1.62 / 100G,https://www.woolworths.com.au/shop/productdetails/826731/doritos-share-pack-cheese-supreme,https://cdn0.woolworths.media/content/wowproductimages/medium/826731.jpg,2020-09-21 17:27:05,,0,,True
9e5fa312-d0e8-455b-a15f-4bb0014cf7ce,Woolworths Supermarket,Pantry,Arnott's Shortbread 250g,008838,$2.50,$1.00 / 100G,https://www.woolworths.com.au/shop/productdetails/8838/arnott-s-shortbread,https://cdn0.woolworths.media/content/wowproductimages/medium/008838.jpg,2020-09-21 17:27:05,,0,,True
378df206-88c4-4c0e-bf62-064b828b44eb,Woolworths Supermarket,Pantry,Twisties Cheese Chips 90g,081659,$2.00,$2.22 / 100G,https://www.woolworths.com.au/shop/productdetails/81659/twisties-cheese-chips,https://cdn0.woolworths.media/content/wowproductimages/medium/081659.jpg,2020-09-21 17:27:05,,0,,True
0d9bbd5d-d150-4d88-a07c-cafdf9df331f,Woolworths Supermarket,Pantry,Bertolli Extra Virgin Olive Oil Originale 750ml,502951,$6.50,$0.87 / 100ML,https://www.woolworths.com.au/shop/productdetails/502951/bertolli-extra-virgin-olive-oil-originale,https://cdn0.woolworths.media/content/wowproductimages/medium/502951.jpg,2020-09-21 17:27:05,,0,,True
4625d0b6-b477-4afa-a3ad-fb022d54bf22,Woolworths Supermarket,Pantry,Valcom Canned Bamboo Shoots Sliced 225g,097730,$1.10,$4.89 / 1KG,https://www.woolworths.com.au/shop/productdetails/97730/valcom-canned-bamboo-shoots-sliced,https://cdn0.woolworths.media/content/wowproductimages/medium/097730.jpg,2020-09-21 17:27:05,,0,,True
bdb32762-d0f7-4665-9296-1c3b885dd3a6,Woolworths Supermarket,Pantry,Kellogg's Nutri-grain Protein Breakfast Cereal 290g,701706,$4.95,$1.71 / 100G,https://www.woolworths.com.au/shop/productdetails/701706/kellogg-s-nutri-grain-protein-breakfast-cereal,https://cdn0.woolworths.media/content/wowproductimages/medium/701706.jpg,2020-09-21 17:27:05,,0,,True
86f970e7-6004-43ff-8295-c33673a86fcc,Woolworths Supermarket,Pantry,Arnott's Malt O' Milk 250g,036036,$2.50,$1.00 / 100G,https://www.woolworths.com.au/shop/productdetails/36036/arnott-s-malt-o-milk,https://cdn0.woolworths.media/content/wowproductimages/medium/036036.jpg,2020-09-21 17:27:05,,0,,True
dab66462-48d9-48d7-bb90-22a81c7323cd,Woolworths Supermarket,Pantry,Smith's Share Pack Crinkle Cut Salt & Vinegar 170g,826738,$2.75,$1.62 / 100G,https://www.woolworths.com.au/shop/productdetails/826738/smith-s-share-pack-crinkle-cut-salt-vinegar,https://cdn0.woolworths.media/content/wowproductimages/medium/826738.jpg,2020-09-21 17:27:05,,0,,True
76358e9d-a8e5-411d-9096-3a0786bd999c,Woolworths Supermarket,Pantry,Arnott's Snack Right Sultana 250g,182697,$3.00,$1.20 / 100G,https://www.woolworths.com.au/shop/productdetails/182697/arnott-s-snack-right-sultana,https://cdn0.woolworths.media/content/wowproductimages/medium/182697.jpg,2020-09-21 17:27:05,,0,Was $4.20 11/02/2019,True
5e8b9e43-ef3e-4c06-ac3c-81e7fbeee1d3,Woolworths Supermarket,Pantry,Toblerone Milk Chocolate Bar 50g,047011,$1.00,$2.00 / 100G,https://www.woolworths.com.au/shop/productdetails/47011/toblerone-milk-chocolate-bar,https://cdn0.woolworths.media/content/wowproductimages/medium/047011.jpg,2020-09-21 17:27:05,,0,,True
64b0be01-81c3-4670-9943-09f201e39f29,Woolworths Supermarket,Pantry,Kooka's Country Cookies Lemon 200g,347837,$2.00,$1.00 / 100G,https://www.woolworths.com.au/shop/productdetails/347837/kooka-s-country-cookies-lemon,https://cdn0.woolworths.media/content/wowproductimages/medium/347837.jpg,2020-09-21 17:27:05,,0,,True
76f83874-c784-404a-84db-834c02abb340,Woolworths Supermarket,Pantry,Uncle Tobys Roll-ups Strawberry Fun Prints 6 pack,324231,$4.00,$4.26 / 100G,https://www.woolworths.com.au/shop/productdetails/324231/uncle-tobys-roll-ups-strawberry-fun-prints,https://cdn0.woolworths.media/content/wowproductimages/medium/324231.jpg,2020-09-21 17:27:05,,0,,True
0f69b681-01fd-43fa-b345-05e59297a873,Woolworths Supermarket,Pantry,Woolworths Corn Sweet Kernels 420g,218926,$1.00,$2.38 / 1KG,https://www.woolworths.com.au/shop/productdetails/218926/woolworths-corn-sweet-kernels,https://cdn0.woolworths.media/content/wowproductimages/medium/218926.jpg,2020-09-21 17:27:05,Average product rating out of 5: 4.1. Product score is based on 215 ratings,215,,True
8bfbf126-60c8-4ba0-a4f7-05c2b9eed1d7,Woolworths Supermarket,Pantry,Moccona Freeze Dried Instant Coffee Classic Medium Roast 400g,208575,$24.00,$6.00 / 100G,https://www.woolworths.com.au/shop/productdetails/208575/moccona-freeze-dried-instant-coffee-classic-medium-roast,https://cdn0.woolworths.media/content/wowproductimages/medium/208575.jpg,2020-09-21 17:27:05,,0,,True
daca6cfd-3f75-4457-9285-7ca613fc8058,Woolworths Supermarket,Pantry,Macro Organic Quinoa Tri Colour 500g,717631,$7.00,$1.40 / 100G,https://www.woolworths.com.au/shop/productdetails/717631/macro-organic-quinoa-tri-colour,https://cdn0.woolworths.media/content/wowproductimages/medium/717631.jpg,2020-09-21 17:27:05,Average product rating out of 5: 4.6. Product score is based on 274 ratings,274,Was $9.99 09/01/2017,True
abfc930e-9f4d-41c9-8025-7b335ce60907,Woolworths Supermarket,Pantry,Arnott's Shapes Cheddar 175g,384244,$2.50,$1.43 / 100G,https://www.woolworths.com.au/shop/productdetails/384244/arnott-s-shapes-cheddar,https://cdn0.woolworths.media/content/wowproductimages/medium/384244.jpg,2020-09-21 17:27:05,,0,,True
382e0698-b3e2-437a-a323-0305ecef44f7,Woolworths Supermarket,Pantry,Uncle Ben's Microwave Mexican Style Brown Rice 250g,727257,$3.00,$1.20 / 100G,https://www.woolworths.com.au/shop/productdetails/727257/uncle-ben-s-microwave-mexican-style-brown-rice,https://cdn0.woolworths.media/content/wowproductimages/medium/727257.jpg,2020-09-21 17:27:05,,0,,True
7a56949d-16b0-4c94-8762-094190d3a7a8,Woolworths Supermarket,Pantry,Pringles Sour Cream And Onion Chips 134g,479502,$2.50,$1.87 / 100G,https://www.woolworths.com.au/shop/productdetails/479502/pringles-sour-cream-and-onion-chips,https://cdn0.woolworths.media/content/wowproductimages/medium/479502.jpg,2020-09-21 17:27:05,,0,,True
f8586da5-5f44-4441-8c2e-21ae8b67c66c,Woolworths Supermarket,Pantry,Golden Palm Medjool Dates Punnet 450g,774695,$10.00,$22.22 / 1KG,https://www.woolworths.com.au/shop/productdetails/774695/golden-palm-medjool-dates-punnet,https://cdn0.woolworths.media/content/wowproductimages/medium/774695.jpg,2020-09-21 17:27:05,Average product rating out of 5: 4.5. Product score is based on 363 ratings,363,,True
23d8ab49-3732-4d52-bb0a-9d61c2e9c5b0,Woolworths Supermarket,Pantry,Golden Palm Medjool Dates Roll With Coconut Punnet 225g,774699,$7.00,$31.11 / 1KG,https://www.woolworths.com.au/shop/productdetails/774699/golden-palm-medjool-dates-roll-with-coconut-punnet,https://cdn0.woolworths.media/content/wowproductimages/medium/774699.jpg,2020-09-21 17:27:05,,0,,True
4f2ee91e-cd55-4b52-a322-3f255ec7b57f,Woolworths Supermarket,Pantry,Woolworths Roasted & Salted Macadamias 120g,775116,$6.00,$50.00 / 1KG,https://www.woolworths.com.au/shop/productdetails/775116/woolworths-roasted-salted-macadamias,https://cdn0.woolworths.media/content/wowproductimages/medium/775116.jpg,2020-09-21 17:27:05,Average product rating out of 5: 4.5. Product score is based on 798 ratings,798,2 for $10.00,True
237399e9-58b7-4c34-866d-12fd272b4832,Woolworths Supermarket,Pantry,Woolworths Honey Macadamia 120g,775117,$6.00,$50.00 / 1KG,https://www.woolworths.com.au/shop/productdetails/775117/woolworths-honey-macadamia,https://cdn0.woolworths.media/content/wowproductimages/medium/775117.jpg,2020-09-21 17:27:05,Average product rating out of 5: 4.1. Product score is based on 531 ratings,531,2 for $10.00,True
b92e9855-5225-4a6a-b697-c569837be61d,Woolworths Supermarket,Pantry,Gravox Finishing Sauce Parsley White Smooth & Creamy 29g,775478,$1.10,$0.38 / 10G,https://www.woolworths.com.au/shop/productdetails/775478/gravox-finishing-sauce-parsley-white-smooth-creamy,https://cdn0.woolworths.media/content/wowproductimages/medium/775478.jpg,2020-09-21 17:27:05,,0,,True
75c74617-5812-4f1d-9dde-7dccd6fa6f5e,Woolworths Supermarket,Pantry,Woolworths Free From Gluten Ingredients Tortilla Corn 280g,777201,$3.20,$1.14 / 100G,https://www.woolworths.com.au/shop/productdetails/777201/woolworths-free-from-gluten-ingredients-tortilla-corn,https://cdn0.woolworths.media/content/wowproductimages/medium/777201.jpg,2020-09-21 17:27:05,Average product rating out of 5: 2.8. Product score is based on 723 ratings,723,,True
92b69906-53fc-4a2e-bd2f-5802a74abd52,Woolworths Supermarket,Pantry,Golden Circle Puree Banana Berry Blast 120g,777640,$1.50,$12.50 / 1KG,https://www.woolworths.com.au/shop/productdetails/777640/golden-circle-puree-banana-berry-blast,https://cdn0.woolworths.media/content/wowproductimages/medium/777640.jpg,2020-09-21 17:27:05,,0,Was $1.89 03/04/2017,True
abb8b70f-b221-41eb-b931-a0e8741f46dd,Woolworths Supermarket,Pantry,Kan Tong Honey Teriyaki Stir Fry Sauce 510g,777837,$2.80,$0.55 / 100G,https://www.woolworths.com.au/shop/productdetails/777837/kan-tong-honey-teriyaki-stir-fry-sauce,https://cdn0.woolworths.media/content/wowproductimages/medium/777837.jpg,2020-09-21 17:27:05,,0,,True
bd0ca4c2-3706-497b-b622-8b686e84c0a3,Woolworths Supermarket,Pantry,Masterfoods Hearty Beef Casserole Simmer Sauce 495g,777840,$3.70,$0.75 / 100G,https://www.woolworths.com.au/shop/productdetails/777840/masterfoods-hearty-beef-casserole-simmer-sauce,https://cdn0.woolworths.media/content/wowproductimages/medium/777840.jpg,2020-09-21 17:27:05,,0,2 for $6.00,True
835a0971-28b2-470f-a017-3ca918e47301,Woolworths Supermarket,Pantry,Masterfoods Mild Chicken Curry Slow Cook Sauce 490g,777842,$3.70,$0.76 / 100G,https://www.woolworths.com.au/shop/productdetails/777842/masterfoods-mild-chicken-curry-slow-cook-sauce,https://cdn0.woolworths.media/content/wowproductimages/medium/777842.jpg,2020-09-21 17:27:05,,0,2 for $6.00,True
ab4ebdb0-2e0b-4c55-8cbd-6352850a222e,Woolworths Supermarket,Pantry,Maggi Stir Fry Creations Chinese Bbq Pork 150g,777844,$3.00,$2.00 / 100G,https://www.woolworths.com.au/shop/productdetails/777844/maggi-stir-fry-creations-chinese-bbq-pork,https://cdn0.woolworths.media/content/wowproductimages/medium/777844.jpg,2020-09-21 17:27:05,,0,,True
7c21af5a-cb8c-4c9b-ad1b-8881e0c41ba0,Woolworths Supermarket,Pantry,Woolworths Free From Gluten Chocolate Chip Biscuit 160g,779237,$2.70,$1.69 / 100G,https://www.woolworths.com.au/shop/productdetails/779237/woolworths-free-from-gluten-chocolate-chip-biscuit,https://cdn0.woolworths.media/content/wowproductimages/medium/779237.jpg,2020-09-21 17:27:05,Average product rating out of 5: 3.7. Product score is based on 532 ratings,532,Was $3.99 14/05/2018,True
5e6da0db-4ebe-42b4-8ec2-c31a8460a2f7,Woolworths Supermarket,Pantry,Sweet Baby Ray's Buffalo Wing Sauce And Glaze each,779290,$6.00,$1.27 / 100ML,https://www.woolworths.com.au/shop/productdetails/779290/sweet-baby-ray-s-buffalo-wing-sauce-and-glaze,https://cdn0.woolworths.media/content/wowproductimages/medium/779290.jpg,2020-09-21 17:27:05,,0,,True
7f04aec6-fa44-48fd-8cb0-f7f057990067,Woolworths Supermarket,Pantry,Cadbury Furry Friends 100g,779407,$3.50,$3.50 / 100G,https://www.woolworths.com.au/shop/productdetails/779407/cadbury-furry-friends,https://cdn0.woolworths.media/content/wowproductimages/medium/779407.jpg,2020-09-21 17:27:05,,0,,True
eba66ec6-0bee-49f1-ac26-948f4c8fab80,Woolworths Supermarket,Pantry,Sanitarium Up&go Liquid Breakfast Caramel 12 pack,779889,$13.00,$4.33 / 1L,https://www.woolworths.com.au/shop/productdetails/779889/sanitarium-up-go-liquid-breakfast-caramel,https://cdn0.woolworths.media/content/wowproductimages/medium/779889.jpg,2020-09-21 17:27:05,,0,,True
6aaa1235-bb0e-456b-a5b1-db4df8b967b8,Woolworths Supermarket,Pantry,Dole Pineapple Premium Tropical Chunks 432g,780101,$2.20,$5.09 / 1KG,https://www.woolworths.com.au/shop/productdetails/780101/dole-pineapple-premium-tropical-chunks,https://cdn0.woolworths.media/content/wowproductimages/medium/780101.jpg,2020-09-21 17:27:05,,0,,True
474b3fa4-d234-45f5-9cc5-2e2f8cd5187a,Woolworths Supermarket,Pantry,Dole Pineapple Premium Tropical Slices 432g,780106,$2.20,$5.09 / 1KG,https://www.woolworths.com.au/shop/productdetails/780106/dole-pineapple-premium-tropical-slices,https://cdn0.woolworths.media/content/wowproductimages/medium/780106.jpg,2020-09-21 17:27:05,,0,,True
51758392-bc84-4002-af07-68dd488a0b08,Woolworths Supermarket,Pantry,Uncle Tobys Oats Quick Sachets Fruit Variety Porridge 420g,780359,$4.50,$1.07 / 100G,https://www.woolworths.com.au/shop/productdetails/780359/uncle-tobys-oats-quick-sachets-fruit-variety-porridge,https://cdn0.woolworths.media/content/wowproductimages/medium/780359.jpg,2020-09-21 17:27:05,,0,,True
4c56b67e-ef51-418f-9d80-e108e8764484,Woolworths Supermarket,Pantry,Uncle Tobys Quick Oats Sachets Big Bowl Honey 10 pack,780360,$6.30,$1.37 / 100G,https://www.woolworths.com.au/shop/productdetails/780360/uncle-tobys-quick-oats-sachets-big-bowl-honey,https://cdn0.woolworths.media/content/wowproductimages/medium/780360.jpg,2020-09-21 17:27:05,,0,,True
7b83fc07-18e4-430e-b115-bb13ec4b5364,Woolworths Supermarket,Pantry,Uncle Tobys Oats Quick Sachets Berry Variety Porridge 420g,780363,$4.50,$1.07 / 100G,https://www.woolworths.com.au/shop/productdetails/780363/uncle-tobys-oats-quick-sachets-berry-variety-porridge,https://cdn0.woolworths.media/content/wowproductimages/medium/780363.jpg,2020-09-21 17:27:05,,0,,True
b621af8e-1916-4ffa-9db5-1424aae222d9,Woolworths Supermarket,Pantry,Woolworths Crunchy Taco Shells 12 pack,780547,$2.40,$1.43 / 100G,https://www.woolworths.com.au/shop/productdetails/780547/woolworths-crunchy-taco-shells,https://cdn0.woolworths.media/content/wowproductimages/medium/780547.jpg,2020-09-21 17:27:05,Average product rating out of 5: 4.2. Product score is based on 2024 ratings,2024,,True
e5017e28-46c7-41f7-a4b5-0a9eddab3aa3,Woolworths Supermarket,Pantry,Woolworths Tortilla Jumbo 6 pack,780549,$4.00,$0.89 / 100G,https://www.woolworths.com.au/shop/productdetails/780549/woolworths-tortilla-jumbo,https://cdn0.woolworths.media/content/wowproductimages/medium/780549.jpg,2020-09-21 17:27:05,Average product rating out of 5: 4.5. Product score is based on 652 ratings,652,,True
c1f4821e-58af-4bd2-97c9-f3a381bc3084,Woolworths Supermarket,Pantry,Ferrero Collection Chocolates Rocher Rondnoir Raffaello 15 pack,780703,$8.10,$4.71 / 100G,https://www.woolworths.com.au/shop/productdetails/780703/ferrero-collection-chocolates-rocher-rondnoir-raffaello,https://cdn0.woolworths.media/content/wowproductimages/medium/780703.jpg,2020-09-21 17:27:05,,0,,True
bf53018f-fff2-4b33-ba19-5c4f5ecb63e4,Woolworths Supermarket,Pantry,Jordans Chunky Nut Crispy Oat Clusters 500g,780739,$7.00,$1.40 / 100G,https://www.woolworths.com.au/shop/productdetails/780739/jordans-chunky-nut-crispy-oat-clusters,https://cdn0.woolworths.media/content/wowproductimages/medium/780739.jpg,2020-09-21 17:27:05,,0,,True
c5a8ca16-34f0-470d-ac7d-e1fafccf1fd9,Woolworths Supermarket,Pantry,Arnott's Shapes Chicken Crimpy 175g,384245,$2.50,$1.43 / 100G,https://www.woolworths.com.au/shop/productdetails/384245/arnott-s-shapes-chicken-crimpy,https://cdn0.woolworths.media/content/wowproductimages/medium/384245.jpg,2020-09-21 17:27:05,,0,,True
466ed022-1d3c-46c5-b592-8141be131d5b,Woolworths Supermarket,Pantry,Sunbites Grain Waves Sour Cream & Chives 5 pack,720220,$3.10,$2.82 / 100G,https://www.woolworths.com.au/shop/productdetails/720220/sunbites-grain-waves-sour-cream-chives,https://cdn0.woolworths.media/content/wowproductimages/medium/720220.jpg,2020-09-21 17:27:05,,0,2 for $5.00,True
7c3aa9ec-ced3-440b-ba66-6a3ba556ee74,Woolworths Supermarket,Pantry,Essentials Pasta Penne 500g,188800,$0.80,$0.16 / 100G,https://www.woolworths.com.au/shop/productdetails/188800/essentials-pasta-penne,https://cdn0.woolworths.media/content/wowproductimages/medium/188800.jpg,2020-09-21 17:27:05,,0,,True
3fc594c3-4fbf-45bd-bdd6-1dac1bea15e8,Woolworths Supermarket,Pantry,Woolworths Diced Italian Tomatoes No Added Salt 400g,770320,$0.80,$2.00 / 1KG,https://www.woolworths.com.au/shop/productdetails/770320/woolworths-diced-italian-tomatoes-no-added-salt,https://cdn0.woolworths.media/content/wowproductimages/medium/770320.jpg,2020-09-21 17:27:05,Average product rating out of 5: 4.7. Product score is based on 311 ratings,311,,True
e52290f8-2560-4e10-b8d6-a9ac28f30c96,Woolworths Supermarket,Pantry,Masterfoods Barbecue Sauce 500ml,099696,$2.50,$0.50 / 100ML,https://www.woolworths.com.au/shop/productdetails/99696/masterfoods-barbecue-sauce,https://cdn0.woolworths.media/content/wowproductimages/medium/099696.jpg,2020-09-21 17:27:05,,0,,True
3bbfc201-5bab-4778-9356-82384f936fb3,Woolworths Supermarket,Pantry,Cadbury Fry's Turkish Delight 55g bar,098390,$1.00,$1.82 / 100G,https://www.woolworths.com.au/shop/productdetails/98390/cadbury-fry-s-turkish-delight,https://cdn0.woolworths.media/content/wowproductimages/medium/098390.jpg,2020-09-21 17:27:05,,0,,True
3f0bf7cc-2969-4831-93b8-df4cbd06b921,Woolworths Supermarket,Pantry,Mckenzie's Himalayan Salt Rock Pink 400g,749926,$5.95,$0.15 / 10G,https://www.woolworths.com.au/shop/productdetails/749926/mckenzie-s-himalayan-salt-rock-pink,https://cdn0.woolworths.media/content/wowproductimages/medium/749926.jpg,2020-09-21 17:27:05,,0,,True
c4f57eaf-7d8b-4693-a399-a0d4d7c798c6,Woolworths Supermarket,Pantry,Arnott's Monte Carlo 250g,036031,$3.00,$1.20 / 100G,https://www.woolworths.com.au/shop/productdetails/36031/arnott-s-monte-carlo,https://cdn0.woolworths.media/content/wowproductimages/medium/036031.jpg,2020-09-21 17:27:05,,0,,True
21f5b17a-1d5e-4039-a52c-c203153e7a39,Woolworths Supermarket,Pantry,Continental Cup A Soup Creamy Chicken With Lots Of Noodles 2 pack,026649,$2.00,$3.33 / 100G,https://www.woolworths.com.au/shop/productdetails/26649/continental-cup-a-soup-creamy-chicken-with-lots-of-noodles,https://cdn0.woolworths.media/content/wowproductimages/medium/026649.jpg,2020-09-21 17:27:05,,0,,True
cc5c3306-d078-4599-84d0-0594314d03f1,Woolworths Supermarket,Pantry,Macro Organic Quinoa Tri Colour 500g,717631,$7.00,$1.40 / 100G,https://www.woolworths.com.au/shop/productdetails/717631/macro-organic-quinoa-tri-colour,https://cdn0.woolworths.media/content/wowproductimages/medium/717631.jpg,2020-09-21 17:27:05,Average product rating out of 5: 4.6. Product score is based on 274 ratings,274,Was $9.99 09/01/2017,True
9a6fe618-5aa3-4104-8eb4-f449015dd359,Woolworths Supermarket,Pantry,Mckenzie's Rice Flour 375g,094275,$1.50,$4.00 / 1KG,https://www.woolworths.com.au/shop/productdetails/94275/mckenzie-s-rice-flour,https://cdn0.woolworths.media/content/wowproductimages/medium/094275.jpg,2020-09-21 17:27:05,,0,,True
f9e8f3a9-00b1-43da-ae5b-2641915d46b5,Woolworths Supermarket,Pantry,Woolworths Rolled Traditional Oats 750g,321220,$1.40,$0.19 / 100G,https://www.woolworths.com.au/shop/productdetails/321220/woolworths-rolled-traditional-oats,https://cdn0.woolworths.media/content/wowproductimages/medium/321220.jpg,2020-09-21 17:27:05,Average product rating out of 5: 4.6. Product score is based on 748 ratings,748,,True
3909d419-d6ac-4484-942d-fe5d563eabe2,Woolworths Supermarket,Pantry,Ardmona Tomatoes Diced No Added Salt 400g,226849,$1.40,$3.50 / 1KG,https://www.woolworths.com.au/shop/productdetails/226849/ardmona-tomatoes-diced-no-added-salt,https://cdn0.woolworths.media/content/wowproductimages/medium/226849.jpg,2020-09-21 17:27:05,,0,,True
73b8616a-9703-40fc-9e7a-2135223ef030,Woolworths Supermarket,Pantry,Heinz Canned Soup Big Red Tomato 420g,034331,$2.20,$0.52 / 100G,https://www.woolworths.com.au/shop/productdetails/34331/heinz-canned-soup-big-red-tomato,https://cdn0.woolworths.media/content/wowproductimages/medium/034331.jpg,2020-09-21 17:27:05,,0,,True
7e70bbc8-9736-4461-a16f-62b7e7fa1970,Woolworths Supermarket,Pantry,Indomie Mi Goreng Instant Noodles 5pk 425g,177972,$2.75,$0.65 / 100G,https://www.woolworths.com.au/shop/productdetails/177972/indomie-mi-goreng-instant-noodles,https://cdn0.woolworths.media/content/wowproductimages/medium/177972.jpg,2020-09-21 17:27:05,,0,,True
e5cb7fab-eee1-44d1-8476-b1b040ed8e3c,Woolworths Supermarket,Pantry,Ritz Crackers Original 300g,660562,$2.50,$0.83 / 100G,https://www.woolworths.com.au/shop/productdetails/660562/ritz-crackers-original,https://cdn0.woolworths.media/content/wowproductimages/medium/660562.jpg,2020-09-21 17:27:05,,0,,True
d5478b30-e10a-4678-ab73-c4007f2d3b02,Woolworths Supermarket,Pantry,Essentials Raw Sugar 2kg,018174,$2.10,$0.11 / 100G,https://www.woolworths.com.au/shop/productdetails/18174/essentials-raw-sugar,https://cdn0.woolworths.media/content/wowproductimages/medium/018174.jpg,2020-09-21 17:27:05,,0,,True
8f4853cc-a11c-42e5-b7d2-b25add22f6b7,Woolworths Supermarket,Pantry,Fantastic Rice Crackers Original 100g,035231,$1.50,$1.50 / 100G,https://www.woolworths.com.au/shop/productdetails/35231/fantastic-rice-crackers-original,https://cdn0.woolworths.media/content/wowproductimages/medium/035231.jpg,2020-09-21 17:27:05,,0,,True
db26e4c8-008f-4ae1-8a62-1b94d21b73d8,Woolworths Supermarket,Pantry,Cadbury Dairy Milk Chocolate Fair Trade 350g,757883,$5.00,$1.43 / 100G,https://www.woolworths.com.au/shop/productdetails/757883/cadbury-dairy-milk-chocolate-fair-trade,https://cdn0.woolworths.media/content/wowproductimages/medium/757883.jpg,2020-09-21 17:27:05,,0,Was $6.30 16/01/2017,True
52cdc10f-d46b-4168-9cbc-1dd2941ff631,Woolworths Supermarket,Pantry,Sunbites Grain Waves Sour Cream & Chives 170g,082361,$3.50,$2.06 / 100G,https://www.woolworths.com.au/shop/productdetails/82361/sunbites-grain-waves-sour-cream-chives,https://cdn0.woolworths.media/content/wowproductimages/medium/082361.jpg,2020-09-21 17:27:05,,0,,True
40e4f197-2fac-43a2-8b2c-8667799ae42d,Woolworths Supermarket,Pantry,Woolworths Shortbread Fingers 200g,780749,$2.00,$1.00 / 100G,https://www.woolworths.com.au/shop/productdetails/780749/woolworths-shortbread-fingers,https://cdn0.woolworths.media/content/wowproductimages/medium/780749.jpg,2020-09-21 17:27:05,Average product rating out of 5: 4.3. Product score is based on 310 ratings,310,,True
6a8ad66d-6e49-4159-ad32-d2b14bfba344,Woolworths Supermarket,Pantry,Jordans Strawberry Crispy Oat Clusters 500g,780751,$7.00,$1.40 / 100G,https://www.woolworths.com.au/shop/productdetails/780751/jordans-strawberry-crispy-oat-clusters,https://cdn0.woolworths.media/content/wowproductimages/medium/780751.jpg,2020-09-21 17:27:05,,0,,True
d0d5268d-bae1-4653-aff4-0c2d54d84cfe,Woolworths Supermarket,Pantry,Skittles Fruits Lollies Box 45g,780900,$1.55,$3.44 / 100G,https://www.woolworths.com.au/shop/productdetails/780900/skittles-fruits-lollies-box,https://cdn0.woolworths.media/content/wowproductimages/medium/780900.jpg,2020-09-21 17:27:05,,0,,True
1ce81356-4d10-4235-a389-d4ee5c3970ee,Woolworths Supermarket,Pantry,Woolworths Salsa Chunky Mild 375g,780922,$3.29,$0.88 / 100G,https://www.woolworths.com.au/shop/productdetails/780922/woolworths-salsa-chunky-mild,https://cdn0.woolworths.media/content/wowproductimages/medium/780922.jpg,2020-09-21 17:27:05,Average product rating out of 5: 4.1. Product score is based on 451 ratings,451,,True
7f792a64-5625-4ce6-82ad-1f19875364bd,Woolworths Supermarket,Pantry,Mayver's Smooth Peanut Butter 375g,781030,$5.00,$1.33 / 100G,https://www.woolworths.com.au/shop/productdetails/781030/mayver-s-smooth-peanut-butter,https://cdn0.woolworths.media/content/wowproductimages/medium/781030.jpg,2020-09-21 17:27:05,,0,,True
b860ecdb-d884-4348-8f17-5721ad7d3837,Woolworths Supermarket,Pantry,Mayver's Crunchy Peanut Butter 375g,781034,$5.00,$1.33 / 100G,https://www.woolworths.com.au/shop/productdetails/781034/mayver-s-crunchy-peanut-butter,https://cdn0.woolworths.media/content/wowproductimages/medium/781034.jpg,2020-09-21 17:27:05,,0,,True
0cb1487b-b05c-4556-841d-2e918ff9adbc,Woolworths Supermarket,Pantry,Cc's Corn Chips Tasty Cheese 175g,781046,$3.50,$2.00 / 100G,https://www.woolworths.com.au/shop/productdetails/781046/cc-s-corn-chips-tasty-cheese,https://cdn0.woolworths.media/content/wowproductimages/medium/781046.jpg,2020-09-21 17:27:05,,0,,True
d496196b-2c4b-41ce-98f8-52a89b47b4f1,Woolworths Supermarket,Pantry,Cc's Corn Chips Nacho Cheese 175g,781050,$3.50,$2.00 / 100G,https://www.woolworths.com.au/shop/productdetails/781050/cc-s-corn-chips-nacho-cheese,https://cdn0.woolworths.media/content/wowproductimages/medium/781050.jpg,2020-09-21 17:27:05,,0,,True
755e64c8-0df1-4687-9d1b-c62aa9765d16,Woolworths Supermarket,Pantry,Cc's Corn Chips Original 175g,781061,$3.50,$2.00 / 100G,https://www.woolworths.com.au/shop/productdetails/781061/cc-s-corn-chips-original,https://cdn0.woolworths.media/content/wowproductimages/medium/781061.jpg,2020-09-21 17:27:05,,0,,True
0f859d82-8efd-459e-a761-7d8ceb37d4f6,Woolworths Supermarket,Pantry,The Natural Chip Co. Sour Cream & Garden Chives 175g,781062,$2.00,$1.14 / 100G,https://www.woolworths.com.au/shop/productdetails/781062/the-natural-chip-co-sour-cream-garden-chives,https://cdn0.woolworths.media/content/wowproductimages/medium/781062.jpg,2020-09-21 17:27:05,,0,Was $3.25 29/12/2017,True
efc661cc-72e0-4cde-907d-434007127745,Woolworths Supermarket,Pantry,Red Rock Deli Share Pack Sweet Chilli & Sour Cream 165g,781370,$2.32,$1.41 / 100G,https://www.woolworths.com.au/shop/productdetails/781370/red-rock-deli-share-pack-sweet-chilli-sour-cream,https://cdn0.woolworths.media/content/wowproductimages/medium/781370.jpg,2020-09-21 17:27:05,,0,,True
dc6c8ad3-0565-4209-92ba-e6577bf7b8a9,Woolworths Supermarket,Pantry,Red Rock Deli Share Pack Lime & Black Pepper 165g,781393,$2.32,$1.41 / 100G,https://www.woolworths.com.au/shop/productdetails/781393/red-rock-deli-share-pack-lime-black-pepper,https://cdn0.woolworths.media/content/wowproductimages/medium/781393.jpg,2020-09-21 17:27:05,,0,,True
8ba77495-f9ca-4d2f-9c4e-b76fc98bac85,Woolworths Supermarket,Pantry,Red Rock Deli Share Pack Honey Soy Chicken 165g,781394,$2.32,$1.41 / 100G,https://www.woolworths.com.au/shop/productdetails/781394/red-rock-deli-share-pack-honey-soy-chicken,https://cdn0.woolworths.media/content/wowproductimages/medium/781394.jpg,2020-09-21 17:27:05,,0,,True
a1cea7f1-31e6-4c57-8d05-99dd13867967,Woolworths Supermarket,Pantry,Gourmet Garden Coriander Lightly Dried 8g sachet,781395,$3.50,$4.38 / 10G,https://www.woolworths.com.au/shop/productdetails/781395/gourmet-garden-coriander-lightly-dried,https://cdn0.woolworths.media/content/wowproductimages/medium/781395.jpg,2020-09-21 17:27:05,,0,,True
781972ab-5ada-4279-a922-de1a8bf25fff,Woolworths Supermarket,Pantry,Red Rock Deli Share Pack Sea Salt 165g,781396,$2.32,$1.41 / 100G,https://www.woolworths.com.au/shop/productdetails/781396/red-rock-deli-share-pack-sea-salt,https://cdn0.woolworths.media/content/wowproductimages/medium/781396.jpg,2020-09-21 17:27:05,,0,,True
74e69243-dec5-42dc-b22f-0e2fad5d9757,Woolworths Supermarket,Pantry,Gourmet Garden Basil Lightly Dried 10g sachet,781401,$3.50,$3.50 / 10G,https://www.woolworths.com.au/shop/productdetails/781401/gourmet-garden-basil-lightly-dried,https://cdn0.woolworths.media/content/wowproductimages/medium/781401.jpg,2020-09-21 17:27:05,,0,,True
740baba7-ad0e-4b0d-b0aa-408884b134cb,Woolworths Supermarket,Pantry,Red Rock Deli Share Pack Sea Salt & Balsamic Vinegar 165g,781402,$2.32,$1.41 / 100G,https://www.woolworths.com.au/shop/productdetails/781402/red-rock-deli-share-pack-sea-salt-balsamic-vinegar,https://cdn0.woolworths.media/content/wowproductimages/medium/781402.jpg,2020-09-21 17:27:05,,0,,True
dafc129d-889d-4a8f-8b09-8aba96c11e15,Woolworths Supermarket,Pantry,Gourmet Garden Parsley Lightly Dried 8g sachet,781403,$3.50,$4.38 / 10G,https://www.woolworths.com.au/shop/productdetails/781403/gourmet-garden-parsley-lightly-dried,https://cdn0.woolworths.media/content/wowproductimages/medium/781403.jpg,2020-09-21 17:27:05,,0,,True
41afb828-188e-4a28-b38a-677671cd1a84,Woolworths Supermarket,Pantry,Vittoria Organic Coffee Beans Organic 1kg,781407,$37.00,$3.70 / 100G,https://www.woolworths.com.au/shop/productdetails/781407/vittoria-organic-coffee-beans-organic,https://cdn0.woolworths.media/content/wowproductimages/medium/781407.jpg,2020-09-21 17:27:05,,0,,True
cc93c68a-7196-4258-bc43-d121478cc9cf,Woolworths Supermarket,Pantry,Lake Prespa Red Peppers Fire Roasted 1kg,781425,$8.50,$8.50 / 1KG,https://www.woolworths.com.au/shop/productdetails/781425/lake-prespa-red-peppers-fire-roasted,https://cdn0.woolworths.media/content/wowproductimages/medium/781425.jpg,2020-09-21 17:27:05,,0,,True
b4352670-4b41-4b40-a570-915343de8e5c,Woolworths Supermarket,Pantry,Ceres Organics Roasted Seaweed Nori Snack 5g,781444,$1.80,$36.00 / 100G,https://www.woolworths.com.au/shop/productdetails/781444/ceres-organics-roasted-seaweed-nori-snack,https://cdn0.woolworths.media/content/wowproductimages/medium/781444.jpg,2020-09-21 17:27:05,Average product rating out of 5: 4.4. Product score is based on 16 ratings,16,,True
4649751d-f1b7-4b02-8ac0-9874b9805347,Woolworths Supermarket,Pantry,Heinz Soup Of The Day Pouch Thai Chicken Chilli And Lime 430g,781560,$3.00,$0.70 / 100G,https://www.woolworths.com.au/shop/productdetails/781560/heinz-soup-of-the-day-pouch-thai-chicken-chilli-and-lime,https://cdn0.woolworths.media/content/wowproductimages/medium/781560.jpg,2020-09-21 17:27:05,,0,Was $4.00 17/04/2017,True
8e243c60-cde9-497b-9428-74d3715594af,Woolworths Supermarket,Pantry,Heinz Soup Of The Day Pouch Pea And Ham 430g,781572,$3.00,$0.70 / 100G,https://www.woolworths.com.au/shop/productdetails/781572/heinz-soup-of-the-day-pouch-pea-and-ham,https://cdn0.woolworths.media/content/wowproductimages/medium/781572.jpg,2020-09-21 17:27:05,,0,Was $4.00 17/04/2017,True
63d76ae1-d358-4648-9f04-284977171189,Woolworths Supermarket,Pantry,Heinz Soup Of The Day Pouch Chicken With Bean & Paprika 430g,781575,$3.00,$0.70 / 100G,https://www.woolworths.com.au/shop/productdetails/781575/heinz-soup-of-the-day-pouch-chicken-with-bean-paprika,https://cdn0.woolworths.media/content/wowproductimages/medium/781575.jpg,2020-09-21 17:27:05,,0,Was $4.00 17/04/2017,True
f929e123-6a94-493c-9087-72aaf9997023,Woolworths Supermarket,Pantry,Bega Cream Cheese Spread Spread 250g,781650,$3.80,$15.20 / 1KG,https://www.woolworths.com.au/shop/productdetails/781650/bega-cream-cheese-spread-spread,https://cdn0.woolworths.media/content/wowproductimages/medium/781650.jpg,2020-09-21 17:27:05,,0,,True
011d4baa-23bf-4c79-871b-70d1dffdbcf8,Woolworths Supermarket,Pantry,Bega Cream Cheese Spread Light 515g,781653,$6.50,$12.62 / 1KG,https://www.woolworths.com.au/shop/productdetails/781653/bega-cream-cheese-spread-light,https://cdn0.woolworths.media/content/wowproductimages/medium/781653.jpg,2020-09-21 17:27:05,,0,Was $7.10 21/08/2017,True
81207ccb-92b0-4543-aa18-5dbeb340b794,Woolworths Supermarket,Pantry,Bega Cream Cheese Spread Spread 500g,781655,$6.50,$13.00 / 1KG,https://www.woolworths.com.au/shop/productdetails/781655/bega-cream-cheese-spread-spread,https://cdn0.woolworths.media/content/wowproductimages/medium/781655.jpg,2020-09-21 17:27:05,,0,Was $7.10 21/08/2017,True
564f02b5-7d63-4e0f-86df-d043e21d1e04,Woolworths Supermarket,Pantry,Bega Cream Cheese Spread Bold 250g,781661,$3.80,$15.20 / 1KG,https://www.woolworths.com.au/shop/productdetails/781661/bega-cream-cheese-spread-bold,https://cdn0.woolworths.media/content/wowproductimages/medium/781661.jpg,2020-09-21 17:27:05,,0,,True
46a6f46d-1a1b-4bf5-b696-365955c49fe8,Woolworths Supermarket,Pantry,Extra Peppermint Chewing Gum Sugar Free Bottle 64g,781976,$3.50,$5.47 / 100G,https://www.woolworths.com.au/shop/productdetails/781976/extra-peppermint-chewing-gum-sugar-free-bottle,https://cdn0.woolworths.media/content/wowproductimages/medium/781976.jpg,2020-09-21 17:27:05,,0,,True
6c4a8441-0205-46b6-9fc9-86ec2db499f4,Woolworths Supermarket,Pantry,Extra Spearmint Chewing Gum Sugar Free Bottle 64g,781980,$3.50,$5.47 / 100G,https://www.woolworths.com.au/shop/productdetails/781980/extra-spearmint-chewing-gum-sugar-free-bottle,https://cdn0.woolworths.media/content/wowproductimages/medium/781980.jpg,2020-09-21 17:27:05,,0,,True
9eec7f51-9cb9-4da3-9db9-ed1a9469d6b1,Woolworths Supermarket,Pantry,Freedom Foods Cereal Buckwheat & Quinoa 350g,782225,$6.00,$1.71 / 100G,https://www.woolworths.com.au/shop/productdetails/782225/freedom-foods-cereal-buckwheat-quinoa,https://cdn0.woolworths.media/content/wowproductimages/medium/782225.jpg,2020-09-21 17:27:05,Average product rating out of 5: 4.3. Product score is based on 14 ratings,14,,True
bd830105-1721-4406-8033-4a9f591a2255,Woolworths Supermarket,Pantry,Freedom Foods Cereal Multigrain & Cranberry 350g,782226,$6.00,$1.71 / 100G,https://www.woolworths.com.au/shop/productdetails/782226/freedom-foods-cereal-multigrain-cranberry,https://cdn0.woolworths.media/content/wowproductimages/medium/782226.jpg,2020-09-21 17:27:05,Average product rating out of 5: 4.1. Product score is based on 9 ratings,9,,True
584babf9-b499-4700-8183-9fbcc7eb092c,Woolworths Supermarket,Pantry,Mckenzie's Coconut Shredded Loose 215g,782242,$3.30,$15.35 / 1KG,https://www.woolworths.com.au/shop/productdetails/782242/mckenzie-s-coconut-shredded-loose,https://cdn0.woolworths.media/content/wowproductimages/medium/782242.jpg,2020-09-21 17:27:05,,0,,True
2a6e08f9-aa7c-4129-8a35-50ddac8bed9a,Woolworths Supermarket,Pantry,La Zuppa Microwave Soup Chicken Noodle 420g,782291,$3.50,$0.83 / 100G,https://www.woolworths.com.au/shop/productdetails/782291/la-zuppa-microwave-soup-chicken-noodle,https://cdn0.woolworths.media/content/wowproductimages/medium/782291.jpg,2020-09-21 17:27:05,,0,Was $4.00 09/04/2018,True
4a3b61cf-c94b-4bdd-a25a-34e3ad8904e0,Woolworths Supermarket,Pantry,La Zuppa Soup Pouch Creamy Chicken & Vegetable 540g,782293,$4.40,$0.81 / 100G,https://www.woolworths.com.au/shop/productdetails/782293/la-zuppa-soup-pouch-creamy-chicken-vegetable,https://cdn0.woolworths.media/content/wowproductimages/medium/782293.jpg,2020-09-21 17:27:05,,0,,True
fa828a68-7413-4db3-b2ca-74c4dfa01b1c,Woolworths Supermarket,Pantry,La Zuppa Soup Pouch Thai Coconut Chicken 540g,782304,$4.40,$0.81 / 100G,https://www.woolworths.com.au/shop/productdetails/782304/la-zuppa-soup-pouch-thai-coconut-chicken,https://cdn0.woolworths.media/content/wowproductimages/medium/782304.jpg,2020-09-21 17:27:05,,0,,True
e6d20ada-cdfc-4006-aed1-f0f4333973a2,Woolworths Supermarket,Pantry,Angas Park Cranberries Dark Chocolate 125g,782597,$4.70,$37.60 / 1KG,https://www.woolworths.com.au/shop/productdetails/782597/angas-park-cranberries-dark-chocolate,https://cdn0.woolworths.media/content/wowproductimages/medium/782597.jpg,2020-09-21 17:27:05,,0,,True
c47af2de-bed6-4a19-96e4-ec4def437261,Woolworths Supermarket,Pantry,Goulburn Valley Fruit Salad 700g,784112,$3.70,$5.29 / 1KG,https://www.woolworths.com.au/shop/productdetails/784112/goulburn-valley-fruit-salad,https://cdn0.woolworths.media/content/wowproductimages/medium/784112.jpg,2020-09-21 17:27:05,,0,Was $4.09 13/03/2017,True
f56c5c61-78e2-419a-af5a-a4af261e9f20,Woolworths Supermarket,Pantry,Goulburn Valley Two Fruits 700g,784113,$3.70,$5.29 / 1KG,https://www.woolworths.com.au/shop/productdetails/784113/goulburn-valley-two-fruits,https://cdn0.woolworths.media/content/wowproductimages/medium/784113.jpg,2020-09-21 17:27:05,,0,Was $4.09 13/03/2017,True
69163062-db84-4da5-8bfe-bece54f02117,Woolworths Supermarket,Pantry,Goulburn Valley Peach Sliced In Mango Nectar 700g,784116,$3.70,$5.29 / 1KG,https://www.woolworths.com.au/shop/productdetails/784116/goulburn-valley-peach-sliced-in-mango-nectar,https://cdn0.woolworths.media/content/wowproductimages/medium/784116.jpg,2020-09-21 17:27:05,,0,Was $4.09 13/03/2017,True
86274001-f9e4-474b-8731-e477414ade0f,Woolworths Supermarket,Pantry,Goulburn Valley Peach Sliced In Juice 700g,784123,$3.70,$5.29 / 1KG,https://www.woolworths.com.au/shop/productdetails/784123/goulburn-valley-peach-sliced-in-juice,https://cdn0.woolworths.media/content/wowproductimages/medium/784123.jpg,2020-09-21 17:27:05,,0,Was $4.09 13/03/2017,True
f499b396-1bc8-497a-b4d7-248447960527,Woolworths Supermarket,Pantry,Goulburn Valley Plums 700g,784134,$3.70,$5.29 / 1KG,https://www.woolworths.com.au/shop/productdetails/784134/goulburn-valley-plums,https://cdn0.woolworths.media/content/wowproductimages/medium/784134.jpg,2020-09-21 17:27:05,,0,Was $4.09 13/03/2017,True
d1572e1c-e61e-4c4a-afb1-60eecbc0599c,Woolworths Supermarket,Pantry,Goulburn Valley Apricot 700g,784136,$3.70,$5.29 / 1KG,https://www.woolworths.com.au/shop/productdetails/784136/goulburn-valley-apricot,https://cdn0.woolworths.media/content/wowproductimages/medium/784136.jpg,2020-09-21 17:27:05,,0,Was $4.09 13/03/2017,True
d93c5417-74c0-4c43-bd16-c3ac0bba87f5,Woolworths Supermarket,Pantry,Goulburn Valley Pear Sliced In Juice 700g,784143,$3.70,$5.29 / 1KG,https://www.woolworths.com.au/shop/productdetails/784143/goulburn-valley-pear-sliced-in-juice,https://cdn0.woolworths.media/content/wowproductimages/medium/784143.jpg,2020-09-21 17:27:05,,0,Was $4.09 13/03/2017,True
dc4283ba-a50d-49dc-a767-1c8cd0faeb5a,Woolworths Supermarket,Pantry,Goulburn Valley Mango 685g,784246,$5.10,$7.45 / 1KG,https://www.woolworths.com.au/shop/productdetails/784246/goulburn-valley-mango,https://cdn0.woolworths.media/content/wowproductimages/medium/784246.jpg,2020-09-21 17:27:05,,0,,True
3b22b228-d42e-463a-b5f7-2f102364f305,Woolworths Supermarket,Pantry,Maggi Best Ever Beef Burgers Recipe Base 30g,784857,$1.75,$5.83 / 100G,https://www.woolworths.com.au/shop/productdetails/784857/maggi-best-ever-beef-burgers-recipe-base,https://cdn0.woolworths.media/content/wowproductimages/medium/784857.jpg,2020-09-21 17:27:05,,0,,True
a67bc41d-f3a4-49a7-8e2c-5ae9d2bfcdfd,Woolworths Supermarket,Pantry,Abc Kecap Manis Sweet Soy Sauce 600ml,784997,$4.35,$0.73 / 100ML,https://www.woolworths.com.au/shop/productdetails/784997/abc-kecap-manis-sweet-soy-sauce,https://cdn0.woolworths.media/content/wowproductimages/medium/784997.jpg,2020-09-21 17:27:05,,0,,True
254aed25-0874-4195-acd9-64583179aca0,Woolworths Supermarket,Pantry,Masterfoods Butter Chicken Recipe Base 175g,785142,$2.20,$1.26 / 100G,https://www.woolworths.com.au/shop/productdetails/785142/masterfoods-butter-chicken-recipe-base,https://cdn0.woolworths.media/content/wowproductimages/medium/785142.jpg,2020-09-21 17:27:05,,0,3 for $6.00,True
43598f5c-54d4-4480-ab75-f3943b7d5b73,Woolworths Supermarket,Pantry,Creative Kitchen Fondant Multipack Fondant Multipack 500g,785164,$8.00,$1.60 / 100G,https://www.woolworths.com.au/shop/productdetails/785164/creative-kitchen-fondant-multipack-fondant-multipack,https://cdn0.woolworths.media/content/wowproductimages/medium/785164.jpg,2020-09-21 17:27:05,,0,,True
3a4713bb-488e-4f01-a25d-dd2a5dab75f1,Woolworths Supermarket,Pantry,White Wings Dessert Mix Chocolate Profiteroles 230g,785336,$4.00,$1.74 / 100G,https://www.woolworths.com.au/shop/productdetails/785336/white-wings-dessert-mix-chocolate-profiteroles,https://cdn0.woolworths.media/content/wowproductimages/medium/785336.jpg,2020-09-21 17:27:05,,0,Was $5.00 31/10/16,True
74108840-751a-4efa-889f-14d42956e4bd,Woolworths Supermarket,Pantry,Snickers Chocolate Bar 50g,785455,$1.50,$3.00 / 100G,https://www.woolworths.com.au/shop/productdetails/785455/snickers-chocolate-bar,https://cdn0.woolworths.media/content/wowproductimages/medium/785455.jpg,2020-09-21 17:27:05,,0,,True
71a539d8-10eb-414d-85e7-44f55ad2f7cb,Woolworths Supermarket,Pantry,Tasti Protein Bar Salted Caramel 200g,785587,$4.80,$2.40 / 100G,https://www.woolworths.com.au/shop/productdetails/785587/tasti-protein-bar-salted-caramel,https://cdn0.woolworths.media/content/wowproductimages/medium/785587.jpg,2020-09-21 17:27:05,,0,,True
70fb7c5e-2d9c-4cc2-b12a-1e172d83dc5f,Woolworths Supermarket,Pantry,Praise Tartare Sauce 250ml,785763,$3.00,$1.20 / 100ML,https://www.woolworths.com.au/shop/productdetails/785763/praise-tartare-sauce,https://cdn0.woolworths.media/content/wowproductimages/medium/785763.jpg,2020-09-21 17:27:05,,0,,True
8b8a7f09-60b8-4355-9cd4-b6996074b18f,Woolworths Supermarket,Pantry,Praise Seafood Sauce 250ml,785764,$3.00,$1.20 / 100ML,https://www.woolworths.com.au/shop/productdetails/785764/praise-seafood-sauce,https://cdn0.woolworths.media/content/wowproductimages/medium/785764.jpg,2020-09-21 17:27:05,,0,,True
d2625585-b3ad-43c6-9827-701848807ddc,Woolworths Supermarket,Pantry,Nong Shim Shin Ramyun 5 pack,785977,$4.00,$0.67 / 100G,https://www.woolworths.com.au/shop/productdetails/785977/nong-shim-shin-ramyun,https://cdn0.woolworths.media/content/wowproductimages/medium/785977.jpg,2020-09-21 17:27:05,,0,,True
d9cfbceb-67c3-4c94-a174-ef0aa6c12d73,Woolworths Supermarket,Pantry,Queen Organic Vanilla Bean Paste 140g,786237,$14.60,$10.43 / 100G,https://www.woolworths.com.au/shop/productdetails/786237/queen-organic-vanilla-bean-paste,https://cdn0.woolworths.media/content/wowproductimages/medium/786237.jpg,2020-09-21 17:27:05,,0,,True
7f3cc1b0-fbfc-4248-8284-e7398fa6fdd4,Woolworths Supermarket,Pantry,Queen Red Food Colour Gel 15g,786238,$2.50,$16.67 / 100G,https://www.woolworths.com.au/shop/productdetails/786238/queen-red-food-colour-gel,https://cdn0.woolworths.media/content/wowproductimages/medium/786238.jpg,2020-09-21 17:27:05,,0,,True
fd95283a-2bab-4c59-971c-078cb73126a7,Woolworths Supermarket,Pantry,Carman's Dark Choc Espresso Nut Bars 160g,786267,$6.00,$3.75 / 100G,https://www.woolworths.com.au/shop/productdetails/786267/carman-s-dark-choc-espresso-nut-bars,https://cdn0.woolworths.media/content/wowproductimages/medium/786267.jpg,2020-09-21 17:27:05,,0,,True
b974db2e-8787-46f4-a68e-fec568f99adb,Woolworths Supermarket,Pantry,Carman's Gourmet Protein Bars Dark Choc & Cranberry 200g,786273,$6.30,$3.15 / 100G,https://www.woolworths.com.au/shop/productdetails/786273/carman-s-gourmet-protein-bars-dark-choc-cranberry,https://cdn0.woolworths.media/content/wowproductimages/medium/786273.jpg,2020-09-21 17:27:05,,0,,True
51880e36-1f42-4137-958d-e5dab95af43e,Woolworths Supermarket,Pantry,Carman's Roasted Nut Bars Greek Style Yoghurt Blueberry 160g,786274,$6.00,$3.75 / 100G,https://www.woolworths.com.au/shop/productdetails/786274/carman-s-roasted-nut-bars-greek-style-yoghurt-blueberry,https://cdn0.woolworths.media/content/wowproductimages/medium/786274.jpg,2020-09-21 17:27:05,,0,,True
b1e539b9-8b72-451e-a021-6cc6f4da8263,Woolworths Supermarket,Pantry,Belvita Chocolate Breakfast Biscuits 300g,786364,$4.00,$1.33 / 100G,https://www.woolworths.com.au/shop/productdetails/786364/belvita-chocolate-breakfast-biscuits,https://cdn0.woolworths.media/content/wowproductimages/medium/786364.jpg,2020-09-21 17:27:05,,0,,True
9f87ca73-e4c3-48bd-ae7d-4b3ea3443e5c,Woolworths Supermarket,Pantry,Heinz Seriously Good Peri Peri Spicy Mayonnaise 295ml,787154,$4.00,$1.36 / 100ML,https://www.woolworths.com.au/shop/productdetails/787154/heinz-seriously-good-peri-peri-spicy-mayonnaise,https://cdn0.woolworths.media/content/wowproductimages/medium/787154.jpg,2020-09-21 17:27:05,,0,,True
040bfa8d-de1f-4452-88c0-45025751c5ae,Woolworths Supermarket,Pantry,Heinz Seriously Good Lite Aioli each,787156,$4.00,$1.36 / 100ML,https://www.woolworths.com.au/shop/productdetails/787156/heinz-seriously-good-lite-aioli,https://cdn0.woolworths.media/content/wowproductimages/medium/787156.jpg,2020-09-21 17:27:05,,0,,True
9d1a760e-3db4-4094-987e-e88cd484e598,Woolworths Supermarket,Pantry,Old El Paso Stand 'n Stuff Soft Taco Kit 348g,787266,$7.00,$2.01 / 100G,https://www.woolworths.com.au/shop/productdetails/787266/old-el-paso-stand-n-stuff-soft-taco-kit,https://cdn0.woolworths.media/content/wowproductimages/medium/787266.jpg,2020-09-21 17:27:05,,0,,True
c5235fd4-ca3d-404f-83d5-2dbbf82b7232,Woolworths Supermarket,Pantry,Old El Paso Stand 'n Stuff Tortilla 8 pack,787275,$4.45,$2.31 / 100G,https://www.woolworths.com.au/shop/productdetails/787275/old-el-paso-stand-n-stuff-tortilla,https://cdn0.woolworths.media/content/wowproductimages/medium/787275.jpg,2020-09-21 17:27:05,,0,,True
2a43a49b-64c3-4173-bdac-f001244ae75c,Woolworths Supermarket,Pantry,Old El Paso Black Beans 425g,787277,$3.00,$0.71 / 100G,https://www.woolworths.com.au/shop/productdetails/787277/old-el-paso-black-beans,https://cdn0.woolworths.media/content/wowproductimages/medium/787277.jpg,2020-09-21 17:27:05,,0,,True
f160b075-a167-4d2f-83cf-de72476ae120,Woolworths Supermarket,Pantry,Sandhurst Tomatoes Sundried Strips 125g,787707,$4.00,$32.00 / 1KG,https://www.woolworths.com.au/shop/productdetails/787707/sandhurst-tomatoes-sundried-strips,https://cdn0.woolworths.media/content/wowproductimages/medium/787707.jpg,2020-09-21 17:27:05,,0,,True
9f5bb15e-5d9c-4853-8c5c-3f0871fab624,Woolworths Supermarket,Pantry,Wokka Noodles Wholegrain 400g,788315,$2.70,$0.68 / 100G,https://www.woolworths.com.au/shop/productdetails/788315/wokka-noodles-wholegrain,https://cdn0.woolworths.media/content/wowproductimages/medium/788315.jpg,2020-09-21 17:27:05,,0,Was $3.05 13/11/2017,True
228914e7-469c-46c8-9648-191021d501ad,Woolworths Supermarket,Pantry,Mckenzie's Coconut Flour 330g,788462,$2.95,$8.94 / 1KG,https://www.woolworths.com.au/shop/productdetails/788462/mckenzie-s-coconut-flour,https://cdn0.woolworths.media/content/wowproductimages/medium/788462.jpg,2020-09-21 17:27:05,,0,,True
6e9cf8af-7903-4a72-b075-5977cdbae18a,Woolworths Supermarket,Pantry,Mckenzie's Quinoa Flour 350g,788471,$7.95,$22.71 / 1KG,https://www.woolworths.com.au/shop/productdetails/788471/mckenzie-s-quinoa-flour,https://cdn0.woolworths.media/content/wowproductimages/medium/788471.jpg,2020-09-21 17:27:05,,0,,True
3942a5b8-38d9-4267-9bad-9875bf4c73bb,Woolworths Supermarket,Pantry,A+ Snacks Seaweed 4.5g,788498,$1.00,$22.22 / 100G,https://www.woolworths.com.au/shop/productdetails/788498/a-snacks-seaweed,https://cdn0.woolworths.media/content/wowproductimages/medium/788498.jpg,2020-09-21 17:27:05,,0,,True
db924b5a-17ea-4706-9cc7-6633ac31ec05,Woolworths Supermarket,Pantry,Oreo Mini Multipack Original 23g x 10 pack,788789,$3.00,$1.30 / 100G,https://www.woolworths.com.au/shop/productdetails/788789/oreo-mini-multipack-original,https://cdn0.woolworths.media/content/wowproductimages/medium/788789.jpg,2020-09-21 17:27:05,,0,,True
b6a6f4b7-026c-4cf5-ae55-8db5279c3b7a,Woolworths Supermarket,Pantry,Lindt Excellence Supreme Dark Chocolate 90% Cocoa 100g block,789154,$3.00,$3.00 / 100G,https://www.woolworths.com.au/shop/productdetails/789154/lindt-excellence-supreme-dark-chocolate-90-cocoa,https://cdn0.woolworths.media/content/wowproductimages/medium/789154.jpg,2020-09-21 17:27:05,,0,,True
fb0d4a16-b51e-4227-aed2-8bf2d2e8eb1f,Woolworths Supermarket,Pantry,Quarter Past Coffee Syrup Vanilla 250ml,789306,$5.00,$2.00 / 100ML,https://www.woolworths.com.au/shop/productdetails/789306/quarter-past-coffee-syrup-vanilla,https://cdn0.woolworths.media/content/wowproductimages/medium/789306.jpg,2020-09-21 17:27:05,,0,,True
002cd534-a2c7-444d-aa8c-aadf41a892d4,Woolworths Supermarket,Pantry,Pandaroo Salad Dressing Vietnamese 270ml,789366,$3.10,$1.15 / 100ML,https://www.woolworths.com.au/shop/productdetails/789366/pandaroo-salad-dressing-vietnamese,https://cdn0.woolworths.media/content/wowproductimages/medium/789366.jpg,2020-09-21 17:27:05,,0,,True
a872d591-9d4b-4749-8efa-105f3ecd04cf,Woolworths Supermarket,Pantry,Pandaroo Vermicelli Brown Rice 200g,789413,$2.00,$10.00 / 1KG,https://www.woolworths.com.au/shop/productdetails/789413/pandaroo-vermicelli-brown-rice,https://cdn0.woolworths.media/content/wowproductimages/medium/789413.jpg,2020-09-21 17:27:05,,0,,True
9f245f32-087e-4f4a-a394-d8ee17ab2fd0,Woolworths Supermarket,Pantry,Always Fresh Olives Parmesan Stuffed 235g,789822,$5.40,$22.98 / 1KG,https://www.woolworths.com.au/shop/productdetails/789822/always-fresh-olives-parmesan-stuffed,https://cdn0.woolworths.media/content/wowproductimages/medium/789822.jpg,2020-09-21 17:27:05,,0,,True
704fcfb0-953c-4c87-ab5a-eb9fa50859fd,Woolworths Supermarket,Pantry,Kewpie Salad Dressing Roasted Sesame 210ml,790349,$4.60,$2.19 / 100ML,https://www.woolworths.com.au/shop/productdetails/790349/kewpie-salad-dressing-roasted-sesame,https://cdn0.woolworths.media/content/wowproductimages/medium/790349.jpg,2020-09-21 17:27:05,,0,,True
4dcda592-2e00-495e-9711-80ad411b6a27,Woolworths Supermarket,Pantry,Kewpie Mayonnaise Wasabi Flavour 300g,790377,$4.70,$1.57 / 100G,https://www.woolworths.com.au/shop/productdetails/790377/kewpie-mayonnaise-wasabi-flavour,https://cdn0.woolworths.media/content/wowproductimages/medium/790377.jpg,2020-09-21 17:27:05,,0,,True
37cc6167-c773-44e9-8a88-929f95ace3d6,Woolworths Supermarket,Pantry,Obento Japanese Cooking Sake 250ml,790391,$3.30,$1.32 / 100ML,https://www.woolworths.com.au/shop/productdetails/790391/obento-japanese-cooking-sake,https://cdn0.woolworths.media/content/wowproductimages/medium/790391.jpg,2020-09-21 17:27:05,,0,,True
6742da3a-4d30-40df-ba8e-4fee3a48a1d2,Woolworths Supermarket,Pantry,Jordans Bursting With Berries Crunchy Oat Granola 500g,790810,$7.00,$1.40 / 100G,https://www.woolworths.com.au/shop/productdetails/790810/jordans-bursting-with-berries-crunchy-oat-granola,https://cdn0.woolworths.media/content/wowproductimages/medium/790810.jpg,2020-09-21 17:27:05,,0,,True
e7cbae4d-6471-4485-97d9-d1822e5d68b3,Woolworths Supermarket,Pantry,Lingham's Sauce Chilli 280g,791072,$3.40,$1.21 / 100ML,https://www.woolworths.com.au/shop/productdetails/791072/lingham-s-sauce-chilli,https://cdn0.woolworths.media/content/wowproductimages/medium/791072.jpg,2020-09-21 17:27:05,,0,,True
fd340625-79d9-4623-879e-b506f00e00cf,Woolworths Supermarket,Pantry,Twinings Spiced Apple Infused Camomile Tea Bags 10pk,791148,$2.70,$0.27 / 1EA,https://www.woolworths.com.au/shop/productdetails/791148/twinings-spiced-apple-infused-camomile-tea-bags,https://cdn0.woolworths.media/content/wowproductimages/medium/791148.jpg,2020-09-21 17:27:05,,0,,True
3c296d33-cc67-49a2-9abc-868a0b997b73,Woolworths Supermarket,Pantry,Twinings Orange & Cinnamon Tea 10pk,791152,$2.70,$0.27 / 1EA,https://www.woolworths.com.au/shop/productdetails/791152/twinings-orange-cinnamon-tea,https://cdn0.woolworths.media/content/wowproductimages/medium/791152.jpg,2020-09-21 17:27:05,,0,,True
8391628a-b07e-4268-a439-9fd1e94e9ae9,Woolworths Supermarket,Pantry,Macro Organic Pasta Sauce Chunky Tomato Garlic Basil 500g,791171,$2.60,$0.52 / 100G,https://www.woolworths.com.au/shop/productdetails/791171/macro-organic-pasta-sauce-chunky-tomato-garlic-basil,https://cdn0.woolworths.media/content/wowproductimages/medium/791171.jpg,2020-09-21 17:27:05,,0,,True
6dbd3d48-595f-4f7a-86b8-ced240c583cc,Woolworths Supermarket,Pantry,Macro Organic Pasta Sauce Chunky Bolognese 500g,791172,$2.60,$0.52 / 100G,https://www.woolworths.com.au/shop/productdetails/791172/macro-organic-pasta-sauce-chunky-bolognese,https://cdn0.woolworths.media/content/wowproductimages/medium/791172.jpg,2020-09-21 17:27:05,,0,,True
1d3e9251-a7df-404d-a67d-7da75b19c4ef,Woolworths Supermarket,Pantry,Woolworths Mushrooms In Butter Sauce 400g,791179,$2.80,$7.00 / 1KG,https://www.woolworths.com.au/shop/productdetails/791179/woolworths-mushrooms-in-butter-sauce,https://cdn0.woolworths.media/content/wowproductimages/medium/791179.jpg,2020-09-21 17:27:05,Average product rating out of 5: 3.5. Product score is based on 359 ratings,359,,True
a4a589a2-9693-4013-b000-60bffc9391d3,Woolworths Supermarket,Pantry,Carman's Honey Roasted Nut Crunchy Clusters 500g,791355,$5.00,$1.00 / 100G,https://www.woolworths.com.au/shop/productdetails/791355/carman-s-honey-roasted-nut-crunchy-clusters,https://cdn0.woolworths.media/content/wowproductimages/medium/791355.jpg,2020-09-21 17:27:05,,0,,True
983d97c5-81c1-4e0f-9968-7a35cc93e634,Woolworths Supermarket,Pantry,Maggi 2 Minute Instant Wholegrain Beef Noodles 5 pack,791680,$3.95,$1.18 / 100G,https://www.woolworths.com.au/shop/productdetails/791680/maggi-2-minute-instant-wholegrain-beef-noodles,https://cdn0.woolworths.media/content/wowproductimages/medium/791680.jpg,2020-09-21 17:27:05,,0,,True
335db846-f2e9-48a6-9105-9be191c02461,Woolworths Supermarket,Pantry,Madame Flavour Lemongrass Lime & Ginger Tea Pods 18 pack,791769,$6.15,$0.34 / 1EA,https://www.woolworths.com.au/shop/productdetails/791769/madame-flavour-lemongrass-lime-ginger-tea-pods,https://cdn0.woolworths.media/content/wowproductimages/medium/791769.jpg,2020-09-21 17:27:05,,0,,True
cd1f4852-55fc-4668-955b-de9b23153f47,Woolworths Supermarket,Pantry,Sunrice Heat & Serve Rice & Quinoa 250g,792122,$2.80,$1.12 / 100G,https://www.woolworths.com.au/shop/productdetails/792122/sunrice-heat-serve-rice-quinoa,https://cdn0.woolworths.media/content/wowproductimages/medium/792122.jpg,2020-09-21 17:27:05,,0,Was $3.49 30/06/2016,True
3d1c328f-073a-496c-bd5b-32584c81c3bf,Woolworths Supermarket,Pantry,Uncle Ben's Microwave Brown & Wild Rice 250g,792437,$2.00,$0.80 / 100G,https://www.woolworths.com.au/shop/productdetails/792437/uncle-ben-s-microwave-brown-wild-rice,https://cdn0.woolworths.media/content/wowproductimages/medium/792437.jpg,2020-09-21 17:27:05,,0,,True
e62b049c-2012-43c8-99ad-7f95104a1a5a,Woolworths Supermarket,Pantry,Uncle Ben's Microwave Brown Red & Wild Rice Medley 250g,792456,$2.00,$0.80 / 100G,https://www.woolworths.com.au/shop/productdetails/792456/uncle-ben-s-microwave-brown-red-wild-rice-medley,https://cdn0.woolworths.media/content/wowproductimages/medium/792456.jpg,2020-09-21 17:27:05,,0,,True
ddd9ab7b-84b4-439e-8956-2a6f340aa7b0,Woolworths Supermarket,Pantry,Higher Living Cocoa Chilli Tea 15 bags 30g,792918,$3.70,$0.25 / 1EA,https://www.woolworths.com.au/shop/productdetails/792918/higher-living-cocoa-chilli-tea,https://cdn0.woolworths.media/content/wowproductimages/medium/792918.jpg,2020-09-21 17:27:05,,0,,True
fcdb52a0-788d-42c6-b954-bdb0345b326e,Woolworths Supermarket,Pantry,Higher Living Chai Green Tea each,792988,$3.70,$0.19 / 1EA,https://www.woolworths.com.au/shop/productdetails/792988/higher-living-chai-green-tea,https://cdn0.woolworths.media/content/wowproductimages/medium/792988.jpg,2020-09-21 17:27:05,,0,,True
fcdea8f8-dc6c-4f97-9b6f-4122531abbd3,Woolworths Supermarket,Pantry,Sanitarium Weet-bix Breakfast Cereal 575g,793114,$3.80,$0.66 / 100G,https://www.woolworths.com.au/shop/productdetails/793114/sanitarium-weet-bix-breakfast-cereal,https://cdn0.woolworths.media/content/wowproductimages/medium/793114.jpg,2020-09-21 17:27:05,,0,,True
bcb66e99-e8d4-4f61-b8f0-f1d0f69b3925,Woolworths Supermarket,Pantry,Crouton Caravan Dressing Olive Oil And Salt 90g,793212,$3.50,$3.89 / 100G,https://www.woolworths.com.au/shop/productdetails/793212/crouton-caravan-dressing-olive-oil-and-salt,https://cdn0.woolworths.media/content/wowproductimages/medium/793212.jpg,2020-09-21 17:27:05,,0,,True
f738f02d-1aea-4854-8ba7-6c9507062c34,Woolworths Supermarket,Pantry,Betty Crocker Gluten Free Chocolate Fudge Brownie Mix 450g,793245,$4.00,$0.89 / 100G,https://www.woolworths.com.au/shop/productdetails/793245/betty-crocker-gluten-free-chocolate-fudge-brownie-mix,https://cdn0.woolworths.media/content/wowproductimages/medium/793245.jpg,2020-09-21 17:27:05,Average product rating out of 5: 4.5. Product score is based on 12 ratings,12,,True
a83469f8-0b04-4a9c-b47d-06a3e62d0b5c,Woolworths Supermarket,Pantry,Betty Crocker Gluten Free Devils Food Cake Mix 550g,793246,$4.00,$0.73 / 100G,https://www.woolworths.com.au/shop/productdetails/793246/betty-crocker-gluten-free-devils-food-cake-mix,https://cdn0.woolworths.media/content/wowproductimages/medium/793246.jpg,2020-09-21 17:27:05,Average product rating out of 5: 4.3. Product score is based on 11 ratings,11,,True
2fdd2d33-9bc6-483f-b920-4c7dc0d48e7c,Woolworths Supermarket,Pantry,Sunsol Muesli Blueberry Chia Goji Coconut 500g,793350,$6.00,$1.20 / 100G,https://www.woolworths.com.au/shop/productdetails/793350/sunsol-muesli-blueberry-chia-goji-coconut,https://cdn0.woolworths.media/content/wowproductimages/medium/793350.jpg,2020-09-21 17:27:05,,0,,True
16bff11c-1dfd-4dce-a29a-17d683d73c47,Woolworths Supermarket,Pantry,Vege Chips Chicken Style 100g,793382,$3.80,$3.80 / 100G,https://www.woolworths.com.au/shop/productdetails/793382/vege-chips-chicken-style,https://cdn0.woolworths.media/content/wowproductimages/medium/793382.jpg,2020-09-21 17:27:05,Average product rating out of 5: 4.7. Product score is based on 20 ratings,20,,True
f5541d57-0954-4ef9-8328-9c605266dc1c,Woolworths Supermarket,Pantry,Sunrice Rice Snacks Salt & Vinegar Mini Bites 160g,793683,$4.00,$2.50 / 100G,https://www.woolworths.com.au/shop/productdetails/793683/sunrice-rice-snacks-salt-vinegar-mini-bites,https://cdn0.woolworths.media/content/wowproductimages/medium/793683.jpg,2020-09-21 17:27:05,Average product rating out of 5: 4.7. Product score is based on 18 ratings,18,Was $4.99 31/07/2017,True
6137bcbe-6432-48cb-8e2b-9b25f60f56d0,Woolworths Supermarket,Pantry,Berry Nice Multi Flavour Creamy Ice Bars 15 pack,794497,$4.00,$0.31 / 100ML,https://www.woolworths.com.au/shop/productdetails/794497/berry-nice-multi-flavour-creamy-ice-bars,https://cdn0.woolworths.media/content/wowproductimages/medium/794497.jpg,2020-09-21 17:27:05,,0,,True
295387d8-89b9-4d4c-a1b2-5a21494a326f,Woolworths Supermarket,Pantry,Massel 7's Chicken Cubes Gluten Free 35g,794766,$1.00,$0.29 / 10G,https://www.woolworths.com.au/shop/productdetails/794766/massel-7-s-chicken-cubes-gluten-free,https://cdn0.woolworths.media/content/wowproductimages/medium/794766.jpg,2020-09-21 17:27:05,,0,,True
589a6bb2-6dfd-4d8c-88cf-37324e7a5e19,Woolworths Supermarket,Pantry,Massel 7's Beef Cubes Gluten Free 35g,794812,$1.00,$0.29 / 10G,https://www.woolworths.com.au/shop/productdetails/794812/massel-7-s-beef-cubes-gluten-free,https://cdn0.woolworths.media/content/wowproductimages/medium/794812.jpg,2020-09-21 17:27:05,,0,,True
f5957e7b-0cde-48b9-9421-e0e855c9452c,Woolworths Supermarket,Pantry,Sanitarium Weet-bix Gluten Free Breakfast Cereal 375g,794875,$4.50,$1.20 / 100G,https://www.woolworths.com.au/shop/productdetails/794875/sanitarium-weet-bix-gluten-free-breakfast-cereal,https://cdn0.woolworths.media/content/wowproductimages/medium/794875.jpg,2020-09-21 17:27:05,Average product rating out of 5: 4.6. Product score is based on 39 ratings,39,Was $5.00 01/10/2018,True
96a83366-a510-4c87-9c31-5040278cdda5,Woolworths Supermarket,Pantry,Mutti Mutti Baby Roma Tomatoes 400g,795295,$2.00,$5.00 / 1KG,https://www.woolworths.com.au/shop/productdetails/795295/mutti-mutti-baby-roma-tomatoes,https://cdn0.woolworths.media/content/wowproductimages/medium/795295.jpg,2020-09-21 17:27:05,,0,,True
4dca59b9-13d2-419b-a25a-26a28033cac8,Woolworths Supermarket,Pantry,Mutti Passata 700g,795297,$3.50,$0.50 / 100G,https://www.woolworths.com.au/shop/productdetails/795297/mutti-passata,https://cdn0.woolworths.media/content/wowproductimages/medium/795297.jpg,2020-09-21 17:27:05,,0,,True
9fafa0a6-1f1e-4d3f-8fc0-5cb1484fd853,Woolworths Supermarket,Pantry,Well Naturally Bar Fruit & Nut 90g,795480,$3.50,$3.89 / 100G,https://www.woolworths.com.au/shop/productdetails/795480/well-naturally-bar-fruit-nut,https://cdn0.woolworths.media/content/wowproductimages/medium/795480.jpg,2020-09-21 17:27:05,Average product rating out of 5: 4.9. Product score is based on 10 ratings,10,,True
c9bc7323-2ad3-4825-8245-5ebb9eafc757,Woolworths Supermarket,Pantry,Well Naturally Bar Milk 90g,795482,$3.50,$3.89 / 100G,https://www.woolworths.com.au/shop/productdetails/795482/well-naturally-bar-milk,https://cdn0.woolworths.media/content/wowproductimages/medium/795482.jpg,2020-09-21 17:27:05,Average product rating out of 5: 4.6. Product score is based on 13 ratings,13,,True
86ddf617-3388-4a4a-86e5-4a9a97ece239,Woolworths Supermarket,Pantry,Well Naturally Bar Sugar Free Dark 90g,795483,$3.50,$3.89 / 100G,https://www.woolworths.com.au/shop/productdetails/795483/well-naturally-bar-sugar-free-dark,https://cdn0.woolworths.media/content/wowproductimages/medium/795483.jpg,2020-09-21 17:27:05,Average product rating out of 5: 4.8. Product score is based on 20 ratings,20,,True
36e9884d-995c-4158-8ea6-423147fd38b2,Woolworths Supermarket,Pantry,Mutti Mutti Whole Peeled Tomatoes 400g,795621,$1.60,$4.00 / 1KG,https://www.woolworths.com.au/shop/productdetails/795621/mutti-mutti-whole-peeled-tomatoes,https://cdn0.woolworths.media/content/wowproductimages/medium/795621.jpg,2020-09-21 17:27:05,,0,,True
7d9e3deb-7fc7-4c6d-8569-38f6806961f1,Woolworths Supermarket,Pantry,Bega Cream Cheese Spread Bold 500g,795867,$6.50,$13.00 / 1KG,https://www.woolworths.com.au/shop/productdetails/795867/bega-cream-cheese-spread-bold,https://cdn0.woolworths.media/content/wowproductimages/medium/795867.jpg,2020-09-21 17:27:05,,0,Was $7.15 21/08/2017,True
319f56c3-a924-4b6a-95ef-61951cd25a3a,Woolworths Supermarket,Pantry,Nutella Hazelnut Spread 12pk 180g,795886,$4.75,$2.64 / 100G,https://www.woolworths.com.au/shop/productdetails/795886/nutella-hazelnut-spread,https://cdn0.woolworths.media/content/wowproductimages/medium/795886.jpg,2020-09-21 17:27:05,,0,,True
0a0973f7-5aef-49b5-b8c9-cad15bc5b79a,Woolworths Supermarket,Pantry,Nutella Hazelnut Spread 1kg,795889,$10.00,$1.00 / 100G,https://www.woolworths.com.au/shop/productdetails/795889/nutella-hazelnut-spread,https://cdn0.woolworths.media/content/wowproductimages/medium/795889.jpg,2020-09-21 17:27:05,,0,Was $10.85 03/05/2018,True
20d82253-5b22-407b-8562-4ccfd04b50ce,Woolworths Supermarket,Pantry,Vegemite Spread 380g,796439,$6.50,$1.71 / 100G,https://www.woolworths.com.au/shop/productdetails/796439/vegemite-spread,https://cdn0.woolworths.media/content/wowproductimages/medium/796439.jpg,2020-09-21 17:27:05,,0,,True
659c6a14-ce06-4923-a5e9-ec16e4768c85,Woolworths Supermarket,Pantry,Don Antonio Chopped Tomatoes Passat Di Pomodor 500g,796722,$5.00,$1.00 / 100G,https://www.woolworths.com.au/shop/productdetails/796722/don-antonio-chopped-tomatoes-passat-di-pomodor,https://cdn0.woolworths.media/content/wowproductimages/medium/796722.jpg,2020-09-21 17:27:05,,0,,True
c8ae7c00-a7fe-4c0f-882a-8eda4445654d,Woolworths Supermarket,Pantry,Don Antonio Napoletana Sauce 500ml,796726,$6.00,$1.20 / 100G,https://www.woolworths.com.au/shop/productdetails/796726/don-antonio-napoletana-sauce,https://cdn0.woolworths.media/content/wowproductimages/medium/796726.jpg,2020-09-21 17:27:05,,0,,True
1c4a7240-4693-42ff-b6f2-19b0129e5f6d,Woolworths Supermarket,Pantry,Don Antonio Traditional Sauce 500ml,797010,$6.00,$1.20 / 100G,https://www.woolworths.com.au/shop/productdetails/797010/don-antonio-traditional-sauce,https://cdn0.woolworths.media/content/wowproductimages/medium/797010.jpg,2020-09-21 17:27:05,,0,,True
dd710a05-15d9-44a2-b656-08a1a464c9a5,Woolworths Supermarket,Pantry,Milo Dipped Snack Bars With White Chocolate 10 pack,797102,$5.00,$1.85 / 100G,https://www.woolworths.com.au/shop/productdetails/797102/milo-dipped-snack-bars-with-white-chocolate,https://cdn0.woolworths.media/content/wowproductimages/medium/797102.jpg,2020-09-21 17:27:05,,0,,True
d083aa04-c147-43c8-9286-9c30f28625e3,Woolworths Supermarket,Pantry,Masterfoods Barbecue Sauce 500ml,099696,$2.50,$0.50 / 100ML,https://www.woolworths.com.au/shop/productdetails/99696/masterfoods-barbecue-sauce,https://cdn0.woolworths.media/content/wowproductimages/medium/099696.jpg,2020-09-21 17:27:05,,0,,True
6dae08e2-3b63-4202-a95b-d203c76c29f5,Woolworths Supermarket,Pantry,Doritos Share Pack Cheese Supreme 170g,826731,$2.75,$1.62 / 100G,https://www.woolworths.com.au/shop/productdetails/826731/doritos-share-pack-cheese-supreme,https://cdn0.woolworths.media/content/wowproductimages/medium/826731.jpg,2020-09-21 17:27:05,,0,,True
126186b5-a6e9-4447-bc32-46d1f5c59e62,Woolworths Supermarket,Pantry,Arnott's Shortbread 250g,008838,$2.50,$1.00 / 100G,https://www.woolworths.com.au/shop/productdetails/8838/arnott-s-shortbread,https://cdn0.woolworths.media/content/wowproductimages/medium/008838.jpg,2020-09-21 17:27:05,,0,,True
7d0b718a-1d7b-4437-8453-1eac66fdad58,Woolworths Supermarket,Pantry,Twisties Cheese Chips 90g,081659,$2.00,$2.22 / 100G,https://www.woolworths.com.au/shop/productdetails/81659/twisties-cheese-chips,https://cdn0.woolworths.media/content/wowproductimages/medium/081659.jpg,2020-09-21 17:27:05,,0,,True
30391d85-977f-4006-94ef-c3297e5e8374,Woolworths Supermarket,Pantry,Bertolli Extra Virgin Olive Oil Originale 750ml,502951,$6.50,$0.87 / 100ML,https://www.woolworths.com.au/shop/productdetails/502951/bertolli-extra-virgin-olive-oil-originale,https://cdn0.woolworths.media/content/wowproductimages/medium/502951.jpg,2020-09-21 17:27:05,,0,,True
9819da72-cf1e-4367-aa8a-fdbae3bf521d,Woolworths Supermarket,Pantry,Valcom Canned Bamboo Shoots Sliced 225g,097730,$1.10,$4.89 / 1KG,https://www.woolworths.com.au/shop/productdetails/97730/valcom-canned-bamboo-shoots-sliced,https://cdn0.woolworths.media/content/wowproductimages/medium/097730.jpg,2020-09-21 17:27:05,,0,,True
b80e57a9-199b-4231-b96b-c1373c78b8fc,Woolworths Supermarket,Pantry,Kellogg's Nutri-grain Protein Breakfast Cereal 290g,701706,$4.95,$1.71 / 100G,https://www.woolworths.com.au/shop/productdetails/701706/kellogg-s-nutri-grain-protein-breakfast-cereal,https://cdn0.woolworths.media/content/wowproductimages/medium/701706.jpg,2020-09-21 17:27:05,,0,,True
1e863cc1-c691-45c0-8ddc-700bc7d9f774,Woolworths Supermarket,Pantry,Arnott's Malt O' Milk 250g,036036,$2.50,$1.00 / 100G,https://www.woolworths.com.au/shop/productdetails/36036/arnott-s-malt-o-milk,https://cdn0.woolworths.media/content/wowproductimages/medium/036036.jpg,2020-09-21 17:27:05,,0,,True
94655833-6073-4a89-a3db-115a1135cdd5,Woolworths Supermarket,Pantry,Smith's Share Pack Crinkle Cut Salt & Vinegar 170g,826738,$2.75,$1.62 / 100G,https://www.woolworths.com.au/shop/productdetails/826738/smith-s-share-pack-crinkle-cut-salt-vinegar,https://cdn0.woolworths.media/content/wowproductimages/medium/826738.jpg,2020-09-21 17:27:05,,0,,True
3e843f00-ac1a-4ba9-80ba-3f0a988d464c,Woolworths Supermarket,Pantry,Arnott's Snack Right Sultana 250g,182697,$3.00,$1.20 / 100G,https://www.woolworths.com.au/shop/productdetails/182697/arnott-s-snack-right-sultana,https://cdn0.woolworths.media/content/wowproductimages/medium/182697.jpg,2020-09-21 17:27:05,,0,Was $4.20 11/02/2019,True
5817b0fb-cb4e-495c-b3c9-ec846c2ed5dc,Woolworths Supermarket,Pantry,Toblerone Milk Chocolate Bar 50g,047011,$1.00,$2.00 / 100G,https://www.woolworths.com.au/shop/productdetails/47011/toblerone-milk-chocolate-bar,https://cdn0.woolworths.media/content/wowproductimages/medium/047011.jpg,2020-09-21 17:27:05,,0,,True
82b27536-7475-4043-a198-9e41bec0b6aa,Woolworths Supermarket,Pantry,Kooka's Country Cookies Lemon 200g,347837,$2.00,$1.00 / 100G,https://www.woolworths.com.au/shop/productdetails/347837/kooka-s-country-cookies-lemon,https://cdn0.woolworths.media/content/wowproductimages/medium/347837.jpg,2020-09-21 17:27:05,,0,,True
27e96b63-93fb-439e-a8e6-b90f569e5cd9,Woolworths Supermarket,Pantry,Uncle Tobys Roll-ups Strawberry Fun Prints 6 pack,324231,$4.00,$4.26 / 100G,https://www.woolworths.com.au/shop/productdetails/324231/uncle-tobys-roll-ups-strawberry-fun-prints,https://cdn0.woolworths.media/content/wowproductimages/medium/324231.jpg,2020-09-21 17:27:05,,0,,True
52ee8419-3f46-474d-a7ae-3ae82781ba94,Woolworths Supermarket,Pantry,Woolworths Corn Sweet Kernels 420g,218926,$1.00,$2.38 / 1KG,https://www.woolworths.com.au/shop/productdetails/218926/woolworths-corn-sweet-kernels,https://cdn0.woolworths.media/content/wowproductimages/medium/218926.jpg,2020-09-21 17:27:05,Average product rating out of 5: 4.1. Product score is based on 215 ratings,215,,True
9c6057ef-7642-4fd2-8608-4aa8031fcc3b,Woolworths Supermarket,Pantry,Moccona Freeze Dried Instant Coffee Classic Medium Roast 400g,208575,$24.00,$6.00 / 100G,https://www.woolworths.com.au/shop/productdetails/208575/moccona-freeze-dried-instant-coffee-classic-medium-roast,https://cdn0.woolworths.media/content/wowproductimages/medium/208575.jpg,2020-09-21 17:27:05,,0,,True
5968a95a-e260-4530-b8e0-eb9b52fabfd7,Woolworths Supermarket,Pantry,Macro Organic Quinoa Tri Colour 500g,717631,$7.00,$1.40 / 100G,https://www.woolworths.com.au/shop/productdetails/717631/macro-organic-quinoa-tri-colour,https://cdn0.woolworths.media/content/wowproductimages/medium/717631.jpg,2020-09-21 17:27:05,Average product rating out of 5: 4.6. Product score is based on 274 ratings,274,Was $9.99 09/01/2017,True
2cdde627-aefe-4382-8a27-583f5b95fe3a,Woolworths Supermarket,Pantry,Arnott's Shapes Cheddar 175g,384244,$2.50,$1.43 / 100G,https://www.woolworths.com.au/shop/productdetails/384244/arnott-s-shapes-cheddar,https://cdn0.woolworths.media/content/wowproductimages/medium/384244.jpg,2020-09-21 17:27:05,,0,,True
6d369e4f-e4e7-4ba7-8cf7-9f1920c86aa1,Woolworths Supermarket,Pantry,Uncle Ben's Microwave Mexican Style Brown Rice 250g,727257,$3.00,$1.20 / 100G,https://www.woolworths.com.au/shop/productdetails/727257/uncle-ben-s-microwave-mexican-style-brown-rice,https://cdn0.woolworths.media/content/wowproductimages/medium/727257.jpg,2020-09-21 17:27:05,,0,,True
13c09224-79d8-4245-b752-6661b43f643f,Woolworths Supermarket,Pantry,Pringles Sour Cream And Onion Chips 134g,479502,$2.50,$1.87 / 100G,https://www.woolworths.com.au/shop/productdetails/479502/pringles-sour-cream-and-onion-chips,https://cdn0.woolworths.media/content/wowproductimages/medium/479502.jpg,2020-09-21 17:27:05,,0,,True
c770357a-7da6-401b-bce0-36a069e92bc5,Woolworths Supermarket,Pantry,Kellogg's Nutri-grain Original Cereal Snack Bars 144g,797142,$3.00,$2.08 / 100G,https://www.woolworths.com.au/shop/productdetails/797142/kellogg-s-nutri-grain-original-cereal-snack-bars,https://cdn0.woolworths.media/content/wowproductimages/medium/797142.jpg,2020-09-21 17:27:05,,0,,True
aab5521a-0a97-469d-864f-c0679902a4d9,Woolworths Supermarket,Pantry,Kellogg's Nutri-grain Original Cereal Snack Bars 240g,797145,$6.00,$2.50 / 100G,https://www.woolworths.com.au/shop/productdetails/797145/kellogg-s-nutri-grain-original-cereal-snack-bars,https://cdn0.woolworths.media/content/wowproductimages/medium/797145.jpg,2020-09-21 17:27:05,,0,,True
81cc8e82-4879-450f-ac8a-3ba1b8a76775,Woolworths Supermarket,Pantry,Lindt Excellence Dark Chocolate Sea Salt Caramel 100g block,797737,$2.70,$2.70 / 100G,https://www.woolworths.com.au/shop/productdetails/797737/lindt-excellence-dark-chocolate-sea-salt-caramel,https://cdn0.woolworths.media/content/wowproductimages/medium/797737.jpg,2020-09-21 17:27:05,,0,,True
0c3dcb08-20a7-4be5-be40-3646b7a20202,Woolworths Supermarket,Pantry,Allen's Killer Python Jelly Lolly Bag 192g,797937,$2.00,$1.04 / 100G,https://www.woolworths.com.au/shop/productdetails/797937/allen-s-killer-python-jelly-lolly-bag,https://cdn0.woolworths.media/content/wowproductimages/medium/797937.jpg,2020-09-21 17:27:05,,0,,True
dac3d96a-1d71-4a93-b111-7b714b63f950,Woolworths Supermarket,Pantry,Squeaky Gate Extra Virgin Olive Oil The Allrounder 750ml,798037,$9.00,$1.20 / 100ML,https://www.woolworths.com.au/shop/productdetails/798037/squeaky-gate-extra-virgin-olive-oil-the-allrounder,https://cdn0.woolworths.media/content/wowproductimages/medium/798037.jpg,2020-09-21 17:27:05,,0,Was $10.00 07/10/2019,True
7c6d4735-929d-4959-86d9-5226ac0f57c2,Woolworths Supermarket,Pantry,Gourmet Garden Chilli Lightly Dried 10g sachet,798100,$3.50,$3.50 / 10G,https://www.woolworths.com.au/shop/productdetails/798100/gourmet-garden-chilli-lightly-dried,https://cdn0.woolworths.media/content/wowproductimages/medium/798100.jpg,2020-09-21 17:27:05,,0,,True
bb8a3d86-3e73-4ec2-8e72-6f7f409c7f70,Woolworths Supermarket,Pantry,Guzzi's Linguine 375g,798249,$4.70,$1.25 / 100G,https://www.woolworths.com.au/shop/productdetails/798249/guzzi-s-linguine,https://cdn0.woolworths.media/content/wowproductimages/medium/798249.jpg,2020-09-21 17:27:05,,0,,True
165d63cf-b86c-4187-a3b7-c24d013a8027,Woolworths Supermarket,Pantry,Guzzi's Fettuccine 375g,798251,$4.70,$1.25 / 100G,https://www.woolworths.com.au/shop/productdetails/798251/guzzi-s-fettuccine,https://cdn0.woolworths.media/content/wowproductimages/medium/798251.jpg,2020-09-21 17:27:05,,0,,True
db99d9aa-797d-4fae-8e92-4e66dac73c2f,Woolworths Supermarket,Pantry,Guzzi's Pappardelle 375g,798252,$4.70,$1.25 / 100G,https://www.woolworths.com.au/shop/productdetails/798252/guzzi-s-pappardelle,https://cdn0.woolworths.media/content/wowproductimages/medium/798252.jpg,2020-09-21 17:27:05,,0,,True
d3d0c48f-93bb-4d02-9c5e-74fa629ce59f,Woolworths Supermarket,Pantry,Espressotoria Aurora Coffee Italian Coffee Capsules 100g,798705,$5.60,$0.47 / 1EA,https://www.woolworths.com.au/shop/productdetails/798705/espressotoria-aurora-coffee-italian-coffee-capsules,https://cdn0.woolworths.media/content/wowproductimages/medium/798705.jpg,2020-09-21 17:27:05,,0,,True
4655be21-8c1f-480c-bd63-1f23bc1350be,Woolworths Supermarket,Pantry,Espressotoria Chicco D'oro Espresso Coffee Capsules 12 pack,798707,$4.50,$0.38 / 1EA,https://www.woolworths.com.au/shop/productdetails/798707/espressotoria-chicco-d-oro-espresso-coffee-capsules,https://cdn0.woolworths.media/content/wowproductimages/medium/798707.jpg,2020-09-21 17:27:05,,0,,True
2cd0847c-cf94-407b-aedb-2a2646a5bb3d,Woolworths Supermarket,Pantry,Espressotoria Coffee Capsules Caffe Aurora Espresso 12 pack,798714,$5.60,$0.47 / 1EA,https://www.woolworths.com.au/shop/productdetails/798714/espressotoria-coffee-capsules-caffe-aurora-espresso,https://cdn0.woolworths.media/content/wowproductimages/medium/798714.jpg,2020-09-21 17:27:05,,0,,True
8cbdc030-0026-4992-9b9a-118728047f62,Woolworths Supermarket,Pantry,Heinz Seriously Good Whole Egg Mayonnaise 500ml,799368,$5.00,$1.00 / 100ML,https://www.woolworths.com.au/shop/productdetails/799368/heinz-seriously-good-whole-egg-mayonnaise,https://cdn0.woolworths.media/content/wowproductimages/medium/799368.jpg,2020-09-21 17:27:05,,0,,True
470f89c7-d322-4ab0-8b5b-47abb89275df,Woolworths Supermarket,Pantry,Heinz Seriously Good Garlic Aioli Mayonnaise 500ml,799459,$5.00,$1.00 / 100ML,https://www.woolworths.com.au/shop/productdetails/799459/heinz-seriously-good-garlic-aioli-mayonnaise,https://cdn0.woolworths.media/content/wowproductimages/medium/799459.jpg,2020-09-21 17:27:05,,0,,True
d7c2a693-4c77-42f6-9c33-9bb07995f8d7,Woolworths Supermarket,Pantry,Maretti Bruschette Roasted Garlic 150g,800481,$2.50,$1.67 / 100G,https://www.woolworths.com.au/shop/productdetails/800481/maretti-bruschette-roasted-garlic,https://cdn0.woolworths.media/content/wowproductimages/medium/800481.jpg,2020-09-21 17:27:05,,0,Was $3.50 22/10/2019,True
004acc10-c9b7-4f53-84c4-7144ca4134f7,Woolworths Supermarket,Pantry,Jarrah Salted Caramel Latte 250g,800489,$6.00,$2.40 / 100G,https://www.woolworths.com.au/shop/productdetails/800489/jarrah-salted-caramel-latte,https://cdn0.woolworths.media/content/wowproductimages/medium/800489.jpg,2020-09-21 17:27:05,,0,,True
7ea8f1d4-41dc-473b-a0e5-316ce90dbc0c,Woolworths Supermarket,Pantry,Guylian Chocolate Selection Belgian Excellence 305g gift box,800513,$18.00,$5.90 / 100G,https://www.woolworths.com.au/shop/productdetails/800513/guylian-chocolate-selection-belgian-excellence,https://cdn0.woolworths.media/content/wowproductimages/medium/800513.jpg,2020-09-21 17:27:05,,0,,True
4372317b-8abd-4492-ba3e-49ab616123a6,Woolworths Supermarket,Pantry,Peckish Brown Rice Cracker Lightly Salted 100g,800804,$2.50,$2.50 / 100G,https://www.woolworths.com.au/shop/productdetails/800804/peckish-brown-rice-cracker-lightly-salted,https://cdn0.woolworths.media/content/wowproductimages/medium/800804.jpg,2020-09-21 17:27:05,,0,,True
d4d2a442-f64a-4dbb-b240-22c01f1e4372,Woolworths Supermarket,Pantry,Olina's Gluten Free Crackers Pepita Seed 100g,800973,$2.50,$2.50 / 100G,https://www.woolworths.com.au/shop/productdetails/800973/olina-s-gluten-free-crackers-pepita-seed,https://cdn0.woolworths.media/content/wowproductimages/medium/800973.jpg,2020-09-21 17:27:05,Average product rating out of 5: 4.6. Product score is based on 47 ratings,47,,True
ab3b47dc-dcad-4373-8df6-5c104510b8f1,Woolworths Supermarket,Pantry,Golden Circle Tropical Slices Pineapple In Juice 425g,801068,$2.50,$5.88 / 1KG,https://www.woolworths.com.au/shop/productdetails/801068/golden-circle-tropical-slices-pineapple-in-juice,https://cdn0.woolworths.media/content/wowproductimages/medium/801068.jpg,2020-09-21 17:27:05,,0,,True
ea1add7e-5dac-402d-b91e-961c2be9c9d9,Woolworths Supermarket,Pantry,Golden Circle Pineapple Pieces Unsweetened 425g,801106,$2.50,$5.88 / 1KG,https://www.woolworths.com.au/shop/productdetails/801106/golden-circle-pineapple-pieces-unsweetened,https://cdn0.woolworths.media/content/wowproductimages/medium/801106.jpg,2020-09-21 17:27:05,,0,,True
05e9fbd2-71c2-415c-ae26-26d4bb1ebc4c,Woolworths Supermarket,Pantry,Gullon No Sugar Added Oaty Biscuits 410g,801277,$4.40,$1.07 / 100G,https://www.woolworths.com.au/shop/productdetails/801277/gullon-no-sugar-added-oaty-biscuits,https://cdn0.woolworths.media/content/wowproductimages/medium/801277.jpg,2020-09-21 17:27:05,Average product rating out of 5: 4.8. Product score is based on 5 ratings,5,,True
284d63da-cc5f-4720-a161-6975de8aae5a,Woolworths Supermarket,Pantry,Sirena Sicilian Style Pasta With Tuna 170g,801493,$4.00,$23.53 / 1KG,https://www.woolworths.com.au/shop/productdetails/801493/sirena-sicilian-style-pasta-with-tuna,https://cdn0.woolworths.media/content/wowproductimages/medium/801493.jpg,2020-09-21 17:27:05,,0,,True
0d352295-31c9-4ab2-8c48-68a551e4090c,Woolworths Supermarket,Pantry,Sirena Brown Rice & Quinoa With Tuna 170g,801522,$4.00,$23.53 / 1KG,https://www.woolworths.com.au/shop/productdetails/801522/sirena-brown-rice-quinoa-with-tuna,https://cdn0.woolworths.media/content/wowproductimages/medium/801522.jpg,2020-09-21 17:27:05,,0,,True
e727ba4d-9657-4d02-b042-591d9684e1af,Woolworths Supermarket,Pantry,La Costena Chipotle Sauce 220g,801530,$3.75,$1.70 / 100G,https://www.woolworths.com.au/shop/productdetails/801530/la-costena-chipotle-sauce,https://cdn0.woolworths.media/content/wowproductimages/medium/801530.jpg,2020-09-21 17:27:05,,0,,True
9ca79540-3ae6-44ce-830f-3b2d8a29bb9b,Woolworths Supermarket,Pantry,Capilano Twist & Squeeze Honey 220g,802008,$4.70,$2.14 / 100G,https://www.woolworths.com.au/shop/productdetails/802008/capilano-twist-squeeze-honey,https://cdn0.woolworths.media/content/wowproductimages/medium/802008.jpg,2020-09-21 17:27:05,,0,,True
6f7836ce-c998-4f7c-a977-b470b8191b28,Woolworths Supermarket,Pantry,Sweet Baby Ray's Hickory & Brown Sugar Bbq Sauce 425ml,802036,$5.35,$1.26 / 100ML,https://www.woolworths.com.au/shop/productdetails/802036/sweet-baby-ray-s-hickory-brown-sugar-bbq-sauce,https://cdn0.woolworths.media/content/wowproductimages/medium/802036.jpg,2020-09-21 17:27:05,,0,,True
2b2b518e-44ba-4445-9bb5-81c22a82dee8,Woolworths Supermarket,Pantry,Birch & Waite Green Goddess Salad Dressing 250ml,802495,$5.00,$2.00 / 100ML,https://www.woolworths.com.au/shop/productdetails/802495/birch-waite-green-goddess-salad-dressing,https://cdn0.woolworths.media/content/wowproductimages/medium/802495.jpg,2020-09-21 17:27:05,,0,,True
5217a22b-ebe0-4740-9a11-43b1ed5bee8c,Woolworths Supermarket,Pantry,Sirena Italian Style Salad With Tuna 170g,802544,$4.00,$2.35 / 100G,https://www.woolworths.com.au/shop/productdetails/802544/sirena-italian-style-salad-with-tuna,https://cdn0.woolworths.media/content/wowproductimages/medium/802544.jpg,2020-09-21 17:27:05,,0,,True
32ead113-d6ad-40c3-9d84-8e1a7be21cc7,Woolworths Supermarket,Pantry,Nestle Kitkat Large Share Pack 18 pack,802635,$5.00,$1.63 / 100G,https://www.woolworths.com.au/shop/productdetails/802635/nestle-kitkat-large-share-pack,https://cdn0.woolworths.media/content/wowproductimages/medium/802635.jpg,2020-09-21 17:27:05,,0,Was $6.00 21/10/2018,True
a8f1f873-d524-48a5-b5c6-b872e5220fc4,Woolworths Supermarket,Pantry,Ardmona Cherry Tomatoes Whole Unpeeled 400g,802904,$2.00,$5.00 / 1KG,https://www.woolworths.com.au/shop/productdetails/802904/ardmona-cherry-tomatoes-whole-unpeeled,https://cdn0.woolworths.media/content/wowproductimages/medium/802904.jpg,2020-09-21 17:27:05,,0,,True
dd14f48c-e0ee-4d04-bbd5-5eca53830c94,Woolworths Supermarket,Pantry,All Natural Bakery Oat Slice 100g,802971,$2.70,$2.70 / 100G,https://www.woolworths.com.au/shop/productdetails/802971/all-natural-bakery-oat-slice,https://cdn0.woolworths.media/content/wowproductimages/medium/802971.jpg,2020-09-21 17:27:05,Average product rating out of 5: 4.8. Product score is based on 4 ratings,4,,True
32452097-91fe-4992-b000-0204ba3ccc37,Woolworths Supermarket,Pantry,Safcol Sardines In Springwater 110g,803409,$1.40,$12.73 / 1KG,https://www.woolworths.com.au/shop/productdetails/803409/safcol-sardines-in-springwater,https://cdn0.woolworths.media/content/wowproductimages/medium/803409.jpg,2020-09-21 17:27:05,,0,,True
df30b90f-8a76-4e9b-85ed-407eb0b81a40,Woolworths Supermarket,Pantry,Hapi Dry Roasted Edamame 100g,803476,$2.50,$2.50 / 100G,https://www.woolworths.com.au/shop/productdetails/803476/hapi-dry-roasted-edamame,https://cdn0.woolworths.media/content/wowproductimages/medium/803476.jpg,2020-09-21 17:27:05,,0,,True
373f3fc2-63b0-4f43-a498-0aff6b3e7291,Woolworths Supermarket,Pantry,Sunrice Jasmine Fragrant Rice 5kg,803520,$16.00,$0.32 / 100G,https://www.woolworths.com.au/shop/productdetails/803520/sunrice-jasmine-fragrant-rice,https://cdn0.woolworths.media/content/wowproductimages/medium/803520.jpg,2020-09-21 17:27:05,,0,,True
5d2e411f-b66c-4889-ba28-b05fe92e9ac3,Woolworths Supermarket,Pantry,Queen Ultimate Sprinkles Unicorn Confetti 110g,803557,$4.00,$3.64 / 100G,https://www.woolworths.com.au/shop/productdetails/803557/queen-ultimate-sprinkles-unicorn-confetti,https://cdn0.woolworths.media/content/wowproductimages/medium/803557.jpg,2020-09-21 17:27:05,,0,,True
ca4c4fdd-d40b-4776-b4af-d0058920dd3b,Woolworths Supermarket,Pantry,Dollar Sweets Vegetarian Rainbow Sprinkles 155g,803604,$2.00,$1.29 / 100G,https://www.woolworths.com.au/shop/productdetails/803604/dollar-sweets-vegetarian-rainbow-sprinkles,https://cdn0.woolworths.media/content/wowproductimages/medium/803604.jpg,2020-09-21 17:27:05,,0,,True
34e23b70-02a8-49e7-96ae-5c83aba814df,Woolworths Supermarket,Pantry,Safcol Sardines In Oil 110g,803728,$1.40,$12.73 / 1KG,https://www.woolworths.com.au/shop/productdetails/803728/safcol-sardines-in-oil,https://cdn0.woolworths.media/content/wowproductimages/medium/803728.jpg,2020-09-21 17:27:05,,0,,True
0be75b29-8e65-45fe-adcb-863d5c9062b3,Woolworths Supermarket,Pantry,Ayam Black Sesame Oil 210ml,803737,$5.50,$2.62 / 100ML,https://www.woolworths.com.au/shop/productdetails/803737/ayam-black-sesame-oil,https://cdn0.woolworths.media/content/wowproductimages/medium/803737.jpg,2020-09-21 17:27:05,,0,,True
4f22e3fa-de4b-4d81-b053-7984c49dd889,Woolworths Supermarket,Pantry,Trolli Mega Burger 50g,803855,$1.50,$3.00 / 100G,https://www.woolworths.com.au/shop/productdetails/803855/trolli-mega-burger,https://cdn0.woolworths.media/content/wowproductimages/medium/803855.jpg,2020-09-21 17:27:05,,0,,True
78c629f2-b5f4-4b72-ba1e-77a8f7ef99da,Woolworths Supermarket,Pantry,Haday Yellow Soy Bean Paste 340g,803883,$2.00,$0.59 / 100G,https://www.woolworths.com.au/shop/productdetails/803883/haday-yellow-soy-bean-paste,https://cdn0.woolworths.media/content/wowproductimages/medium/803883.jpg,2020-09-21 17:27:05,,0,,True
5a475636-8a99-4d10-be44-820192379d2c,Woolworths Supermarket,Pantry,Haday Gold Label Oyster Sauce 530ml,803884,$3.40,$0.64 / 100ML,https://www.woolworths.com.au/shop/productdetails/803884/haday-gold-label-oyster-sauce,https://cdn0.woolworths.media/content/wowproductimages/medium/803884.jpg,2020-09-21 17:27:05,,0,,True
56341c5f-a9ae-470e-9b77-d3f37c55ba37,Woolworths Supermarket,Pantry,Brunswick Sardines With Lemon &thyme 120g,804025,$3.00,$25.00 / 1KG,https://www.woolworths.com.au/shop/productdetails/804025/brunswick-sardines-with-lemon-thyme,https://cdn0.woolworths.media/content/wowproductimages/medium/804025.jpg,2020-09-21 17:27:05,,0,,True
a1728c75-8ca1-46b4-9355-7853d79265c7,Woolworths Supermarket,Pantry,Dollar Sweets 10 Inch Round Cake Board 2 pack,804124,$3.00,$1.50 / 1EA,https://www.woolworths.com.au/shop/productdetails/804124/dollar-sweets-10-inch-round-cake-board,https://cdn0.woolworths.media/content/wowproductimages/medium/804124.jpg,2020-09-21 17:27:05,,0,,True
f92f22d0-ff82-4ffe-90aa-42c97b2d2001,Woolworths Supermarket,Pantry,Dollar Sweets Icing Decorations Unicorn & Rainbow 12 pack,804132,$3.50,$38.89 / 100G,https://www.woolworths.com.au/shop/productdetails/804132/dollar-sweets-icing-decorations-unicorn-rainbow,https://cdn0.woolworths.media/content/wowproductimages/medium/804132.jpg,2020-09-21 17:27:05,,0,,True
1ac56011-8c72-4e8e-bc97-d10069ae1f87,Woolworths Supermarket,Pantry,Darrell Lea Milk Chocolate Raspberry Bullets 250g,804137,$4.40,$1.76 / 100G,https://www.woolworths.com.au/shop/productdetails/804137/darrell-lea-milk-chocolate-raspberry-bullets,https://cdn0.woolworths.media/content/wowproductimages/medium/804137.jpg,2020-09-21 17:27:05,,0,,True
f70bfb90-1337-4d91-b3a5-ee791e3228fb,Woolworths Supermarket,Pantry,Darrell Lea Milk Chocolate Liquorice Bullets 250g,804270,$4.40,$1.76 / 100G,https://www.woolworths.com.au/shop/productdetails/804270/darrell-lea-milk-chocolate-liquorice-bullets,https://cdn0.woolworths.media/content/wowproductimages/medium/804270.jpg,2020-09-21 17:27:05,,0,,True
cea784b0-8882-44b8-a60c-cb125a7260fa,Woolworths Supermarket,Pantry,Darrell Lea Dark Chocolate Liquorice Bullets 250g,804271,$4.40,$1.76 / 100G,https://www.woolworths.com.au/shop/productdetails/804271/darrell-lea-dark-chocolate-liquorice-bullets,https://cdn0.woolworths.media/content/wowproductimages/medium/804271.jpg,2020-09-21 17:27:05,,0,,True
8dabf1e9-8f91-4bfe-bee0-89538d203312,Woolworths Supermarket,Pantry,Darrell Lea Allsorts Liquorice 270g,804275,$4.40,$1.63 / 100G,https://www.woolworths.com.au/shop/productdetails/804275/darrell-lea-allsorts-liquorice,https://cdn0.woolworths.media/content/wowproductimages/medium/804275.jpg,2020-09-21 17:27:05,,0,,True
a5213581-ec98-4f2d-9934-3aa67a6cc209,Woolworths Supermarket,Pantry,Brunswick Sardines In Olive Oil 120g,804280,$3.00,$25.00 / 1KG,https://www.woolworths.com.au/shop/productdetails/804280/brunswick-sardines-in-olive-oil,https://cdn0.woolworths.media/content/wowproductimages/medium/804280.jpg,2020-09-21 17:27:05,,0,,True
8f6a8367-5543-4ba9-917a-d594fd08f700,Woolworths Supermarket,Pantry,Queen Pink Food Colour Gel 15g,804415,$2.50,$16.67 / 100G,https://www.woolworths.com.au/shop/productdetails/804415/queen-pink-food-colour-gel,https://cdn0.woolworths.media/content/wowproductimages/medium/804415.jpg,2020-09-21 17:27:05,,0,,True
080ca623-d1bb-405d-9b2e-bc0c26dc2f84,Woolworths Supermarket,Pantry,Queen Purple Food Colour Gel 15g,804423,$2.50,$16.67 / 100G,https://www.woolworths.com.au/shop/productdetails/804423/queen-purple-food-colour-gel,https://cdn0.woolworths.media/content/wowproductimages/medium/804423.jpg,2020-09-21 17:27:05,,0,,True
10eb022f-4007-42bb-a611-6658e879eb97,Woolworths Supermarket,Pantry,Queen Teal Food Colour Gel 15g,804424,$2.50,$16.67 / 100G,https://www.woolworths.com.au/shop/productdetails/804424/queen-teal-food-colour-gel,https://cdn0.woolworths.media/content/wowproductimages/medium/804424.jpg,2020-09-21 17:27:05,,0,,True
7e7f6093-4da7-4514-95a7-7dcd9fa7ca9c,Woolworths Supermarket,Pantry,Woolworths Cashews Roasted 400g,804454,$8.00,$20.00 / 1KG,https://www.woolworths.com.au/shop/productdetails/804454/woolworths-cashews-roasted,https://cdn0.woolworths.media/content/wowproductimages/medium/804454.jpg,2020-09-21 17:27:05,Average product rating out of 5: 4.7. Product score is based on 550 ratings,550,,True
2930a887-1e52-42a3-b91e-5abcbb6d5201,Woolworths Supermarket,Pantry,Nibblish Gently Baked Strawberry 80g,804906,$5.00,$62.50 / 1KG,https://www.woolworths.com.au/shop/productdetails/804906/nibblish-gently-baked-strawberry,https://cdn0.woolworths.media/content/wowproductimages/medium/804906.jpg,2020-09-21 17:27:05,,0,,True
f7a76316-f604-4c88-9926-732391fd4e10,Woolworths Supermarket,Pantry,Hart & Soul Supergrain Butter Chicken 250g,805108,$5.00,$2.00 / 100G,https://www.woolworths.com.au/shop/productdetails/805108/hart-soul-supergrain-butter-chicken,https://cdn0.woolworths.media/content/wowproductimages/medium/805108.jpg,2020-09-21 17:27:05,,0,,True
3fc31f0f-fa6c-487d-a5b8-94d9e76b738a,Woolworths Supermarket,Pantry,Hart & Soul Nasi Goreng 250g,805176,$5.00,$2.00 / 100G,https://www.woolworths.com.au/shop/productdetails/805176/hart-soul-nasi-goreng,https://cdn0.woolworths.media/content/wowproductimages/medium/805176.jpg,2020-09-21 17:27:05,,0,,True
dfe278fc-c06a-4919-b242-095f63580a3a,Woolworths Supermarket,Pantry,Hart & Soul Panang Curry 250g,805178,$5.00,$2.00 / 100G,https://www.woolworths.com.au/shop/productdetails/805178/hart-soul-panang-curry,https://cdn0.woolworths.media/content/wowproductimages/medium/805178.jpg,2020-09-21 17:27:05,,0,,True
1a2d2735-18b8-48be-b2d1-421c2bc77160,Woolworths Supermarket,Pantry,Awona Shiitake Mushrooms Can 425g,805219,$2.50,$5.88 / 1KG,https://www.woolworths.com.au/shop/productdetails/805219/awona-shiitake-mushrooms-can,https://cdn0.woolworths.media/content/wowproductimages/medium/805219.jpg,2020-09-21 17:27:05,,0,,True
9c3792d0-73ec-4dbd-959f-79ac873b0d3a,Woolworths Supermarket,Pantry,Donna Hay Spelt Flour Pancakes With Real Vanilla Beans 285g,805226,$5.95,$2.09 / 100G,https://www.woolworths.com.au/shop/productdetails/805226/donna-hay-spelt-flour-pancakes-with-real-vanilla-beans,https://cdn0.woolworths.media/content/wowproductimages/medium/805226.jpg,2020-09-21 17:27:05,,0,,True
0327c17f-91b1-4b0b-a1b2-fa2720d33da9,Woolworths Supermarket,Pantry,Noshu Sugar Free Gluten Free Brownie Mix 300g,805313,$7.50,$2.50 / 100G,https://www.woolworths.com.au/shop/productdetails/805313/noshu-sugar-free-gluten-free-brownie-mix,https://cdn0.woolworths.media/content/wowproductimages/medium/805313.jpg,2020-09-21 17:27:05,,0,,True
6ea2ba50-8592-4d19-9492-4c4e9849cbd7,Woolworths Supermarket,Pantry,Kez's Gluten Free Mixed Favourite Biscuits 180g,805429,$3.50,$1.94 / 100G,https://www.woolworths.com.au/shop/productdetails/805429/kez-s-gluten-free-mixed-favourite-biscuits,https://cdn0.woolworths.media/content/wowproductimages/medium/805429.jpg,2020-09-21 17:27:05,Average product rating out of 5: 5.0. Product score is based on 3 ratings,3,,True
e9e8339b-3477-4a19-9675-db1ef294d3dc,Woolworths Supermarket,Pantry,Woolworths Vanilla Cake Mix With Icing 450g,805617,$1.85,$0.41 / 100G,https://www.woolworths.com.au/shop/productdetails/805617/woolworths-vanilla-cake-mix-with-icing,https://cdn0.woolworths.media/content/wowproductimages/medium/805617.jpg,2020-09-21 17:27:05,Average product rating out of 5: 4.3. Product score is based on 597 ratings,597,,True
a1ba32a9-7cee-4f33-8e74-cc9cd0cdf409,Woolworths Supermarket,Pantry,Woolworths Brownie Mix 450g,805619,$2.25,$0.50 / 100G,https://www.woolworths.com.au/shop/productdetails/805619/woolworths-brownie-mix,https://cdn0.woolworths.media/content/wowproductimages/medium/805619.jpg,2020-09-21 17:27:05,Average product rating out of 5: 4.2. Product score is based on 421 ratings,421,,True
59738c55-76e2-434a-bed7-477025ac3558,Woolworths Supermarket,Pantry,Woolworths Garlic Crackers 185g,805708,$1.80,$0.97 / 100G,https://www.woolworths.com.au/shop/productdetails/805708/woolworths-garlic-crackers,https://cdn0.woolworths.media/content/wowproductimages/medium/805708.jpg,2020-09-21 17:27:05,,0,Was $2.00 12/05/2020,True
b7a8b808-b0eb-404a-8fd0-71419ec25acb,Woolworths Supermarket,Pantry,Woolworths Sea Salt Crackers 185g,805709,$1.80,$0.97 / 100G,https://www.woolworths.com.au/shop/productdetails/805709/woolworths-sea-salt-crackers,https://cdn0.woolworths.media/content/wowproductimages/medium/805709.jpg,2020-09-21 17:27:05,,0,Was $2.00 12/05/2020,True
df635e8d-6e3f-42c2-b4c7-f417a7de0643,Woolworths Supermarket,Pantry,Queen Icing Decorations Cake Friends 12 pack,805726,$3.50,$26.92 / 100G,https://www.woolworths.com.au/shop/productdetails/805726/queen-icing-decorations-cake-friends,https://cdn0.woolworths.media/content/wowproductimages/medium/805726.jpg,2020-09-21 17:27:05,,0,,True
2826a1a5-de83-4f9d-a23d-818c5916748d,Woolworths Supermarket,Pantry,White Wings Cake In A Cup Cinnamon Donut 220g,805852,$5.00,$2.27 / 100G,https://www.woolworths.com.au/shop/productdetails/805852/white-wings-cake-in-a-cup-cinnamon-donut,https://cdn0.woolworths.media/content/wowproductimages/medium/805852.jpg,2020-09-21 17:27:05,,0,,True
fb1f1493-eddc-40fb-adba-5d84dc35507c,Woolworths Supermarket,Pantry,Tom & Luke Original Dark Chocolate Snackballs 132g,805917,$3.00,$2.27 / 100G,https://www.woolworths.com.au/shop/productdetails/805917/tom-luke-original-dark-chocolate-snackballs,https://cdn0.woolworths.media/content/wowproductimages/medium/805917.jpg,2020-09-21 17:27:05,Average product rating out of 5: 4.8. Product score is based on 8 ratings,8,,True
dbbdb779-8c41-4f48-af26-c45335e429c2,Woolworths Supermarket,Pantry,Nescafe Dolce Gusto Americano 16 pack,805929,$8.50,$0.53 / 1EA,https://www.woolworths.com.au/shop/productdetails/805929/nescafe-dolce-gusto-americano,https://cdn0.woolworths.media/content/wowproductimages/medium/805929.jpg,2020-09-21 17:27:05,,0,,True
d951b9e2-5ae3-4bed-b832-1e7906102a0f,Woolworths Supermarket,Pantry,Nescafe Dolce Gusto Intenso 16 capsules,805950,$8.50,$0.53 / 1EA,https://www.woolworths.com.au/shop/productdetails/805950/nescafe-dolce-gusto-intenso,https://cdn0.woolworths.media/content/wowproductimages/medium/805950.jpg,2020-09-21 17:27:05,,0,,True
269c25bd-6d55-42b3-8c3b-5b9ed90089a8,Woolworths Supermarket,Pantry,Mentos Pure Fresh Mint Gum 30g,806033,$2.00,$6.67 / 100G,https://www.woolworths.com.au/shop/productdetails/806033/mentos-pure-fresh-mint-gum,https://cdn0.woolworths.media/content/wowproductimages/medium/806033.jpg,2020-09-21 17:27:05,,0,,True
6307f4c1-e1e6-4b0e-8213-7c0ef801ca38,Woolworths Supermarket,Pantry,Mentos Pure Fresh Spearmint Gum 30g,806034,$2.00,$6.67 / 100G,https://www.woolworths.com.au/shop/productdetails/806034/mentos-pure-fresh-spearmint-gum,https://cdn0.woolworths.media/content/wowproductimages/medium/806034.jpg,2020-09-21 17:27:05,,0,,True
e57a4a65-055d-4d55-97b2-80f5ffac78c9,Woolworths Supermarket,Pantry,Shelby's Almonds Dark Chocolate & Espresso 40g,806059,$3.00,$7.50 / 100G,https://www.woolworths.com.au/shop/productdetails/806059/shelby-s-almonds-dark-chocolate-espresso,https://cdn0.woolworths.media/content/wowproductimages/medium/806059.jpg,2020-09-21 17:27:05,Average product rating out of 5: 4.8. Product score is based on 5 ratings,5,,True
9eb80cf0-e713-4fa8-8fd4-20b890bb47f3,Woolworths Supermarket,Pantry,The Happy Snack Company Crunchy Roasted Chickpeas Lime & Cracked Pepper 6 pack,806060,$4.20,$2.80 / 100G,https://www.woolworths.com.au/shop/productdetails/806060/the-happy-snack-company-crunchy-roasted-chickpeas-lime-cracked-pepper,https://cdn0.woolworths.media/content/wowproductimages/medium/806060.jpg,2020-09-21 17:27:05,Average product rating out of 5: 4.8. Product score is based on 13 ratings,13,,True
36f460f3-8f0d-4d48-9e52-c00aa232f6fc,Woolworths Supermarket,Pantry,Shelby's Almonds With Dark Chocolate & Raspberry 40g,806063,$3.00,$7.50 / 100G,https://www.woolworths.com.au/shop/productdetails/806063/shelby-s-almonds-with-dark-chocolate-raspberry,https://cdn0.woolworths.media/content/wowproductimages/medium/806063.jpg,2020-09-21 17:27:05,Average product rating out of 5: 4.7. Product score is based on 11 ratings,11,,True
2b1bfbaa-0301-4c4e-a44b-8cae25c476e1,Woolworths Supermarket,Pantry,Tasti Smooshed Protein Salted Caramel & Almonds 58g,806065,$3.30,$5.69 / 100G,https://www.woolworths.com.au/shop/productdetails/806065/tasti-smooshed-protein-salted-caramel-almonds,https://cdn0.woolworths.media/content/wowproductimages/medium/806065.jpg,2020-09-21 17:27:05,Average product rating out of 5: 5.0. Product score is based on 2 ratings,2,,True
5fcbf462-881e-464e-abd1-046b7bd616a7,Woolworths Supermarket,Pantry,Tom & Luke Dark Chocolate & Mint Snackballs 132g,806067,$3.00,$2.27 / 100G,https://www.woolworths.com.au/shop/productdetails/806067/tom-luke-dark-chocolate-mint-snackballs,https://cdn0.woolworths.media/content/wowproductimages/medium/806067.jpg,2020-09-21 17:27:05,Average product rating out of 5: 4.8. Product score is based on 10 ratings,10,,True
3a6cdd1c-1f95-4727-b039-2a21f1eda119,Woolworths Supermarket,Pantry,Shelby's Almonds Yogurt & Cinnamon 40g,806070,$3.00,$7.50 / 100G,https://www.woolworths.com.au/shop/productdetails/806070/shelby-s-almonds-yogurt-cinnamon,https://cdn0.woolworths.media/content/wowproductimages/medium/806070.jpg,2020-09-21 17:27:05,Average product rating out of 5: 4.9. Product score is based on 9 ratings,9,,True
73fd99d6-1a08-4878-9cef-ad7ccfcc4823,Woolworths Supermarket,Pantry,Vege Chips Twists Cheese Max 75g,806270,$3.80,$5.07 / 100G,https://www.woolworths.com.au/shop/productdetails/806270/vege-chips-twists-cheese-max,https://cdn0.woolworths.media/content/wowproductimages/medium/806270.jpg,2020-09-21 17:27:05,Average product rating out of 5: 4.5. Product score is based on 35 ratings,35,,True
9817db40-f0aa-4322-9418-9d3d6eff0dce,Woolworths Supermarket,Pantry,Tasti Smooshed Protein Dark Cacao Brownie 58g,806277,$3.30,$5.69 / 100G,https://www.woolworths.com.au/shop/productdetails/806277/tasti-smooshed-protein-dark-cacao-brownie,https://cdn0.woolworths.media/content/wowproductimages/medium/806277.jpg,2020-09-21 17:27:05,Average product rating out of 5: 4.0. Product score is based on 2 ratings,2,,True
acfba4b6-ee16-4cc9-9f9e-a7e87bed664e,Woolworths Supermarket,Pantry,Lindt Nocciolatte Bag 96g,806632,$4.80,$5.00 / 100G,https://www.woolworths.com.au/shop/productdetails/806632/lindt-nocciolatte-bag,https://cdn0.woolworths.media/content/wowproductimages/medium/806632.jpg,2020-09-21 17:27:05,,0,,True
d2c82f97-8347-4663-96e7-1833c043402b,Woolworths Supermarket,Pantry,Extra Watermelon Chewing Gum Sugar Free Multipack 3x14 Piece 81g,807016,$4.00,$4.94 / 100G,https://www.woolworths.com.au/shop/productdetails/807016/extra-watermelon-chewing-gum-sugar-free-multipack-3x14-piece,https://cdn0.woolworths.media/content/wowproductimages/medium/807016.jpg,2020-09-21 17:27:05,,0,,True
59c3e0ff-46ae-4f95-bc7d-f9fae68b694f,Woolworths Supermarket,Pantry,Equal Sweetener Tablets 600 tablets,807039,$13.00,$2.17 / 100EA,https://www.woolworths.com.au/shop/productdetails/807039/equal-sweetener-tablets,https://cdn0.woolworths.media/content/wowproductimages/medium/807039.jpg,2020-09-21 17:27:05,,0,,True
35bfbdf7-f041-45ce-91cc-dd8207855699,Woolworths Supermarket,Pantry,Monini Organic Extra Virgin Olive Oil 500ml,807200,$12.00,$2.40 / 100ML,https://www.woolworths.com.au/shop/productdetails/807200/monini-organic-extra-virgin-olive-oil,https://cdn0.woolworths.media/content/wowproductimages/medium/807200.jpg,2020-09-21 17:27:05,,0,,True
037137d8-6991-4bd5-9188-a5e2f8aab46f,Woolworths Supermarket,Pantry,Monini Grapeseed Oil 750ml,807202,$9.00,$1.20 / 100ML,https://www.woolworths.com.au/shop/productdetails/807202/monini-grapeseed-oil,https://cdn0.woolworths.media/content/wowproductimages/medium/807202.jpg,2020-09-21 17:27:05,,0,,True
33cad89c-78a0-4e41-b02d-92555eed8aa3,Woolworths Supermarket,Pantry,Mentos Pure Fresh Bubble Fresh Flavour Sugar Free Gum 30g,807400,$2.00,$6.67 / 100G,https://www.woolworths.com.au/shop/productdetails/807400/mentos-pure-fresh-bubble-fresh-flavour-sugar-free-gum,https://cdn0.woolworths.media/content/wowproductimages/medium/807400.jpg,2020-09-21 17:27:05,,0,,True
59cd3a29-dca7-4793-9aac-1437ccd1d0f2,Woolworths Supermarket,Pantry,Nice & Natural Protein Wholeseed Bars Cranberry & Raspberry 5 pack,807862,$3.00,$2.00 / 100G,https://www.woolworths.com.au/shop/productdetails/807862/nice-natural-protein-wholeseed-bars-cranberry-raspberry,https://cdn0.woolworths.media/content/wowproductimages/medium/807862.jpg,2020-09-21 17:27:05,,0,,True
54bdf84e-09f0-41ee-8514-8f396f2d3ec8,Woolworths Supermarket,Pantry,Nice & Natural Protein Wholeseed Bars Coconut & Goji Berry 5 pack,807865,$3.00,$2.00 / 100G,https://www.woolworths.com.au/shop/productdetails/807865/nice-natural-protein-wholeseed-bars-coconut-goji-berry,https://cdn0.woolworths.media/content/wowproductimages/medium/807865.jpg,2020-09-21 17:27:05,,0,,True
a4e1d45c-5d39-4f39-aa5c-b916929d73fe,Woolworths Supermarket,Pantry,Woolworths Sunflower Oil 4l,808018,$9.75,$0.24 / 100ML,https://www.woolworths.com.au/shop/productdetails/808018/woolworths-sunflower-oil,https://cdn0.woolworths.media/content/wowproductimages/medium/808018.jpg,2020-09-21 17:27:05,,0,,True
2b3c606c-e622-42b6-adb5-4c1fad823a12,Woolworths Supermarket,Pantry,La Gina Diced Tomatoes 400g,808420,$1.50,$3.75 / 1KG,https://www.woolworths.com.au/shop/productdetails/808420/la-gina-diced-tomatoes,https://cdn0.woolworths.media/content/wowproductimages/medium/808420.jpg,2020-09-21 17:27:05,Average product rating out of 5: 4.4. Product score is based on 572 ratings,572,,True
406e3c3b-144a-4333-9678-87f7daed1478,Woolworths Supermarket,Pantry,La Gina Peeled Tomatoes 400g,808422,$1.50,$3.75 / 1KG,https://www.woolworths.com.au/shop/productdetails/808422/la-gina-peeled-tomatoes,https://cdn0.woolworths.media/content/wowproductimages/medium/808422.jpg,2020-09-21 17:27:05,Average product rating out of 5: 4.5. Product score is based on 570 ratings,570,,True
1bf88166-069f-45e5-9c87-44418b2528bf,Woolworths Supermarket,Pantry,Stagg Dynamite Hot Chili With Beans 425g,808574,$4.00,$0.94 / 100G,https://www.woolworths.com.au/shop/productdetails/808574/stagg-dynamite-hot-chili-with-beans,https://cdn0.woolworths.media/content/wowproductimages/medium/808574.jpg,2020-09-21 17:27:05,,0,,True
5e6f36ea-061e-4f3f-97ce-6911ba23b768,Woolworths Supermarket,Pantry,Stagg Classic Chili With Beans 425g,808596,$4.00,$0.94 / 100G,https://www.woolworths.com.au/shop/productdetails/808596/stagg-classic-chili-with-beans,https://cdn0.woolworths.media/content/wowproductimages/medium/808596.jpg,2020-09-21 17:27:05,,0,,True
a4561875-607b-4553-85b4-94524bcade86,Woolworths Supermarket,Pantry,Heilala Baking Blend Vanilla Bean Paste 65g,808850,$8.00,$12.31 / 100G,https://www.woolworths.com.au/shop/productdetails/808850/heilala-baking-blend-vanilla-bean-paste,https://cdn0.woolworths.media/content/wowproductimages/medium/808850.jpg,2020-09-21 17:27:05,,0,,True
48cc857d-ced0-4b89-95cc-d426e3bfe928,Woolworths Supermarket,Pantry,Fibre One Milk Chocolate Popcorn & Pretzel Bar 105g,809438,$5.50,$5.24 / 100G,https://www.woolworths.com.au/shop/productdetails/809438/fibre-one-milk-chocolate-popcorn-pretzel-bar,https://cdn0.woolworths.media/content/wowproductimages/medium/809438.jpg,2020-09-21 17:27:05,,0,,True
542758cc-c782-4bf5-b20c-4065850751bd,Woolworths Supermarket,Pantry,Sam's Pantry Honey Salted Almond Nut Bar 5 pack,809542,$3.50,$2.06 / 100G,https://www.woolworths.com.au/shop/productdetails/809542/sam-s-pantry-honey-salted-almond-nut-bar,https://cdn0.woolworths.media/content/wowproductimages/medium/809542.jpg,2020-09-21 17:27:05,Average product rating out of 5: 3.8. Product score is based on 251 ratings,251,Was $4.60 20/01/2020,True
e411fa6c-be1a-4372-9319-37f68547d540,Woolworths Supermarket,Pantry,Sam's Pantry Honey Salted Cashew Nut Bar 5 pack,809543,$3.50,$2.06 / 100G,https://www.woolworths.com.au/shop/productdetails/809543/sam-s-pantry-honey-salted-cashew-nut-bar,https://cdn0.woolworths.media/content/wowproductimages/medium/809543.jpg,2020-09-21 17:27:05,Average product rating out of 5: 3.3. Product score is based on 271 ratings,271,Was $4.60 20/01/2020,True
3f8dba8c-42eb-4b44-9098-ea69a9fa4706,Woolworths Supermarket,Pantry,Sam's Pantry Scorched Almond Nut Bar 5 pack,809550,$3.50,$2.06 / 100G,https://www.woolworths.com.au/shop/productdetails/809550/sam-s-pantry-scorched-almond-nut-bar,https://cdn0.woolworths.media/content/wowproductimages/medium/809550.jpg,2020-09-21 17:27:05,Average product rating out of 5: 4.1. Product score is based on 224 ratings,224,Was $4.60 20/01/2020,True
72b870af-a633-44cf-acd1-1b7d2540222f,Woolworths Supermarket,Pantry,Woolworths 3d Gummy Cupcake 200g,810128,$1.60,$0.80 / 100G,https://www.woolworths.com.au/shop/productdetails/810128/woolworths-3d-gummy-cupcake,https://cdn0.woolworths.media/content/wowproductimages/medium/810128.jpg,2020-09-21 17:27:05,,0,,True
6f99bd1f-a1f9-4c09-87e2-2b70b54930f1,Woolworths Supermarket,Pantry,Carman's Gourmet Protein Bars Salted Caramel Bars 200g,810343,$6.30,$3.15 / 100G,https://www.woolworths.com.au/shop/productdetails/810343/carman-s-gourmet-protein-bars-salted-caramel-bars,https://cdn0.woolworths.media/content/wowproductimages/medium/810343.jpg,2020-09-21 17:27:05,,0,,True
470038b1-8aaa-429e-93c1-22c5152b91f3,Woolworths Supermarket,Pantry,Jordans Granola Low Sugar Cherry Almond 500g,810344,$7.00,$1.40 / 100G,https://www.woolworths.com.au/shop/productdetails/810344/jordans-granola-low-sugar-cherry-almond,https://cdn0.woolworths.media/content/wowproductimages/medium/810344.jpg,2020-09-21 17:27:05,,0,,True
a84d2ab4-26be-4899-b17f-4dd8d5359ef1,Woolworths Supermarket,Pantry,Woolworths Popcorn Lightly Salted 80g,810389,$2.10,$2.63 / 100G,https://www.woolworths.com.au/shop/productdetails/810389/woolworths-popcorn-lightly-salted,https://cdn0.woolworths.media/content/wowproductimages/medium/810389.jpg,2020-09-21 17:27:05,,0,,True
ab40762d-6b96-4c66-8776-1ea078d067eb,Woolworths Supermarket,Pantry,Spc Puree & Simple Apple & Mango 90g,810565,$1.40,$15.56 / 1KG,https://www.woolworths.com.au/shop/productdetails/810565/spc-puree-simple-apple-mango,https://cdn0.woolworths.media/content/wowproductimages/medium/810565.jpg,2020-09-21 17:27:05,,0,,True
04df28f0-f990-47a6-8226-30da36a53e1a,Woolworths Supermarket,Pantry,Spc Puree & Simple Apple & Strawberry 90g,810566,$1.40,$15.56 / 1KG,https://www.woolworths.com.au/shop/productdetails/810566/spc-puree-simple-apple-strawberry,https://cdn0.woolworths.media/content/wowproductimages/medium/810566.jpg,2020-09-21 17:27:05,,0,,True
0fbdb6e0-cd5b-4ffb-a9c1-f35ae397a7b5,Woolworths Supermarket,Pantry,Spc Puree & Simple Apple & Banana 90g,810570,$1.40,$15.56 / 1KG,https://www.woolworths.com.au/shop/productdetails/810570/spc-puree-simple-apple-banana,https://cdn0.woolworths.media/content/wowproductimages/medium/810570.jpg,2020-09-21 17:27:05,,0,,True
0c48ab9e-06aa-425b-9c9a-5f8171326789,Woolworths Supermarket,Pantry,Mother Earth Oaty Slice Black Forest 240g,810572,$3.00,$1.25 / 100G,https://www.woolworths.com.au/shop/productdetails/810572/mother-earth-oaty-slice-black-forest,https://cdn0.woolworths.media/content/wowproductimages/medium/810572.jpg,2020-09-21 17:27:05,,0,Was $4.00 26/02/2018,True
f0a0f722-dc5b-442e-9b43-793db4f99e87,Woolworths Supermarket,Pantry,Tasti Nut Bar Dark Chocolate & Cranberry 12 pack,810601,$5.00,$1.19 / 100G,https://www.woolworths.com.au/shop/productdetails/810601/tasti-nut-bar-dark-chocolate-cranberry,https://cdn0.woolworths.media/content/wowproductimages/medium/810601.jpg,2020-09-21 17:27:05,,0,Was $6.15 25/08/2020,True
0adfa226-32a8-4835-8e97-3ae6f66e492e,Woolworths Supermarket,Pantry,Maggi Tom Yam Kaw Hot Mealz Noodles 87g,810626,$2.00,$2.30 / 100G,https://www.woolworths.com.au/shop/productdetails/810626/maggi-tom-yam-kaw-hot-mealz-noodles,https://cdn0.woolworths.media/content/wowproductimages/medium/810626.jpg,2020-09-21 17:27:05,,0,,True
5cac842d-3b9a-4d7d-a9c2-24f0d9a3c90c,Woolworths Supermarket,Pantry,Maggi Kari Kari Kaw Curry Flavour Hot Mealz Noodles 92g,810636,$2.00,$2.17 / 100G,https://www.woolworths.com.au/shop/productdetails/810636/maggi-kari-kari-kaw-curry-flavour-hot-mealz-noodles,https://cdn0.woolworths.media/content/wowproductimages/medium/810636.jpg,2020-09-21 17:27:05,,0,,True
a079d604-b6b3-437f-8ce2-3068152b46c6,Woolworths Supermarket,Pantry,Woolworths Chicken Tikka Masala With Rice 350g,810709,$4.00,$1.14 / 100G,https://www.woolworths.com.au/shop/productdetails/810709/woolworths-chicken-tikka-masala-with-rice,https://cdn0.woolworths.media/content/wowproductimages/medium/810709.jpg,2020-09-21 17:27:05,,0,,True
353e8b17-7a7d-453e-a0e7-be397d73cb94,Woolworths Supermarket,Pantry,Woolworths Spicy Chicken & Vegetable Curry With Rice 350g,810790,$4.00,$1.14 / 100G,https://www.woolworths.com.au/shop/productdetails/810790/woolworths-spicy-chicken-vegetable-curry-with-rice,https://cdn0.woolworths.media/content/wowproductimages/medium/810790.jpg,2020-09-21 17:27:05,,0,,True
34e9c807-faff-4c65-9992-cdde671e1a98,Woolworths Supermarket,Pantry,Lindt Lindor Chocolate Balls Pistachio 123g,811009,$4.80,$3.90 / 100G,https://www.woolworths.com.au/shop/productdetails/811009/lindt-lindor-chocolate-balls-pistachio,https://cdn0.woolworths.media/content/wowproductimages/medium/811009.jpg,2020-09-21 17:27:05,,0,,True
e334dcd2-c088-49bb-9975-6f384669ae30,Woolworths Supermarket,Pantry,Woolworths Pickled Onions 500g,811239,$2.50,$0.50 / 100G,https://www.woolworths.com.au/shop/productdetails/811239/woolworths-pickled-onions,https://cdn0.woolworths.media/content/wowproductimages/medium/811239.jpg,2020-09-21 17:27:05,,0,,True
78a61975-a48f-414f-8670-7fe2beaf899f,Woolworths Supermarket,Pantry,Health Lab Kids Probiotic Chocolate Coconut Bites 5 pack,811777,$4.50,$4.50 / 100G,https://www.woolworths.com.au/shop/productdetails/811777/health-lab-kids-probiotic-chocolate-coconut-bites,https://cdn0.woolworths.media/content/wowproductimages/medium/811777.jpg,2020-09-21 17:27:05,,0,,True
205e34b3-ff35-48c4-a99a-64db5063dfbf,Woolworths Supermarket,Pantry,Loacker Quadratini Espresso 110g,812580,$1.25,$1.14 / 100G,https://www.woolworths.com.au/shop/productdetails/812580/loacker-quadratini-espresso,https://cdn0.woolworths.media/content/wowproductimages/medium/812580.jpg,2020-09-21 17:27:05,,0,,True
152d2dd8-23ed-49cc-a14c-32dc1672ac52,Woolworths Supermarket,Pantry,Loacker Gran Pasticceria Dark Hazelnut 100g,812582,$2.50,$2.50 / 100G,https://www.woolworths.com.au/shop/productdetails/812582/loacker-gran-pasticceria-dark-hazelnut,https://cdn0.woolworths.media/content/wowproductimages/medium/812582.jpg,2020-09-21 17:27:05,,0,,True
28fcb53a-da9b-4f5d-9ed1-51f8413d853e,Woolworths Supermarket,Pantry,J Crackleton Pork Crackle Maple Bacon 40g,812681,$1.80,$45.00 / 1KG,https://www.woolworths.com.au/shop/productdetails/812681/j-crackleton-pork-crackle-maple-bacon,https://cdn0.woolworths.media/content/wowproductimages/medium/812681.jpg,2020-09-21 17:27:05,,0,6 for $9.90 $41.25/1KG,True
b5e33a7c-84ef-48e1-92df-8b85f665691c,Woolworths Supermarket,Pantry,Arnott's Shapes Vegemite & Cheese 165g,812783,$2.50,$1.52 / 100G,https://www.woolworths.com.au/shop/productdetails/812783/arnott-s-shapes-vegemite-cheese,https://cdn0.woolworths.media/content/wowproductimages/medium/812783.jpg,2020-09-21 17:27:05,,0,,True
4bae29a8-a8f9-444e-870d-14b85f0a3ed1,Woolworths Supermarket,Pantry,Arnott's Shapes Vegemite & Cheese 200g,812784,$4.00,$2.00 / 100G,https://www.woolworths.com.au/shop/productdetails/812784/arnott-s-shapes-vegemite-cheese,https://cdn0.woolworths.media/content/wowproductimages/medium/812784.jpg,2020-09-21 17:27:05,,0,,True
d8d7fecf-3b3e-4a5d-a609-0fbd5063fafb,Woolworths Supermarket,Pantry,Masterfoods Barbecue Sauce 500ml,099696,$2.50,$0.50 / 100ML,https://www.woolworths.com.au/shop/productdetails/99696/masterfoods-barbecue-sauce,https://cdn0.woolworths.media/content/wowproductimages/medium/099696.jpg,2020-09-21 17:27:05,,0,,True
c1653edc-81a2-46b1-a13a-c4975f174709,Woolworths Supermarket,Pantry,Doritos Share Pack Cheese Supreme 170g,826731,$2.75,$1.62 / 100G,https://www.woolworths.com.au/shop/productdetails/826731/doritos-share-pack-cheese-supreme,https://cdn0.woolworths.media/content/wowproductimages/medium/826731.jpg,2020-09-21 17:27:05,,0,,True
871a846e-d17a-4034-91e4-c74a3ba7effa,Woolworths Supermarket,Pantry,Arnott's Shortbread 250g,008838,$2.50,$1.00 / 100G,https://www.woolworths.com.au/shop/productdetails/8838/arnott-s-shortbread,https://cdn0.woolworths.media/content/wowproductimages/medium/008838.jpg,2020-09-21 17:27:05,,0,,True
d8d9b100-84cd-4128-b41d-32c01aa64699,Woolworths Supermarket,Pantry,Twisties Cheese Chips 90g,081659,$2.00,$2.22 / 100G,https://www.woolworths.com.au/shop/productdetails/81659/twisties-cheese-chips,https://cdn0.woolworths.media/content/wowproductimages/medium/081659.jpg,2020-09-21 17:27:05,,0,,True
1c5574b2-3bdc-47c4-ae45-5ce28c9eb08a,Woolworths Supermarket,Pantry,Bertolli Extra Virgin Olive Oil Originale 750ml,502951,$6.50,$0.87 / 100ML,https://www.woolworths.com.au/shop/productdetails/502951/bertolli-extra-virgin-olive-oil-originale,https://cdn0.woolworths.media/content/wowproductimages/medium/502951.jpg,2020-09-21 17:27:05,,0,,True
423ced22-6a00-4fb4-9665-cd348a502227,Woolworths Supermarket,Pantry,Valcom Canned Bamboo Shoots Sliced 225g,097730,$1.10,$4.89 / 1KG,https://www.woolworths.com.au/shop/productdetails/97730/valcom-canned-bamboo-shoots-sliced,https://cdn0.woolworths.media/content/wowproductimages/medium/097730.jpg,2020-09-21 17:27:05,,0,,True
8150c122-2fdf-4478-8cf6-ee8ad0caa902,Woolworths Supermarket,Pantry,Kellogg's Nutri-grain Protein Breakfast Cereal 290g,701706,$4.95,$1.71 / 100G,https://www.woolworths.com.au/shop/productdetails/701706/kellogg-s-nutri-grain-protein-breakfast-cereal,https://cdn0.woolworths.media/content/wowproductimages/medium/701706.jpg,2020-09-21 17:27:05,,0,,True
32f8d00d-88ff-4204-8534-f75647e446b6,Woolworths Supermarket,Pantry,Arnott's Malt O' Milk 250g,036036,$2.50,$1.00 / 100G,https://www.woolworths.com.au/shop/productdetails/36036/arnott-s-malt-o-milk,https://cdn0.woolworths.media/content/wowproductimages/medium/036036.jpg,2020-09-21 17:27:05,,0,,True
b5f5d967-9543-48d5-9c34-ea6569d7d6e8,Woolworths Supermarket,Pantry,Smith's Share Pack Crinkle Cut Salt & Vinegar 170g,826738,$2.75,$1.62 / 100G,https://www.woolworths.com.au/shop/productdetails/826738/smith-s-share-pack-crinkle-cut-salt-vinegar,https://cdn0.woolworths.media/content/wowproductimages/medium/826738.jpg,2020-09-21 17:27:05,,0,,True
9b6590aa-995d-4b44-b622-e78b94c831b3,Woolworths Supermarket,Pantry,Arnott's Snack Right Sultana 250g,182697,$3.00,$1.20 / 100G,https://www.woolworths.com.au/shop/productdetails/182697/arnott-s-snack-right-sultana,https://cdn0.woolworths.media/content/wowproductimages/medium/182697.jpg,2020-09-21 17:27:05,,0,Was $4.20 11/02/2019,True
bbd7fcf0-7b2f-431b-9cef-5f7d874e58dc,Woolworths Supermarket,Pantry,Toblerone Milk Chocolate Bar 50g,047011,$1.00,$2.00 / 100G,https://www.woolworths.com.au/shop/productdetails/47011/toblerone-milk-chocolate-bar,https://cdn0.woolworths.media/content/wowproductimages/medium/047011.jpg,2020-09-21 17:27:05,,0,,True
62f12f21-562c-4906-908a-c5644c1ad540,Woolworths Supermarket,Pantry,Kooka's Country Cookies Lemon 200g,347837,$2.00,$1.00 / 100G,https://www.woolworths.com.au/shop/productdetails/347837/kooka-s-country-cookies-lemon,https://cdn0.woolworths.media/content/wowproductimages/medium/347837.jpg,2020-09-21 17:27:05,,0,,True
b2b66845-91be-4d4e-ac59-a9b31ae1a981,Woolworths Supermarket,Pantry,Uncle Tobys Roll-ups Strawberry Fun Prints 6 pack,324231,$4.00,$4.26 / 100G,https://www.woolworths.com.au/shop/productdetails/324231/uncle-tobys-roll-ups-strawberry-fun-prints,https://cdn0.woolworths.media/content/wowproductimages/medium/324231.jpg,2020-09-21 17:27:05,,0,,True
78a08f24-9f4e-4d59-88d4-1d157230f578,Woolworths Supermarket,Pantry,Woolworths Corn Sweet Kernels 420g,218926,$1.00,$2.38 / 1KG,https://www.woolworths.com.au/shop/productdetails/218926/woolworths-corn-sweet-kernels,https://cdn0.woolworths.media/content/wowproductimages/medium/218926.jpg,2020-09-21 17:27:05,Average product rating out of 5: 4.1. Product score is based on 215 ratings,215,,True
2551a585-79e8-42c9-b5b6-a222ccf9aa4b,Woolworths Supermarket,Pantry,Moccona Freeze Dried Instant Coffee Classic Medium Roast 400g,208575,$24.00,$6.00 / 100G,https://www.woolworths.com.au/shop/productdetails/208575/moccona-freeze-dried-instant-coffee-classic-medium-roast,https://cdn0.woolworths.media/content/wowproductimages/medium/208575.jpg,2020-09-21 17:27:05,,0,,True
3bf2ef75-30e0-4db5-9503-556774e24abf,Woolworths Supermarket,Pantry,Macro Organic Quinoa Tri Colour 500g,717631,$7.00,$1.40 / 100G,https://www.woolworths.com.au/shop/productdetails/717631/macro-organic-quinoa-tri-colour,https://cdn0.woolworths.media/content/wowproductimages/medium/717631.jpg,2020-09-21 17:27:05,Average product rating out of 5: 4.6. Product score is based on 274 ratings,274,Was $9.99 09/01/2017,True
d452ef3b-5873-4a90-b540-334d65c15ab2,Woolworths Supermarket,Pantry,Arnott's Shapes Cheddar 175g,384244,$2.50,$1.43 / 100G,https://www.woolworths.com.au/shop/productdetails/384244/arnott-s-shapes-cheddar,https://cdn0.woolworths.media/content/wowproductimages/medium/384244.jpg,2020-09-21 17:27:05,,0,,True
0133a87f-c074-4262-a26e-18c266308b1e,Woolworths Supermarket,Pantry,Uncle Ben's Microwave Mexican Style Brown Rice 250g,727257,$3.00,$1.20 / 100G,https://www.woolworths.com.au/shop/productdetails/727257/uncle-ben-s-microwave-mexican-style-brown-rice,https://cdn0.woolworths.media/content/wowproductimages/medium/727257.jpg,2020-09-21 17:27:05,,0,,True
6ff44eca-530e-449f-ba5b-e7055cbfdad7,Woolworths Supermarket,Pantry,Pringles Sour Cream And Onion Chips 134g,479502,$2.50,$1.87 / 100G,https://www.woolworths.com.au/shop/productdetails/479502/pringles-sour-cream-and-onion-chips,https://cdn0.woolworths.media/content/wowproductimages/medium/479502.jpg,2020-09-21 17:27:05,,0,,True
1f6658a7-eab9-401e-9a94-390c835e0f76,Woolworths Supermarket,Pantry,Dole Pineapple Pieces In Juice 822g,813466,$3.00,$3.65 / 1KG,https://www.woolworths.com.au/shop/productdetails/813466/dole-pineapple-pieces-in-juice,https://cdn0.woolworths.media/content/wowproductimages/medium/813466.jpg,2020-09-21 17:27:05,,0,,True
cdd5f397-7e65-4ec8-93b0-5d7b686171f2,Woolworths Supermarket,Pantry,Dole Pineapple Slices In Juice 822g,813467,$3.00,$3.65 / 1KG,https://www.woolworths.com.au/shop/productdetails/813467/dole-pineapple-slices-in-juice,https://cdn0.woolworths.media/content/wowproductimages/medium/813467.jpg,2020-09-21 17:27:05,,0,,True
f26abd72-1bac-4f9b-8a8b-4faf1ab28e78,Woolworths Supermarket,Pantry,Cadbury Baking Milk Chocolate Block 180g,813865,$3.00,$1.67 / 100G,https://www.woolworths.com.au/shop/productdetails/813865/cadbury-baking-milk-chocolate-block,https://cdn0.woolworths.media/content/wowproductimages/medium/813865.jpg,2020-09-21 17:27:05,,0,,True
9f5d4142-d385-4f6f-8533-45fd87f45426,Woolworths Supermarket,Pantry,Cadbury Baking Dark Chocolate Block 180g,813868,$3.00,$1.67 / 100G,https://www.woolworths.com.au/shop/productdetails/813868/cadbury-baking-dark-chocolate-block,https://cdn0.woolworths.media/content/wowproductimages/medium/813868.jpg,2020-09-21 17:27:05,,0,,True
82f86c3f-6794-44b5-9c06-1a8b657ec588,Woolworths Supermarket,Pantry,Cadbury Baking Dark Chocolate 70% Cacao 180g,813878,$3.00,$1.67 / 100G,https://www.woolworths.com.au/shop/productdetails/813878/cadbury-baking-dark-chocolate-70-cacao,https://cdn0.woolworths.media/content/wowproductimages/medium/813878.jpg,2020-09-21 17:27:05,,0,,True
cea1ce2d-e200-4f56-bd53-f2e1ef5374cd,Woolworths Supermarket,Pantry,Cadbury Baking White Chocolate 180g,813880,$3.00,$1.67 / 100G,https://www.woolworths.com.au/shop/productdetails/813880/cadbury-baking-white-chocolate,https://cdn0.woolworths.media/content/wowproductimages/medium/813880.jpg,2020-09-21 17:27:05,,0,,True
301620ad-c659-4361-8f0e-b7afa6645846,Woolworths Supermarket,Pantry,Cadbury Old Gold Dark Chocolate Old Jamaica Rum 'n' Raisin 180g,813895,$2.50,$1.39 / 100G,https://www.woolworths.com.au/shop/productdetails/813895/cadbury-old-gold-dark-chocolate-old-jamaica-rum-n-raisin,https://cdn0.woolworths.media/content/wowproductimages/medium/813895.jpg,2020-09-21 17:27:05,,0,,True
ed0bab08-d9a4-4b74-bf02-a718813cfaa8,Woolworths Supermarket,Pantry,Cadbury Old Gold Dark Chocolate 70% Cocoa 180g,813896,$2.50,$1.39 / 100G,https://www.woolworths.com.au/shop/productdetails/813896/cadbury-old-gold-dark-chocolate-70-cocoa,https://cdn0.woolworths.media/content/wowproductimages/medium/813896.jpg,2020-09-21 17:27:05,,0,,True
24efbbea-02b3-43b7-b2f0-9baf40a5e08f,Woolworths Supermarket,Pantry,Cadbury Old Gold Dark Chocolate Roast Almond 180g,813897,$2.50,$1.39 / 100G,https://www.woolworths.com.au/shop/productdetails/813897/cadbury-old-gold-dark-chocolate-roast-almond,https://cdn0.woolworths.media/content/wowproductimages/medium/813897.jpg,2020-09-21 17:27:05,,0,,True
7d844d2d-1629-40b2-924d-564e1b4ac299,Woolworths Supermarket,Pantry,Cadbury Old Gold Dark Chocolate Original 180g,813898,$2.50,$1.39 / 100G,https://www.woolworths.com.au/shop/productdetails/813898/cadbury-old-gold-dark-chocolate-original,https://cdn0.woolworths.media/content/wowproductimages/medium/813898.jpg,2020-09-21 17:27:05,,0,,True
45d8198a-7f93-4a9b-abb1-588f30165c6e,Woolworths Supermarket,Pantry,Belvita Mini Honey & Choc Chip 210g,814017,$2.50,$1.19 / 100G,https://www.woolworths.com.au/shop/productdetails/814017/belvita-mini-honey-choc-chip,https://cdn0.woolworths.media/content/wowproductimages/medium/814017.jpg,2020-09-21 17:27:05,,0,,True
c9b30f4e-f92c-4ede-90c2-04cc8f334c99,Woolworths Supermarket,Pantry,Belvita Mini Chocolate 210g,814018,$2.50,$1.19 / 100G,https://www.woolworths.com.au/shop/productdetails/814018/belvita-mini-chocolate,https://cdn0.woolworths.media/content/wowproductimages/medium/814018.jpg,2020-09-21 17:27:05,,0,,True
8f5d8df7-af3a-471a-a558-ecef31d3af31,Woolworths Supermarket,Pantry,Indomie Chitato Mi Goreng Chips 55g,814477,$1.85,$3.36 / 100G,https://www.woolworths.com.au/shop/productdetails/814477/indomie-chitato-mi-goreng-chips,https://cdn0.woolworths.media/content/wowproductimages/medium/814477.jpg,2020-09-21 17:27:05,,0,,True
fd94de7e-072a-4ab1-acc1-fd1c57a4e918,Woolworths Supermarket,Pantry,Cadbury Dairy Milk Peppermint 180g,814478,$5.00,$2.78 / 100G,https://www.woolworths.com.au/shop/productdetails/814478/cadbury-dairy-milk-peppermint,https://cdn0.woolworths.media/content/wowproductimages/medium/814478.jpg,2020-09-21 17:27:05,,0,,True
3afc2ce3-3cc4-4b93-86fd-0a1b194e1289,Woolworths Supermarket,Pantry,Cadbury Dairy Milk Chocolate 180g,814479,$5.00,$2.78 / 100G,https://www.woolworths.com.au/shop/productdetails/814479/cadbury-dairy-milk-chocolate,https://cdn0.woolworths.media/content/wowproductimages/medium/814479.jpg,2020-09-21 17:27:05,,0,,True
92d3a8ea-b62a-4483-9cff-d392aa22d9c6,Woolworths Supermarket,Pantry,Cadbury Dairy Milk Hazelnut 180g,814558,$5.00,$2.78 / 100G,https://www.woolworths.com.au/shop/productdetails/814558/cadbury-dairy-milk-hazelnut,https://cdn0.woolworths.media/content/wowproductimages/medium/814558.jpg,2020-09-21 17:27:05,,0,,True
180ca1e9-5ecd-4e1c-9a70-c1f9076749d5,Woolworths Supermarket,Pantry,Cadbury Dairy Milk Fruit & Nut 180g,814559,$5.00,$2.78 / 100G,https://www.woolworths.com.au/shop/productdetails/814559/cadbury-dairy-milk-fruit-nut,https://cdn0.woolworths.media/content/wowproductimages/medium/814559.jpg,2020-09-21 17:27:05,,0,,True
11b88c79-3903-4ee4-a775-be8a201f1557,Woolworths Supermarket,Pantry,Cadbury Dairy Milk Black Forest 180g,814620,$5.00,$2.78 / 100G,https://www.woolworths.com.au/shop/productdetails/814620/cadbury-dairy-milk-black-forest,https://cdn0.woolworths.media/content/wowproductimages/medium/814620.jpg,2020-09-21 17:27:05,,0,,True
8c14b6fe-8d76-4d45-8b98-749ca9e77e69,Woolworths Supermarket,Pantry,Cadbury Dairy Milk Roast Almond 180g,814621,$5.00,$2.78 / 100G,https://www.woolworths.com.au/shop/productdetails/814621/cadbury-dairy-milk-roast-almond,https://cdn0.woolworths.media/content/wowproductimages/medium/814621.jpg,2020-09-21 17:27:05,,0,,True
96da80bf-aedc-423c-b281-03008d91b06b,Woolworths Supermarket,Pantry,Cadbury Dairy Milk Caramello 180g,814622,$5.00,$2.78 / 100G,https://www.woolworths.com.au/shop/productdetails/814622/cadbury-dairy-milk-caramello,https://cdn0.woolworths.media/content/wowproductimages/medium/814622.jpg,2020-09-21 17:27:05,,0,,True
7d65a905-d999-4cfe-bf9d-99ef041a01ff,Woolworths Supermarket,Pantry,Cadbury Dairy Milk Top Deck 180g,814624,$5.00,$2.78 / 100G,https://www.woolworths.com.au/shop/productdetails/814624/cadbury-dairy-milk-top-deck,https://cdn0.woolworths.media/content/wowproductimages/medium/814624.jpg,2020-09-21 17:27:05,,0,,True
b195cca4-4a72-4f31-8f7d-97009b8c8e88,Woolworths Supermarket,Pantry,Cadbury Dairy Milk Snack 180g,814626,$5.00,$2.78 / 100G,https://www.woolworths.com.au/shop/productdetails/814626/cadbury-dairy-milk-snack,https://cdn0.woolworths.media/content/wowproductimages/medium/814626.jpg,2020-09-21 17:27:05,,0,,True
5736b96d-c86c-4036-b87b-1cd291c7e743,Woolworths Supermarket,Pantry,Cadbury Dairy Milk Crunchie 180g,814628,$5.00,$2.78 / 100G,https://www.woolworths.com.au/shop/productdetails/814628/cadbury-dairy-milk-crunchie,https://cdn0.woolworths.media/content/wowproductimages/medium/814628.jpg,2020-09-21 17:27:05,,0,,True
e0337694-3637-45a9-90c1-56875226361c,Woolworths Supermarket,Pantry,Cadbury Dream White Chocolate 180g,814632,$5.00,$2.78 / 100G,https://www.woolworths.com.au/shop/productdetails/814632/cadbury-dream-white-chocolate,https://cdn0.woolworths.media/content/wowproductimages/medium/814632.jpg,2020-09-21 17:27:05,,0,,True
7275f147-da7b-429a-81af-b4a017201cf4,Woolworths Supermarket,Pantry,Cadbury Dairy Milk With Oreo 162g,814641,$5.00,$3.09 / 100G,https://www.woolworths.com.au/shop/productdetails/814641/cadbury-dairy-milk-with-oreo,https://cdn0.woolworths.media/content/wowproductimages/medium/814641.jpg,2020-09-21 17:27:05,,0,,True
275e879e-3341-4e93-abcd-656e4ab801f3,Woolworths Supermarket,Pantry,Cadbury Dairy Milk Turkish Delight 180g,814833,$5.00,$2.78 / 100G,https://www.woolworths.com.au/shop/productdetails/814833/cadbury-dairy-milk-turkish-delight,https://cdn0.woolworths.media/content/wowproductimages/medium/814833.jpg,2020-09-21 17:27:05,,0,,True
c39419a0-fd1a-44fc-abda-8fa5494bc2d1,Woolworths Supermarket,Pantry,Cadbury Dairy Milk Marvellous Creations Jelly Popping Candy 190g,814894,$5.00,$2.63 / 100G,https://www.woolworths.com.au/shop/productdetails/814894/cadbury-dairy-milk-marvellous-creations-jelly-popping-candy,https://cdn0.woolworths.media/content/wowproductimages/medium/814894.jpg,2020-09-21 17:27:05,,0,,True
3806809d-976a-43ff-a619-10c7ffde7a49,Woolworths Supermarket,Pantry,Darrell Lea Twists Dark Chocolate Liquorice 200g,815731,$4.40,$2.20 / 100G,https://www.woolworths.com.au/shop/productdetails/815731/darrell-lea-twists-dark-chocolate-liquorice,https://cdn0.woolworths.media/content/wowproductimages/medium/815731.jpg,2020-09-21 17:27:05,,0,,True
ec5d61f2-bb8b-4579-9f41-fe4dc6c56519,Woolworths Supermarket,Pantry,Darrell Lea Liqourice Twist Milk Chocolate Raspberry 200g,815732,$4.40,$2.20 / 100G,https://www.woolworths.com.au/shop/productdetails/815732/darrell-lea-liqourice-twist-milk-chocolate-raspberry,https://cdn0.woolworths.media/content/wowproductimages/medium/815732.jpg,2020-09-21 17:27:05,,0,,True
bb65bc1d-81b2-4c13-ab74-b4e406e745b9,Woolworths Supermarket,Pantry,Darrell Lea Batch 37 Liquorice 260g,815733,$4.40,$1.69 / 100G,https://www.woolworths.com.au/shop/productdetails/815733/darrell-lea-batch-37-liquorice,https://cdn0.woolworths.media/content/wowproductimages/medium/815733.jpg,2020-09-21 17:27:05,,0,,True
f11b10be-3c97-4976-bdcc-942e6f92f501,Woolworths Supermarket,Pantry,Darrell Lea Liquorice Twists 280g,815735,$4.40,$1.57 / 100G,https://www.woolworths.com.au/shop/productdetails/815735/darrell-lea-liquorice-twists,https://cdn0.woolworths.media/content/wowproductimages/medium/815735.jpg,2020-09-21 17:27:05,,0,,True
9b0a4f84-e8fb-4e73-ae7b-d0877f6a33e4,Woolworths Supermarket,Pantry,Darrell Lea Twists Raspberry Liquorice 280g,815736,$4.40,$1.57 / 100G,https://www.woolworths.com.au/shop/productdetails/815736/darrell-lea-twists-raspberry-liquorice,https://cdn0.woolworths.media/content/wowproductimages/medium/815736.jpg,2020-09-21 17:27:05,,0,,True
64408f73-f04b-46a6-970a-6404c57e5b31,Woolworths Supermarket,Pantry,Darrell Lea Bb's Chocolate Mint 185g,815739,$4.40,$2.38 / 100G,https://www.woolworths.com.au/shop/productdetails/815739/darrell-lea-bb-s-chocolate-mint,https://cdn0.woolworths.media/content/wowproductimages/medium/815739.jpg,2020-09-21 17:27:05,,0,,True
977f346a-8fcf-4944-9892-a3154223e549,Woolworths Supermarket,Pantry,Darrell Lea Bb's Chocolate Orange 185g,815740,$4.40,$2.38 / 100G,https://www.woolworths.com.au/shop/productdetails/815740/darrell-lea-bb-s-chocolate-orange,https://cdn0.woolworths.media/content/wowproductimages/medium/815740.jpg,2020-09-21 17:27:05,,0,,True
6db0b852-3e13-4fed-85a4-a62ccee2835a,Woolworths Supermarket,Pantry,Darrell Lea Mini Bites Milk Chocolate Caramel Clouds 160g,815742,$4.40,$2.75 / 100G,https://www.woolworths.com.au/shop/productdetails/815742/darrell-lea-mini-bites-milk-chocolate-caramel-clouds,https://cdn0.woolworths.media/content/wowproductimages/medium/815742.jpg,2020-09-21 17:27:05,,0,,True
de2a7426-588e-46dc-84f1-1b5aea98a65d,Woolworths Supermarket,Pantry,Eclipse Spearmint Mints Sugar Free Large Tin 40g,815853,$3.00,$7.50 / 100G,https://www.woolworths.com.au/shop/productdetails/815853/eclipse-spearmint-mints-sugar-free-large-tin,https://cdn0.woolworths.media/content/wowproductimages/medium/815853.jpg,2020-09-21 17:27:05,,0,,True
5fffe338-2da7-4033-9933-342b19823ae1,Woolworths Supermarket,Pantry,Eclipse Peppermint Mints Sugar Free Large Tin 40g,815854,$3.00,$7.50 / 100G,https://www.woolworths.com.au/shop/productdetails/815854/eclipse-peppermint-mints-sugar-free-large-tin,https://cdn0.woolworths.media/content/wowproductimages/medium/815854.jpg,2020-09-21 17:27:05,,0,,True
d82e6cb6-3adc-43fe-ab85-cf91efa41d9c,Woolworths Supermarket,Pantry,Eclipse Strawberry Mints Sugar Free Large Tin 40g,815855,$3.00,$7.50 / 100G,https://www.woolworths.com.au/shop/productdetails/815855/eclipse-strawberry-mints-sugar-free-large-tin,https://cdn0.woolworths.media/content/wowproductimages/medium/815855.jpg,2020-09-21 17:27:05,,0,,True
63587afa-217b-4781-9031-5dc66f4179b6,Woolworths Supermarket,Pantry,Eclipse Intense Mints Sugar Free Large Tin 40g,815856,$3.00,$7.50 / 100G,https://www.woolworths.com.au/shop/productdetails/815856/eclipse-intense-mints-sugar-free-large-tin,https://cdn0.woolworths.media/content/wowproductimages/medium/815856.jpg,2020-09-21 17:27:05,,0,,True
69d25090-80c1-4fa3-97a3-f9bef0e2c16a,Woolworths Supermarket,Pantry,Macro Organic Orange Marmalade 250g,815870,$3.40,$1.36 / 100G,https://www.woolworths.com.au/shop/productdetails/815870/macro-organic-orange-marmalade,https://cdn0.woolworths.media/content/wowproductimages/medium/815870.jpg,2020-09-21 17:27:05,,0,,True
05a48f0c-8adc-46b6-9ad7-7500721d6234,Woolworths Supermarket,Pantry,Woolworths Pecans 150g,815872,$4.10,$27.33 / 1KG,https://www.woolworths.com.au/shop/productdetails/815872/woolworths-pecans,https://cdn0.woolworths.media/content/wowproductimages/medium/815872.jpg,2020-09-21 17:27:05,Average product rating out of 5: 2.0. Product score is based on 1 ratings,1,,True
e08ef564-c3f9-4c90-9f34-031365811fe2,Woolworths Supermarket,Pantry,Woolworths Dried Goji Berries 150g,815873,$4.70,$31.33 / 1KG,https://www.woolworths.com.au/shop/productdetails/815873/woolworths-dried-goji-berries,https://cdn0.woolworths.media/content/wowproductimages/medium/815873.jpg,2020-09-21 17:27:05,,0,,True
32cd5641-a71c-42b9-ac33-23ad4bd9b111,Woolworths Supermarket,Pantry,Woolworths Dried Mango Slices 130g,815875,$4.00,$30.77 / 1KG,https://www.woolworths.com.au/shop/productdetails/815875/woolworths-dried-mango-slices,https://cdn0.woolworths.media/content/wowproductimages/medium/815875.jpg,2020-09-21 17:27:05,,0,,True
283f5370-d825-4e2c-9c14-a29e81855e64,Woolworths Supermarket,Pantry,Woolworths Glace Cherries 150g,815876,$2.50,$16.67 / 1KG,https://www.woolworths.com.au/shop/productdetails/815876/woolworths-glace-cherries,https://cdn0.woolworths.media/content/wowproductimages/medium/815876.jpg,2020-09-21 17:27:05,,0,,True
ae444ab7-e3cd-41a1-acb5-79526f094e62,Woolworths Supermarket,Pantry,Woolworths Uncrystallised Ginger 150g,815878,$2.85,$19.00 / 1KG,https://www.woolworths.com.au/shop/productdetails/815878/woolworths-uncrystallised-ginger,https://cdn0.woolworths.media/content/wowproductimages/medium/815878.jpg,2020-09-21 17:27:05,,0,,True
bb9a3964-368f-4e88-b5e8-2ca4cbac9f17,Woolworths Supermarket,Pantry,Woolworths Herring Fillets Curry & Pineapple 200g,816078,$2.00,$10.00 / 1KG,https://www.woolworths.com.au/shop/productdetails/816078/woolworths-herring-fillets-curry-pineapple,https://cdn0.woolworths.media/content/wowproductimages/medium/816078.jpg,2020-09-21 17:27:05,,0,,True
44409056-5b05-4e4f-910c-d85f1089a1f6,Woolworths Supermarket,Pantry,Woolworths Yellowfin Tuna With Mild Gherkin 95g,816079,$1.30,$13.68 / 1KG,https://www.woolworths.com.au/shop/productdetails/816079/woolworths-yellowfin-tuna-with-mild-gherkin,https://cdn0.woolworths.media/content/wowproductimages/medium/816079.jpg,2020-09-21 17:27:05,Average product rating out of 5: 3.5. Product score is based on 281 ratings,281,,True
0fa8d0d4-8299-404e-9215-cbb696280f4b,Woolworths Supermarket,Pantry,Pringles Minis Sour Cream & Onion Chips Multi 134g,816095,$3.20,$3.37 / 100G,https://www.woolworths.com.au/shop/productdetails/816095/pringles-minis-sour-cream-onion-chips-multi,https://cdn0.woolworths.media/content/wowproductimages/medium/816095.jpg,2020-09-21 17:27:05,,0,2 for $5.00,True
580cfe20-2add-4b88-b3e0-d7b9d4a7306d,Woolworths Supermarket,Pantry,Pringles Minis Salted Chips Multipack 5 pack,816096,$3.20,$3.37 / 100G,https://www.woolworths.com.au/shop/productdetails/816096/pringles-minis-salted-chips-multipack,https://cdn0.woolworths.media/content/wowproductimages/medium/816096.jpg,2020-09-21 17:27:05,,0,2 for $5.00,True
b2774c08-63ab-49f0-a11b-9d3790602a2c,Woolworths Supermarket,Pantry,Woolworths Yellowfin Tuna With Lemongrass & Chilli 95g,816200,$1.30,$13.68 / 1KG,https://www.woolworths.com.au/shop/productdetails/816200/woolworths-yellowfin-tuna-with-lemongrass-chilli,https://cdn0.woolworths.media/content/wowproductimages/medium/816200.jpg,2020-09-21 17:27:05,Average product rating out of 5: 3.8. Product score is based on 213 ratings,213,,True
0b3111f0-5c38-45ea-964c-3188a9a8cbac,Woolworths Supermarket,Pantry,Maltesers Milk Chocolate Large Party Share Bag 18 Piece 216g,816998,$5.00,$2.31 / 100G,https://www.woolworths.com.au/shop/productdetails/816998/maltesers-milk-chocolate-large-party-share-bag-18-piece,https://cdn0.woolworths.media/content/wowproductimages/medium/816998.jpg,2020-09-21 17:27:05,,0,Was $6.00 14/11/16,True
026a34f6-7a8d-4aa7-abde-5feb34a4b994,Woolworths Supermarket,Pantry,Olivado Avocado Cooking Oil 250ml,817084,$9.00,$3.60 / 100ML,https://www.woolworths.com.au/shop/productdetails/817084/olivado-avocado-cooking-oil,https://cdn0.woolworths.media/content/wowproductimages/medium/817084.jpg,2020-09-21 17:27:05,,0,,True
de6a2571-a29b-4a38-b781-171ec30ee244,Woolworths Supermarket,Pantry,Woolworths Trail Mix 40g,817140,$1.00,$25.00 / 1KG,https://www.woolworths.com.au/shop/productdetails/817140/woolworths-trail-mix,https://cdn0.woolworths.media/content/wowproductimages/medium/817140.jpg,2020-09-21 17:27:05,,0,,True
c46f4937-d260-43c7-943c-b5cb1cfc3c0d,Woolworths Supermarket,Pantry,Woolworths Yogurt Trail Mix 40g,817142,$1.00,$2.50 / 100G,https://www.woolworths.com.au/shop/productdetails/817142/woolworths-yogurt-trail-mix,https://cdn0.woolworths.media/content/wowproductimages/medium/817142.jpg,2020-09-21 17:27:05,,0,,True
79dbd50d-8d43-4a92-a852-ab0e46d07011,Woolworths Supermarket,Pantry,Woolworths Sweetened Toasted Coconut Chip 40g,817144,$1.20,$30.00 / 1KG,https://www.woolworths.com.au/shop/productdetails/817144/woolworths-sweetened-toasted-coconut-chip,https://cdn0.woolworths.media/content/wowproductimages/medium/817144.jpg,2020-09-21 17:27:05,,0,,True
b9361955-78a3-4e74-b415-ba0ee3f7be9e,Woolworths Supermarket,Pantry,Woolworths Caramel Toasted Coconut Chips 40g,817145,$1.20,$30.00 / 1KG,https://www.woolworths.com.au/shop/productdetails/817145/woolworths-caramel-toasted-coconut-chips,https://cdn0.woolworths.media/content/wowproductimages/medium/817145.jpg,2020-09-21 17:27:05,,0,,True
9f44131f-c0c1-4d85-82f5-14c0787d08a7,Woolworths Supermarket,Pantry,Lindt Nocciolatte Chocolate Bar 40g,817171,$1.50,$3.75 / 100G,https://www.woolworths.com.au/shop/productdetails/817171/lindt-nocciolatte-chocolate-bar,https://cdn0.woolworths.media/content/wowproductimages/medium/817171.jpg,2020-09-21 17:27:05,,0,Was $2.00 31/07/2017,True
22cd302d-8e38-475d-9bff-dfe9393c7b5d,Woolworths Supermarket,Pantry,Cadbury Old Gold Dark Chocolate Peppermint 180g,817370,$2.50,$1.39 / 100G,https://www.woolworths.com.au/shop/productdetails/817370/cadbury-old-gold-dark-chocolate-peppermint,https://cdn0.woolworths.media/content/wowproductimages/medium/817370.jpg,2020-09-21 17:27:05,,0,,True
61b36757-79cd-427f-a932-c38e35b476f2,Woolworths Supermarket,Pantry,Cocolife Avocado Oil Spray 150ml,819033,$6.50,$4.33 / 100ML,https://www.woolworths.com.au/shop/productdetails/819033/cocolife-avocado-oil-spray,https://cdn0.woolworths.media/content/wowproductimages/medium/819033.jpg,2020-09-21 17:27:05,,0,,True
7a9ea69b-a9ad-42a9-971a-7025b0fa38e0,Woolworths Supermarket,Pantry,Pressed Purity Walnut Oil 250ml,819036,$6.50,$2.60 / 100ML,https://www.woolworths.com.au/shop/productdetails/819036/pressed-purity-walnut-oil,https://cdn0.woolworths.media/content/wowproductimages/medium/819036.jpg,2020-09-21 17:27:05,,0,,True
f4e10aed-be1c-413f-b7fa-2c9d76792a8f,Woolworths Supermarket,Pantry,Woolworths Beef Jerky Bbq 50g,819911,$3.30,$6.60 / 100G,https://www.woolworths.com.au/shop/productdetails/819911/woolworths-beef-jerky-bbq,https://cdn0.woolworths.media/content/wowproductimages/medium/819911.jpg,2020-09-21 17:27:05,Average product rating out of 5: 3.7. Product score is based on 678 ratings,678,,True
765fe570-3d0d-4c64-a49d-090c95fd0dda,Woolworths Supermarket,Pantry,Woolworths Mango Salsa 240g,819912,$1.50,$0.63 / 100G,https://www.woolworths.com.au/shop/productdetails/819912/woolworths-mango-salsa,https://cdn0.woolworths.media/content/wowproductimages/medium/819912.jpg,2020-09-21 17:27:05,,0,,True
91b5bb24-68cb-4a14-8b52-03e6e771011c,Woolworths Supermarket,Pantry,Darrell Lea Coconut Craze 160g,819923,$4.40,$2.75 / 100G,https://www.woolworths.com.au/shop/productdetails/819923/darrell-lea-coconut-craze,https://cdn0.woolworths.media/content/wowproductimages/medium/819923.jpg,2020-09-21 17:27:05,,0,,True
d48d676e-59ce-46f3-91ca-1e7192a49c76,Woolworths Supermarket,Pantry,Fantastic Noodles Cup Gluten Free Chicken 45g,819924,$1.00,$2.22 / 100G,https://www.woolworths.com.au/shop/productdetails/819924/fantastic-noodles-cup-gluten-free-chicken,https://cdn0.woolworths.media/content/wowproductimages/medium/819924.jpg,2020-09-21 17:27:05,,0,,True
1c1b64a8-cc9b-46aa-8213-c9eccf3a350c,Woolworths Supermarket,Pantry,Coco Earth Ghee Butter 250ml,819959,$4.00,$1.60 / 100ML,https://www.woolworths.com.au/shop/productdetails/819959/coco-earth-ghee-butter,https://cdn0.woolworths.media/content/wowproductimages/medium/819959.jpg,2020-09-21 17:27:05,,0,,True
b4246240-3fa0-435b-86b7-9dbf6acefd2f,Woolworths Supermarket,Pantry,Maggi Fusian 2 Minute Instant Noodles Hot & Spicy 12 pack,819969,$8.00,$0.91 / 100G,https://www.woolworths.com.au/shop/productdetails/819969/maggi-fusian-2-minute-instant-noodles-hot-spicy,https://cdn0.woolworths.media/content/wowproductimages/medium/819969.jpg,2020-09-21 17:27:05,,0,Was 9.00 25/07/2016,True
e7f53b5f-5dcb-44de-a233-7aad3033d9e5,Woolworths Supermarket,Pantry,Mckenzie's Oat Flour 250g,820039,$2.95,$11.80 / 1KG,https://www.woolworths.com.au/shop/productdetails/820039/mckenzie-s-oat-flour,https://cdn0.woolworths.media/content/wowproductimages/medium/820039.jpg,2020-09-21 17:27:05,,0,,True
90603aeb-f422-4394-be56-68c22d2e0c5b,Woolworths Supermarket,Pantry,Lighthouse Wholemeal Plain Flour For Bread Pizza & Tortilla 1kg,820127,$3.75,$3.75 / 1KG,https://www.woolworths.com.au/shop/productdetails/820127/lighthouse-wholemeal-plain-flour-for-bread-pizza-tortilla,https://cdn0.woolworths.media/content/wowproductimages/medium/820127.jpg,2020-09-21 17:27:05,,0,,True
ddf6fc45-0c2f-47aa-a118-c7c125cf356e,Woolworths Supermarket,Pantry,Mckenzie's Tapioca Flour 300g,820129,$2.95,$9.83 / 1KG,https://www.woolworths.com.au/shop/productdetails/820129/mckenzie-s-tapioca-flour,https://cdn0.woolworths.media/content/wowproductimages/medium/820129.jpg,2020-09-21 17:27:05,,0,,True
d84784ff-f228-44d6-9901-eb0b3a2c8e16,Woolworths Supermarket,Pantry,Mckenzie's Buckwheat Flour 300g,820201,$2.95,$9.83 / 1KG,https://www.woolworths.com.au/shop/productdetails/820201/mckenzie-s-buckwheat-flour,https://cdn0.woolworths.media/content/wowproductimages/medium/820201.jpg,2020-09-21 17:27:05,,0,,True
e1cdc869-a9f1-499d-9ddf-46a1861304e8,Woolworths Supermarket,Pantry,Mckenzie's Wholemeal Spelt Flour 300g,820203,$2.95,$9.83 / 1KG,https://www.woolworths.com.au/shop/productdetails/820203/mckenzie-s-wholemeal-spelt-flour,https://cdn0.woolworths.media/content/wowproductimages/medium/820203.jpg,2020-09-21 17:27:05,,0,,True
c490d6f0-4a0b-4d8c-bf0d-7b0131aa4d14,Woolworths Supermarket,Pantry,Woolworths Mexican Style Tuna Salad 185g,820407,$2.70,$14.59 / 1KG,https://www.woolworths.com.au/shop/productdetails/820407/woolworths-mexican-style-tuna-salad,https://cdn0.woolworths.media/content/wowproductimages/medium/820407.jpg,2020-09-21 17:27:05,,0,,True
17ef6794-95d1-4d9a-8bca-9e2652a45cc3,Woolworths Supermarket,Pantry,Woolworths Asian Style Tuna Quinoa Salad 185g,820408,$2.70,$14.59 / 1KG,https://www.woolworths.com.au/shop/productdetails/820408/woolworths-asian-style-tuna-quinoa-salad,https://cdn0.woolworths.media/content/wowproductimages/medium/820408.jpg,2020-09-21 17:27:05,Average product rating out of 5: 3.5. Product score is based on 323 ratings,323,,True
68944519-868f-4da5-9e18-d014459912d2,Woolworths Supermarket,Pantry,Cobs Popcorn Lightly Salted Slightly Sweet Gluten Free 65g,820458,$3.15,$4.85 / 100G,https://www.woolworths.com.au/shop/productdetails/820458/cobs-popcorn-lightly-salted-slightly-sweet-gluten-free,https://cdn0.woolworths.media/content/wowproductimages/medium/820458.jpg,2020-09-21 17:27:05,,0,2 for $5.00,True
16bd320b-0c68-4ac0-ba01-78054fd247da,Woolworths Supermarket,Pantry,Infuzions Potato Mix Thai Sweet Chilli 5 pack,821319,$3.20,$4.27 / 100G,https://www.woolworths.com.au/shop/productdetails/821319/infuzions-potato-mix-thai-sweet-chilli,https://cdn0.woolworths.media/content/wowproductimages/medium/821319.jpg,2020-09-21 17:27:05,,0,2 for $5.00,True
53308f65-ab54-4e84-88db-69d7d37220ca,Woolworths Supermarket,Pantry,Woolworths Soft & Juicy Figs 250g,821561,$3.20,$12.80 / 1KG,https://www.woolworths.com.au/shop/productdetails/821561/woolworths-soft-juicy-figs,https://cdn0.woolworths.media/content/wowproductimages/medium/821561.jpg,2020-09-21 17:27:05,,0,,True
137e9316-83bb-4ac0-8fa1-2b3b133e6941,Woolworths Supermarket,Pantry,Woolworths Soft & Juicy Pitted Dates 250g,821562,$3.20,$12.80 / 1KG,https://www.woolworths.com.au/shop/productdetails/821562/woolworths-soft-juicy-pitted-dates,https://cdn0.woolworths.media/content/wowproductimages/medium/821562.jpg,2020-09-21 17:27:05,,0,,True
a8e8b1cf-a1ff-45b8-aef2-4094eaed886b,Woolworths Supermarket,Pantry,Extra Soft Chew White Spearmint Chewing Gum Sugar Free Bottle 67g,822759,$3.50,$5.22 / 100G,https://www.woolworths.com.au/shop/productdetails/822759/extra-soft-chew-white-spearmint-chewing-gum-sugar-free-bottle,https://cdn0.woolworths.media/content/wowproductimages/medium/822759.jpg,2020-09-21 17:27:05,,0,,True
d357a2d9-9926-4747-9946-c20da3b1c941,Woolworths Supermarket,Pantry,Extra Soft Chew White Peppermint Chewing Gum Sugar Free Bottle 67g,822820,$3.50,$5.22 / 100G,https://www.woolworths.com.au/shop/productdetails/822820/extra-soft-chew-white-peppermint-chewing-gum-sugar-free-bottle,https://cdn0.woolworths.media/content/wowproductimages/medium/822820.jpg,2020-09-21 17:27:05,,0,,True
d716a865-1965-42ff-8f11-ffbe3c121c46,Woolworths Supermarket,Pantry,Calbee Harvest Snaps Black Bean Sour Cream & Chives 85g,823240,$3.00,$3.53 / 100G,https://www.woolworths.com.au/shop/productdetails/823240/calbee-harvest-snaps-black-bean-sour-cream-chives,https://cdn0.woolworths.media/content/wowproductimages/medium/823240.jpg,2020-09-21 17:27:05,,0,,True
003510cc-4173-4731-95d7-611a3000a0f3,Woolworths Supermarket,Pantry,Red Seal Peach & Pineapple Hot Or Cold Brew Tea 20 pack,823926,$3.00,$0.15 / 1EA,https://www.woolworths.com.au/shop/productdetails/823926/red-seal-peach-pineapple-hot-or-cold-brew-tea,https://cdn0.woolworths.media/content/wowproductimages/medium/823926.jpg,2020-09-21 17:27:05,,0,,True
1550a815-24c0-4128-aeaa-68e7057d29e4,Woolworths Supermarket,Pantry,Chia Pod Chia Pod Dark Cacao 170g,823983,$2.00,$1.18 / 100G,https://www.woolworths.com.au/shop/productdetails/823983/chia-pod-chia-pod-dark-cacao,https://cdn0.woolworths.media/content/wowproductimages/medium/823983.jpg,2020-09-21 17:27:05,,0,,True
e55489c3-a260-4be7-9633-3939d77eb3ac,Woolworths Supermarket,Pantry,Woolworths Family Assorted Biscuits 500g,824189,$3.50,$0.70 / 100G,https://www.woolworths.com.au/shop/productdetails/824189/woolworths-family-assorted-biscuits,https://cdn0.woolworths.media/content/wowproductimages/medium/824189.jpg,2020-09-21 17:27:05,,0,,True
4d6956e3-fea5-4baf-86f4-cafa5743640d,Woolworths Supermarket,Pantry,Woolworths Ginger Thins 250g,824190,$1.09,$0.44 / 100G,https://www.woolworths.com.au/shop/productdetails/824190/woolworths-ginger-thins,https://cdn0.woolworths.media/content/wowproductimages/medium/824190.jpg,2020-09-21 17:27:05,Average product rating out of 5: 4.0. Product score is based on 166 ratings,166,,True
d3a99aa4-2ccf-4d8c-b61a-fb99c24413d1,Woolworths Supermarket,Pantry,Woolworths Plain Water Crackers 125g,824365,$0.95,$0.76 / 100G,https://www.woolworths.com.au/shop/productdetails/824365/woolworths-plain-water-crackers,https://cdn0.woolworths.media/content/wowproductimages/medium/824365.jpg,2020-09-21 17:27:05,Average product rating out of 5: 4.6. Product score is based on 265 ratings,265,,True
7a8d1981-e266-40e3-a83f-1d310e21b687,Woolworths Supermarket,Pantry,Woolworths Scotch Fingers 250g,824408,$0.90,$0.36 / 100G,https://www.woolworths.com.au/shop/productdetails/824408/woolworths-scotch-fingers,https://cdn0.woolworths.media/content/wowproductimages/medium/824408.jpg,2020-09-21 17:27:05,Average product rating out of 5: 3.6. Product score is based on 1549 ratings,1549,,True
672592ee-a440-459c-a335-ca657c555ac9,Woolworths Supermarket,Pantry,Woolworths Arrowroot Milk Biscuits 250g,824442,$1.30,$0.52 / 100G,https://www.woolworths.com.au/shop/productdetails/824442/woolworths-arrowroot-milk-biscuits,https://cdn0.woolworths.media/content/wowproductimages/medium/824442.jpg,2020-09-21 17:27:05,,0,,True
a2328740-4dea-45ea-b725-7e4710d61fec,Woolworths Supermarket,Pantry,Huy Fong Sriracha 482g,824590,$5.90,$1.23 / 100G,https://www.woolworths.com.au/shop/productdetails/824590/huy-fong-sriracha,https://cdn0.woolworths.media/content/wowproductimages/medium/824590.jpg,2020-09-21 17:27:05,,0,,True
7f921edc-d27c-4a15-b0c8-f0d6eee729a0,Woolworths Supermarket,Pantry,Woolworths Cracked Pepper Water Crackers 125g,824678,$0.95,$0.76 / 100G,https://www.woolworths.com.au/shop/productdetails/824678/woolworths-cracked-pepper-water-crackers,https://cdn0.woolworths.media/content/wowproductimages/medium/824678.jpg,2020-09-21 17:27:05,Average product rating out of 5: 4.4. Product score is based on 379 ratings,379,,True
67b3b2ad-ee79-4498-b1e1-2aad568432f2,Woolworths Supermarket,Pantry,Darrell Lea Bullets 2 Flavour Raspberry 220g,824700,$4.40,$2.00 / 100G,https://www.woolworths.com.au/shop/productdetails/824700/darrell-lea-bullets-2-flavour-raspberry,https://cdn0.woolworths.media/content/wowproductimages/medium/824700.jpg,2020-09-21 17:27:05,,0,,True
91cd43b5-bf17-45ec-bffe-a06f0c4c61b3,Woolworths Supermarket,Pantry,Woolworths Choccy Wheats 200g,824731,$1.65,$0.83 / 100G,https://www.woolworths.com.au/shop/productdetails/824731/woolworths-choccy-wheats,https://cdn0.woolworths.media/content/wowproductimages/medium/824731.jpg,2020-09-21 17:27:05,Average product rating out of 5: 4.3. Product score is based on 210 ratings,210,,True
1961e62e-8f60-44a4-8808-5638a15ca6ce,Woolworths Supermarket,Pantry,Chupa Chups Mix Of Minis Bag 320g,825090,$5.00,$1.56 / 100G,https://www.woolworths.com.au/shop/productdetails/825090/chupa-chups-mix-of-minis-bag,https://cdn0.woolworths.media/content/wowproductimages/medium/825090.jpg,2020-09-21 17:27:05,,0,Was $6 10/06/2019,True
ec744d76-effb-4ebd-949a-c61150b06ecc,Woolworths Supermarket,Pantry,The Natural Confectionery Co. Fruit Gem Share Pack Reduced Sugar 300g,825105,$5.00,$1.67 / 100G,https://www.woolworths.com.au/shop/productdetails/825105/the-natural-confectionery-co-fruit-gem-share-pack-reduced-sugar,https://cdn0.woolworths.media/content/wowproductimages/medium/825105.jpg,2020-09-21 17:27:05,,0,Was $6.00 28/09/2017,True
39c4b6d0-b8c9-418f-bb91-80d582b987fd,Woolworths Supermarket,Pantry,Woolworths Crme Wafer Minis 6 pack,825167,$2.50,$1.43 / 100G,https://www.woolworths.com.au/shop/productdetails/825167/woolworths-cr-me-wafer-minis,https://cdn0.woolworths.media/content/wowproductimages/medium/825167.jpg,2020-09-21 17:27:05,Average product rating out of 5: 4.2. Product score is based on 587 ratings,587,,True
f4174317-03b0-420b-906f-1fd8c03d5579,Woolworths Supermarket,Pantry,Woolworths Hundreds & Thousands Biscuits 200g,825168,$2.00,$1.00 / 100G,https://www.woolworths.com.au/shop/productdetails/825168/woolworths-hundreds-thousands-biscuits,https://cdn0.woolworths.media/content/wowproductimages/medium/825168.jpg,2020-09-21 17:27:05,Average product rating out of 5: 4.4. Product score is based on 260 ratings,260,,True
b1e9162b-9f3a-4fb4-9c04-d341086f7c6d,Woolworths Supermarket,Pantry,Double D Marshmallows Sugar Free 70g bag,825179,$2.60,$3.71 / 100G,https://www.woolworths.com.au/shop/productdetails/825179/double-d-marshmallows-sugar-free,https://cdn0.woolworths.media/content/wowproductimages/medium/825179.jpg,2020-09-21 17:27:05,,0,,True
a80ae0b7-041a-4a3a-9601-23e80e3f015b,Woolworths Supermarket,Pantry,Masterfoods Simmer Sauce Butter Chicken 485g,825513,$3.70,$0.76 / 100G,https://www.woolworths.com.au/shop/productdetails/825513/masterfoods-simmer-sauce-butter-chicken,https://cdn0.woolworths.media/content/wowproductimages/medium/825513.jpg,2020-09-21 17:27:05,,0,2 for $6.00,True
459d4bfa-605f-49fb-96a1-3ccf764886c8,Woolworths Supermarket,Pantry,Masterfoods Curried Sausages Simmer Sauce 500g,825514,$3.70,$0.74 / 100G,https://www.woolworths.com.au/shop/productdetails/825514/masterfoods-curried-sausages-simmer-sauce,https://cdn0.woolworths.media/content/wowproductimages/medium/825514.jpg,2020-09-21 17:27:05,,0,2 for $6.00,True
4ad965d7-8a57-4672-ba88-2095f0b0a773,Woolworths Supermarket,Pantry,Woolworths Thai Green Chicken Curry With Jasmine Rice 350g,825615,$4.00,$1.14 / 100G,https://www.woolworths.com.au/shop/productdetails/825615/woolworths-thai-green-chicken-curry-with-jasmine-rice,https://cdn0.woolworths.media/content/wowproductimages/medium/825615.jpg,2020-09-21 17:27:05,,0,,True
0ba78015-2dd8-4552-b582-184849175773,Woolworths Supermarket,Pantry,Woolworths Chicken Satay With Jasmine Rice 350g,825616,$4.00,$1.14 / 100G,https://www.woolworths.com.au/shop/productdetails/825616/woolworths-chicken-satay-with-jasmine-rice,https://cdn0.woolworths.media/content/wowproductimages/medium/825616.jpg,2020-09-21 17:27:05,,0,,True
155855a1-2e53-46e1-bfb7-8a8b8c5916c4,Woolworths Supermarket,Pantry,Woolworths Chicken Massaman With Jasmine Rice 350g,825617,$4.00,$1.14 / 100G,https://www.woolworths.com.au/shop/productdetails/825617/woolworths-chicken-massaman-with-jasmine-rice,https://cdn0.woolworths.media/content/wowproductimages/medium/825617.jpg,2020-09-21 17:27:05,,0,,True
e74b85c6-81e8-4153-8279-3680af8cff70,Woolworths Supermarket,Pantry,Woolworths Chicken Pad Thai With Rice Noodles 350g,825620,$4.00,$1.14 / 100G,https://www.woolworths.com.au/shop/productdetails/825620/woolworths-chicken-pad-thai-with-rice-noodles,https://cdn0.woolworths.media/content/wowproductimages/medium/825620.jpg,2020-09-21 17:27:05,,0,,True
6b712bdb-7064-45a3-9101-c79d3704ebb7,Woolworths Supermarket,Pantry,Macro Popcorn Air Popped Light 20g,825889,$1.50,$7.50 / 100G,https://www.woolworths.com.au/shop/productdetails/825889/macro-popcorn-air-popped-light,https://cdn0.woolworths.media/content/wowproductimages/medium/825889.jpg,2020-09-21 17:27:05,Average product rating out of 5: 4.4. Product score is based on 5 ratings,5,,True
a6d87f95-3b41-48dd-9ba1-2c1910c94f01,Woolworths Supermarket,Pantry,Macro Organic Coconut Oil 900g,826040,$9.90,$1.10 / 100G,https://www.woolworths.com.au/shop/productdetails/826040/macro-organic-coconut-oil,https://cdn0.woolworths.media/content/wowproductimages/medium/826040.jpg,2020-09-21 17:27:05,Average product rating out of 5: 4.9. Product score is based on 30 ratings,30,Was $14.00 21/05/2018,True
5380cb31-cf8e-4fc3-b07f-59b0d40ae5a4,Woolworths Supermarket,Pantry,Woolworths Butter Chicken With Jasmine Rice 350g,826071,$4.00,$1.14 / 100G,https://www.woolworths.com.au/shop/productdetails/826071/woolworths-butter-chicken-with-jasmine-rice,https://cdn0.woolworths.media/content/wowproductimages/medium/826071.jpg,2020-09-21 17:27:05,,0,,True
e2eadf47-c7dc-4be3-ab75-255d5cfbfcb8,Woolworths Supermarket,Pantry,Nestle Kitkat Chunky Bar 50g,826112,$2.00,$4.00 / 100G,https://www.woolworths.com.au/shop/productdetails/826112/nestle-kitkat-chunky-bar,https://cdn0.woolworths.media/content/wowproductimages/medium/826112.jpg,2020-09-21 17:27:05,,0,,True
9daef71b-5dd3-4f57-b62f-c012a326db6c,Woolworths Supermarket,Pantry,The Natural Confectionery Co. Fruity Chews 420g bag,826114,$5.00,$1.19 / 100G,https://www.woolworths.com.au/shop/productdetails/826114/the-natural-confectionery-co-fruity-chews,https://cdn0.woolworths.media/content/wowproductimages/medium/826114.jpg,2020-09-21 17:27:05,,0,Was $6.00 28/09/2017,True
cc39ac91-e138-4abb-ae02-82468c41c057,Woolworths Supermarket,Pantry,The Natural Confectionery Co. Sour Patch Watermelon 220g bag,826153,$4.00,$1.82 / 100G,https://www.woolworths.com.au/shop/productdetails/826153/the-natural-confectionery-co-sour-patch-watermelon,https://cdn0.woolworths.media/content/wowproductimages/medium/826153.jpg,2020-09-21 17:27:05,,0,,True
535e7632-9879-4da6-982c-ba02e32433f0,Woolworths Supermarket,Pantry,Passage To India Simmer Sauce Extra Mild Butter Chicken 375g,826262,$4.70,$1.25 / 100G,https://www.woolworths.com.au/shop/productdetails/826262/passage-to-india-simmer-sauce-extra-mild-butter-chicken,https://cdn0.woolworths.media/content/wowproductimages/medium/826262.jpg,2020-09-21 17:27:05,,0,,True
7a4c79db-a5af-464a-a4c1-a324251b8cec,Woolworths Supermarket,Pantry,Local Legends Beef Jerky Original 55g,826696,$4.30,$7.82 / 100G,https://www.woolworths.com.au/shop/productdetails/826696/local-legends-beef-jerky-original,https://cdn0.woolworths.media/content/wowproductimages/medium/826696.jpg,2020-09-21 17:27:05,,0,,True
e1a85371-c244-486a-83e0-edb40afe3526,Woolworths Supermarket,Pantry,Doritos Share Pack Nacho Cheese 170g,826700,$2.75,$1.62 / 100G,https://www.woolworths.com.au/shop/productdetails/826700/doritos-share-pack-nacho-cheese,https://cdn0.woolworths.media/content/wowproductimages/medium/826700.jpg,2020-09-21 17:27:05,,0,,True
0721ae07-2500-43f5-b3a9-023d0223854a,Woolworths Supermarket,Pantry,Doritos Share Pack Mexicana 170g,826726,$2.75,$1.62 / 100G,https://www.woolworths.com.au/shop/productdetails/826726/doritos-share-pack-mexicana,https://cdn0.woolworths.media/content/wowproductimages/medium/826726.jpg,2020-09-21 17:27:05,,0,,True
cc90857c-ff6b-4cfa-883b-ee1528f17c3c,Woolworths Supermarket,Pantry,Smith's Share Pack Crinkle Cut Chicken 170g,826729,$2.75,$1.62 / 100G,https://www.woolworths.com.au/shop/productdetails/826729/smith-s-share-pack-crinkle-cut-chicken,https://cdn0.woolworths.media/content/wowproductimages/medium/826729.jpg,2020-09-21 17:27:05,,0,,True
c1b1598c-8f65-484b-beca-05fa8b2f6f19,Woolworths Supermarket,Pantry,Smith's Share Pack Crinkle Cut Original 170g,826730,$2.75,$1.62 / 100G,https://www.woolworths.com.au/shop/productdetails/826730/smith-s-share-pack-crinkle-cut-original,https://cdn0.woolworths.media/content/wowproductimages/medium/826730.jpg,2020-09-21 17:27:05,,0,,True
78093fed-9259-4d36-9db1-f8f7d31d7187,Woolworths Supermarket,Pantry,Doritos Share Pack Cheese Supreme 170g,826731,$2.75,$1.62 / 100G,https://www.woolworths.com.au/shop/productdetails/826731/doritos-share-pack-cheese-supreme,https://cdn0.woolworths.media/content/wowproductimages/medium/826731.jpg,2020-09-21 17:27:05,,0,,True
00846452-5bce-419a-960a-cc8e661720dc,Woolworths Supermarket,Pantry,Doritos Share Pack Original 170g,826732,$2.75,$1.62 / 100G,https://www.woolworths.com.au/shop/productdetails/826732/doritos-share-pack-original,https://cdn0.woolworths.media/content/wowproductimages/medium/826732.jpg,2020-09-21 17:27:05,,0,,True
46fece05-11f7-4d9a-ae74-04c567cea557,Woolworths Supermarket,Pantry,Smith's Share Pack Crinkle Cut Bbq 170g,826733,$2.75,$1.62 / 100G,https://www.woolworths.com.au/shop/productdetails/826733/smith-s-share-pack-crinkle-cut-bbq,https://cdn0.woolworths.media/content/wowproductimages/medium/826733.jpg,2020-09-21 17:27:05,,0,,True
e46167d7-8c94-4166-99e9-cfd6ad96ae94,Woolworths Supermarket,Pantry,Smith's Share Pack Crinkle Cut Cheese & Onion 170g,826735,$2.75,$1.62 / 100G,https://www.woolworths.com.au/shop/productdetails/826735/smith-s-share-pack-crinkle-cut-cheese-onion,https://cdn0.woolworths.media/content/wowproductimages/medium/826735.jpg,2020-09-21 17:27:05,,0,,True
13c4e38c-7b48-4515-b6e5-ec05ed056dbe,Woolworths Supermarket,Pantry,Smith's Share Pack Crinkle Cut Salt & Vinegar 170g,826738,$2.75,$1.62 / 100G,https://www.woolworths.com.au/shop/productdetails/826738/smith-s-share-pack-crinkle-cut-salt-vinegar,https://cdn0.woolworths.media/content/wowproductimages/medium/826738.jpg,2020-09-21 17:27:05,,0,,True
15a892cb-dc4c-45d3-9315-a0c2589fe276,Woolworths Supermarket,Pantry,Woolworths Lemon And Pepper Tuna 95g,827211,$0.90,$9.47 / 1KG,https://www.woolworths.com.au/shop/productdetails/827211/woolworths-lemon-and-pepper-tuna,https://cdn0.woolworths.media/content/wowproductimages/medium/827211.jpg,2020-09-21 17:27:05,Average product rating out of 5: 3.7. Product score is based on 372 ratings,372,,True
a5ad9589-2829-4117-bd93-37807d031865,Woolworths Supermarket,Pantry,Woolworths Tuna Mayonnaise & Corn 95g,827213,$0.90,$9.47 / 1KG,https://www.woolworths.com.au/shop/productdetails/827213/woolworths-tuna-mayonnaise-corn,https://cdn0.woolworths.media/content/wowproductimages/medium/827213.jpg,2020-09-21 17:27:05,Average product rating out of 5: 3.7. Product score is based on 390 ratings,390,,True
81defa94-a55a-4286-8b89-03e1bd9366a3,Woolworths Supermarket,Pantry,Woolworths Tuna Tomato And Onion 95g,827217,$0.90,$9.47 / 1KG,https://www.woolworths.com.au/shop/productdetails/827217/woolworths-tuna-tomato-and-onion,https://cdn0.woolworths.media/content/wowproductimages/medium/827217.jpg,2020-09-21 17:27:05,Average product rating out of 5: 3.4. Product score is based on 423 ratings,423,,True
56fb3c65-5709-445b-954c-937326e52872,Woolworths Supermarket,Pantry,Woolworths Tuna Sweet Chilli 95g,827218,$0.90,$9.47 / 1KG,https://www.woolworths.com.au/shop/productdetails/827218/woolworths-tuna-sweet-chilli,https://cdn0.woolworths.media/content/wowproductimages/medium/827218.jpg,2020-09-21 17:27:05,Average product rating out of 5: 3.4. Product score is based on 439 ratings,439,,True
3ac2671f-3c3a-44ab-9a11-3d7c54cdfddc,Woolworths Supermarket,Pantry,Green's Cookies & Cream Cupcakes Mix 380g,827339,$3.20,$0.84 / 100G,https://www.woolworths.com.au/shop/productdetails/827339/green-s-cookies-cream-cupcakes-mix,https://cdn0.woolworths.media/content/wowproductimages/medium/827339.jpg,2020-09-21 17:27:05,,0,,True
6c103956-cd4a-4eb8-a87b-391cfd350f7c,Woolworths Supermarket,Pantry,Mother Earth Oaty Slice Salted Caramel 240g,827358,$3.00,$1.25 / 100G,https://www.woolworths.com.au/shop/productdetails/827358/mother-earth-oaty-slice-salted-caramel,https://cdn0.woolworths.media/content/wowproductimages/medium/827358.jpg,2020-09-21 17:27:05,,0,Was $4.00 26/02/2018,True
23b8869b-7f7b-4f0d-8b2f-f2eebd58eb96,Woolworths Supermarket,Pantry,Lindt Excellence Dark Chocolate Raspberry Intense 100g block,827470,$2.70,$2.70 / 100G,https://www.woolworths.com.au/shop/productdetails/827470/lindt-excellence-dark-chocolate-raspberry-intense,https://cdn0.woolworths.media/content/wowproductimages/medium/827470.jpg,2020-09-21 17:27:05,,0,,True
2354b805-507f-4d44-a966-6294555a6a9d,Woolworths Supermarket,Pantry,Bega Almond Spread Crunchy 325g,827530,$5.70,$1.75 / 100G,https://www.woolworths.com.au/shop/productdetails/827530/bega-almond-spread-crunchy,https://cdn0.woolworths.media/content/wowproductimages/medium/827530.jpg,2020-09-21 17:27:05,,0,,True
276d2e77-2961-45fd-8569-6611b5be1add,Woolworths Supermarket,Pantry,Bega Cashew Spread Smooth 325g,827537,$5.70,$1.75 / 100G,https://www.woolworths.com.au/shop/productdetails/827537/bega-cashew-spread-smooth,https://cdn0.woolworths.media/content/wowproductimages/medium/827537.jpg,2020-09-21 17:27:05,,0,,True
67839e34-069a-47b6-a0a2-4cf476923488,Woolworths Supermarket,Pantry,Uncle Tobys O&g Granola Vanilla & Almond 450g,827559,$6.50,$1.44 / 100G,https://www.woolworths.com.au/shop/productdetails/827559/uncle-tobys-o-g-granola-vanilla-almond,https://cdn0.woolworths.media/content/wowproductimages/medium/827559.jpg,2020-09-21 17:27:05,,0,,True
62cc0a3b-8d72-474d-99fc-5fc54e982a7e,Woolworths Supermarket,Pantry,Uncle Tobys Cereal Oat Crisp Honey & Macadamia 475g,827576,$5.00,$1.05 / 100G,https://www.woolworths.com.au/shop/productdetails/827576/uncle-tobys-cereal-oat-crisp-honey-macadamia,https://cdn0.woolworths.media/content/wowproductimages/medium/827576.jpg,2020-09-21 17:27:05,,0,Was $5.49 20/06/2016,True
80e7bbc9-6992-4fde-97bc-8c59a31c9236,Woolworths Supermarket,Pantry,Uncle Tobys Cereal Plus Iron 410g,827577,$4.75,$1.16 / 100G,https://www.woolworths.com.au/shop/productdetails/827577/uncle-tobys-cereal-plus-iron,https://cdn0.woolworths.media/content/wowproductimages/medium/827577.jpg,2020-09-21 17:27:05,,0,,True
d880841b-bbf8-44f9-bf90-6762c774b553,Woolworths Supermarket,Pantry,Uncle Tobys Cereal Plus Iron 710g,827588,$3.75,$0.53 / 100G,https://www.woolworths.com.au/shop/productdetails/827588/uncle-tobys-cereal-plus-iron,https://cdn0.woolworths.media/content/wowproductimages/medium/827588.jpg,2020-09-21 17:27:05,,0,,True
4f7ebacd-397d-4bd7-aeb6-1c1bb54c4f1a,Woolworths Supermarket,Pantry,Milo Cereal 700g,827591,$3.75,$0.54 / 100G,https://www.woolworths.com.au/shop/productdetails/827591/milo-cereal,https://cdn0.woolworths.media/content/wowproductimages/medium/827591.jpg,2020-09-21 17:27:05,,0,,True
780fddd7-4976-4642-9a5b-125ca14594ad,Woolworths Supermarket,Pantry,Nestle Milo Duo Cereal 660g,827594,$3.75,$0.57 / 100G,https://www.woolworths.com.au/shop/productdetails/827594/nestle-milo-duo-cereal,https://cdn0.woolworths.media/content/wowproductimages/medium/827594.jpg,2020-09-21 17:27:05,,0,,True
20ee62f8-9daf-4b43-8f93-9cafea9698d6,Woolworths Supermarket,Pantry,Uncle Tobys Cereal Plus Antioxidant 765g,827596,$3.75,$0.49 / 100G,https://www.woolworths.com.au/shop/productdetails/827596/uncle-tobys-cereal-plus-antioxidant,https://cdn0.woolworths.media/content/wowproductimages/medium/827596.jpg,2020-09-21 17:27:05,,0,,True
c7b4807d-7109-4b6c-9bb3-db38480aaeea,Woolworths Supermarket,Pantry,Uncle Tobys Cereal Plus Omega 775g,827601,$3.75,$0.48 / 100G,https://www.woolworths.com.au/shop/productdetails/827601/uncle-tobys-cereal-plus-omega,https://cdn0.woolworths.media/content/wowproductimages/medium/827601.jpg,2020-09-21 17:27:05,,0,,True
1366df03-252b-43b8-8eb9-dd266b1a4e47,Woolworths Supermarket,Pantry,Uncle Tobys Cereal Plus Fibre 775g,827627,$3.75,$0.48 / 100G,https://www.woolworths.com.au/shop/productdetails/827627/uncle-tobys-cereal-plus-fibre,https://cdn0.woolworths.media/content/wowproductimages/medium/827627.jpg,2020-09-21 17:27:05,,0,,True
309ea58d-c477-429f-b5e5-fef47c637db2,Woolworths Supermarket,Pantry,Uncle Tobys Cereal Plus Calcium 690g,827635,$3.75,$0.54 / 100G,https://www.woolworths.com.au/shop/productdetails/827635/uncle-tobys-cereal-plus-calcium,https://cdn0.woolworths.media/content/wowproductimages/medium/827635.jpg,2020-09-21 17:27:05,,0,,True
dd315841-f7bd-4801-a2e6-843b5ee6c124,Woolworths Supermarket,Pantry,Uncle Tobys Cereal Plus Protein 705g,827636,$3.75,$0.53 / 100G,https://www.woolworths.com.au/shop/productdetails/827636/uncle-tobys-cereal-plus-protein,https://cdn0.woolworths.media/content/wowproductimages/medium/827636.jpg,2020-09-21 17:27:05,,0,,True
1a1485c6-5787-4a44-a8d2-17c21eb891b5,Woolworths Supermarket,Pantry,Uncle Tobys Cereal Plus Muesli Flakes 820g,827655,$3.75,$0.46 / 100G,https://www.woolworths.com.au/shop/productdetails/827655/uncle-tobys-cereal-plus-muesli-flakes,https://cdn0.woolworths.media/content/wowproductimages/medium/827655.jpg,2020-09-21 17:27:05,,0,,True
1b2595dd-549b-4a33-a879-dc799a02ffb3,Woolworths Supermarket,Pantry,Reese's Peanut Butter Chips 283g,827791,$5.00,$1.77 / 100G,https://www.woolworths.com.au/shop/productdetails/827791/reese-s-peanut-butter-chips,https://cdn0.woolworths.media/content/wowproductimages/medium/827791.jpg,2020-09-21 17:27:05,,0,,True
1182ffeb-d255-4c7f-97d6-5f34ef4b7b6c,Woolworths Supermarket,Pantry,Mckenzie's Saffron 100mg,827830,$13.00,"$1,300.00 / 10G",https://www.woolworths.com.au/shop/productdetails/827830/mckenzie-s-saffron,https://cdn0.woolworths.media/content/wowproductimages/medium/827830.jpg,2020-09-21 17:27:05,,0,,True
72d0b733-8f64-4ce3-860e-11db1eb151e2,Woolworths Supermarket,Pantry,Clive Of India Hot Madras Curry Powder 50g,827884,$2.55,$0.51 / 10G,https://www.woolworths.com.au/shop/productdetails/827884/clive-of-india-hot-madras-curry-powder,https://cdn0.woolworths.media/content/wowproductimages/medium/827884.jpg,2020-09-21 17:27:05,,0,,True
84b32eec-5a22-40f4-9e64-aca10d1075b5,Woolworths Supermarket,Pantry,Beerenberg Blood Orange Marmalade 300g,828149,$5.05,$1.68 / 100G,https://www.woolworths.com.au/shop/productdetails/828149/beerenberg-blood-orange-marmalade,https://cdn0.woolworths.media/content/wowproductimages/medium/828149.jpg,2020-09-21 17:27:05,,0,,True
b3e535dd-5bf0-43c1-953d-3767b03d2601,Woolworths Supermarket,Pantry,Continental Cup A Soup Pepper Steak & Mushroom With Croutons 52g,828451,$2.00,$3.85 / 100G,https://www.woolworths.com.au/shop/productdetails/828451/continental-cup-a-soup-pepper-steak-mushroom-with-croutons,https://cdn0.woolworths.media/content/wowproductimages/medium/828451.jpg,2020-09-21 17:27:05,,0,,True
82ca49cc-ca3a-4e09-9e27-599a389afe73,Woolworths Supermarket,Pantry,Continental Cup A Soup Tasty Tomato 54g,828452,$2.00,$3.70 / 100G,https://www.woolworths.com.au/shop/productdetails/828452/continental-cup-a-soup-tasty-tomato,https://cdn0.woolworths.media/content/wowproductimages/medium/828452.jpg,2020-09-21 17:27:05,,0,,True
748299c8-688e-4414-bb6b-c1f7c1c7c91b,Woolworths Supermarket,Pantry,Heinz Soup Of The Day Pouch Sweet Potato Chickpea 430g,828484,$3.00,$0.70 / 100G,https://www.woolworths.com.au/shop/productdetails/828484/heinz-soup-of-the-day-pouch-sweet-potato-chickpea,https://cdn0.woolworths.media/content/wowproductimages/medium/828484.jpg,2020-09-21 17:27:05,,0,Was $4.00 17/04/2017,True
585f07a0-d0f7-48d7-89fc-2f1db5fcd7f5,Woolworths Supermarket,Pantry,Heinz Soup Of The Day Pouch 7 Veg Garden Herb 430g,828492,$3.00,$0.70 / 100G,https://www.woolworths.com.au/shop/productdetails/828492/heinz-soup-of-the-day-pouch-7-veg-garden-herb,https://cdn0.woolworths.media/content/wowproductimages/medium/828492.jpg,2020-09-21 17:27:05,,0,Was $4.00 17/04/2017,True
3cb573d3-7f9b-4553-85c6-e832983344b5,Woolworths Supermarket,Pantry,Heinz Classic Canned Soup Soup Creamy Tomato 535g,828496,$2.50,$0.47 / 100G,https://www.woolworths.com.au/shop/productdetails/828496/heinz-classic-canned-soup-soup-creamy-tomato,https://cdn0.woolworths.media/content/wowproductimages/medium/828496.jpg,2020-09-21 17:27:05,,0,Was $3.59 17/04/2017,True
474ccc63-0840-45dd-be4f-05749cb1d056,Woolworths Supermarket,Pantry,Heinz Classic Canned Soup Creamy Chicken & Mushroom 520g,828503,$2.50,$0.48 / 100G,https://www.woolworths.com.au/shop/productdetails/828503/heinz-classic-canned-soup-creamy-chicken-mushroom,https://cdn0.woolworths.media/content/wowproductimages/medium/828503.jpg,2020-09-21 17:27:05,,0,Was $3.59 17/04/2017,True
e97560fd-468b-4591-9046-ff4ec7ed0b24,Woolworths Supermarket,Pantry,Mckenzie's Soup Mix Superblend Protein 350g,828553,$3.95,$1.13 / 100G,https://www.woolworths.com.au/shop/productdetails/828553/mckenzie-s-soup-mix-superblend-protein,https://cdn0.woolworths.media/content/wowproductimages/medium/828553.jpg,2020-09-21 17:27:05,,0,Was $5.49 19/03/2018,True
1ae9be9a-dd41-4e9a-83a1-cdcc0d212bee,Woolworths Supermarket,Pantry,Mckenzie's Soup Mix Superblend Fibre 350g,828560,$3.95,$1.13 / 100G,https://www.woolworths.com.au/shop/productdetails/828560/mckenzie-s-soup-mix-superblend-fibre,https://cdn0.woolworths.media/content/wowproductimages/medium/828560.jpg,2020-09-21 17:27:05,,0,Was $5.49 19/03/2018,True
f23c11b1-cb29-406d-9d8b-0a4d5c9cd76e,Woolworths Supermarket,Pantry,La Zuppa Microwave Soup Kale Quinoa & Vegetable 540g,828618,$4.40,$0.81 / 100G,https://www.woolworths.com.au/shop/productdetails/828618/la-zuppa-microwave-soup-kale-quinoa-vegetable,https://cdn0.woolworths.media/content/wowproductimages/medium/828618.jpg,2020-09-21 17:27:05,,0,,True
5a1959c0-d28f-4e1b-9335-84e7fef3667d,Woolworths Supermarket,Pantry,Creative Kitchen Mini Flowers Cake Decorations 48 pack,828736,$3.50,$0.07 / 1EA,https://www.woolworths.com.au/shop/productdetails/828736/creative-kitchen-mini-flowers-cake-decorations,https://cdn0.woolworths.media/content/wowproductimages/medium/828736.jpg,2020-09-21 17:27:05,,0,,True
4a1fd09a-1942-4f0f-be3f-b827ae3e6019,Woolworths Supermarket,Pantry,Beerenberg Relish Tomato & Cracked Pepper 265g,828794,$5.00,$1.89 / 100G,https://www.woolworths.com.au/shop/productdetails/828794/beerenberg-relish-tomato-cracked-pepper,https://cdn0.woolworths.media/content/wowproductimages/medium/828794.jpg,2020-09-21 17:27:05,,0,,True
456792d8-26d8-44be-beab-cd88e24e2825,Woolworths Supermarket,Pantry,Pascall Pineapple Lumps 185g bag,828969,$4.00,$2.16 / 100G,https://www.woolworths.com.au/shop/productdetails/828969/pascall-pineapple-lumps,https://cdn0.woolworths.media/content/wowproductimages/medium/828969.jpg,2020-09-21 17:27:05,,0,,True
55f930cc-d66a-4669-af09-8572ceee2865,Woolworths Supermarket,Pantry,Cadbury Caramels 160g,828973,$4.00,$2.50 / 100G,https://www.woolworths.com.au/shop/productdetails/828973/cadbury-caramels,https://cdn0.woolworths.media/content/wowproductimages/medium/828973.jpg,2020-09-21 17:27:05,,0,,True
e4ad897d-9a13-44e1-ac1b-c250a201efa3,Woolworths Supermarket,Pantry,The Natural Confectionery Co. Sour Patch Kids 220g bag,828979,$4.00,$1.82 / 100G,https://www.woolworths.com.au/shop/productdetails/828979/the-natural-confectionery-co-sour-patch-kids,https://cdn0.woolworths.media/content/wowproductimages/medium/828979.jpg,2020-09-21 17:27:05,,0,,True
06786e26-37e4-437e-96ff-984c644f8893,Woolworths Supermarket,Pantry,Cadbury Clinkers Bites 300g bag,828980,$5.00,$1.67 / 100G,https://www.woolworths.com.au/shop/productdetails/828980/cadbury-clinkers-bites,https://cdn0.woolworths.media/content/wowproductimages/medium/828980.jpg,2020-09-21 17:27:05,,0,Was $6.00 28/09/2017,True
9e92e4de-317b-4c32-aade-cab5fef36fcd,Woolworths Supermarket,Pantry,The Natural Confectionery Co. Berry Bliss 200g bag,828981,$4.00,$2.00 / 100G,https://www.woolworths.com.au/shop/productdetails/828981/the-natural-confectionery-co-berry-bliss,https://cdn0.woolworths.media/content/wowproductimages/medium/828981.jpg,2020-09-21 17:27:05,,0,,True
b450ef4e-c703-4d23-a54d-58549a843411,Woolworths Supermarket,Pantry,The Natural Confectionery Co. Fruity Chews 220g bag,828986,$4.00,$1.82 / 100G,https://www.woolworths.com.au/shop/productdetails/828986/the-natural-confectionery-co-fruity-chews,https://cdn0.woolworths.media/content/wowproductimages/medium/828986.jpg,2020-09-21 17:27:05,,0,,True
8999c655-7528-41f3-9c82-51189b0080e5,Woolworths Supermarket,Pantry,The Natural Confectionery Co. Soft Jellies Fruit Salad 240g bag,828988,$4.00,$1.67 / 100G,https://www.woolworths.com.au/shop/productdetails/828988/the-natural-confectionery-co-soft-jellies-fruit-salad,https://cdn0.woolworths.media/content/wowproductimages/medium/828988.jpg,2020-09-21 17:27:05,,0,,True
e50a9658-a331-419c-b1c2-216a848def56,Woolworths Supermarket,Pantry,Cadbury Baking Dark Chocolate Chips 200g,828994,$3.00,$1.50 / 100G,https://www.woolworths.com.au/shop/productdetails/828994/cadbury-baking-dark-chocolate-chips,https://cdn0.woolworths.media/content/wowproductimages/medium/828994.jpg,2020-09-21 17:27:05,,0,,True
89e38423-d9d9-4b7d-9e0f-c4ae6d6226b8,Woolworths Supermarket,Pantry,The Natural Confectionery Co. Snakes 260g bag,828995,$4.00,$1.54 / 100G,https://www.woolworths.com.au/shop/productdetails/828995/the-natural-confectionery-co-snakes,https://cdn0.woolworths.media/content/wowproductimages/medium/828995.jpg,2020-09-21 17:27:05,,0,,True
3bb31b53-2516-4b82-92ab-083d21e7b939,Woolworths Supermarket,Pantry,Pascall Marshmallows Vanilla Raspberry 280g bag,828996,$4.00,$1.43 / 100G,https://www.woolworths.com.au/shop/productdetails/828996/pascall-marshmallows-vanilla-raspberry,https://cdn0.woolworths.media/content/wowproductimages/medium/828996.jpg,2020-09-21 17:27:05,,0,,True
c58fb084-56c9-4255-ad85-f19802a3ba8d,Woolworths Supermarket,Pantry,Pascall Jubes 350g bag,828997,$4.00,$1.14 / 100G,https://www.woolworths.com.au/shop/productdetails/828997/pascall-jubes,https://cdn0.woolworths.media/content/wowproductimages/medium/828997.jpg,2020-09-21 17:27:05,,0,,True
653180ac-5938-424a-bc8c-788b5dedcd28,Woolworths Supermarket,Pantry,Pascall Marshmallows 520g,828998,$5.00,$0.96 / 100G,https://www.woolworths.com.au/shop/productdetails/828998/pascall-marshmallows,https://cdn0.woolworths.media/content/wowproductimages/medium/828998.jpg,2020-09-21 17:27:05,,0,Was $6.00 28/09/2017,True
0679c2bd-7638-4e5d-9401-a815ad3e50b7,Woolworths Supermarket,Pantry,The Natural Confectionery Co. Party Mix 240g bag,828999,$4.00,$1.67 / 100G,https://www.woolworths.com.au/shop/productdetails/828999/the-natural-confectionery-co-party-mix,https://cdn0.woolworths.media/content/wowproductimages/medium/828999.jpg,2020-09-21 17:27:05,,0,,True
ccbf0473-a34d-4e21-9df6-5a7cfb080a2c,Woolworths Supermarket,Pantry,Cadbury Baking Milk Chocolate Chips 200g,829004,$3.00,$1.50 / 100G,https://www.woolworths.com.au/shop/productdetails/829004/cadbury-baking-milk-chocolate-chips,https://cdn0.woolworths.media/content/wowproductimages/medium/829004.jpg,2020-09-21 17:27:05,,0,,True
18def77f-a439-4b74-a45d-ac93cbe89dec,Woolworths Supermarket,Pantry,Cadbury Baking Milk Chocolate Melts 225g,829005,$3.00,$1.33 / 100G,https://www.woolworths.com.au/shop/productdetails/829005/cadbury-baking-milk-chocolate-melts,https://cdn0.woolworths.media/content/wowproductimages/medium/829005.jpg,2020-09-21 17:27:05,,0,,True
b2427fd0-08c9-4681-9939-85688740d51b,Woolworths Supermarket,Pantry,Cadbury Baking White Chocolate Melts 225g,829006,$3.00,$1.33 / 100G,https://www.woolworths.com.au/shop/productdetails/829006/cadbury-baking-white-chocolate-melts,https://cdn0.woolworths.media/content/wowproductimages/medium/829006.jpg,2020-09-21 17:27:05,,0,,True
562a29d7-ea88-4696-9113-8d715269bd48,Woolworths Supermarket,Pantry,The Natural Confectionery Co. Sour Squirms 240g bag,829007,$4.00,$1.67 / 100G,https://www.woolworths.com.au/shop/productdetails/829007/the-natural-confectionery-co-sour-squirms,https://cdn0.woolworths.media/content/wowproductimages/medium/829007.jpg,2020-09-21 17:27:05,,0,,True
75706fb1-3810-47ad-b7dc-820121c0af83,Woolworths Supermarket,Pantry,Cadbury Baking Dark Chocolate Melts 225g,829009,$3.00,$1.33 / 100G,https://www.woolworths.com.au/shop/productdetails/829009/cadbury-baking-dark-chocolate-melts,https://cdn0.woolworths.media/content/wowproductimages/medium/829009.jpg,2020-09-21 17:27:05,,0,,True
6529b43c-aa88-4ad2-a877-e3b046b4d54d,Woolworths Supermarket,Pantry,The Natural Confectionery Co. Party Mix 520g bag,829014,$5.00,$0.96 / 100G,https://www.woolworths.com.au/shop/productdetails/829014/the-natural-confectionery-co-party-mix,https://cdn0.woolworths.media/content/wowproductimages/medium/829014.jpg,2020-09-21 17:27:05,,0,Was $6.00 28/09/2017,True
2c4581f2-6892-4654-9791-1c348b27bd15,Woolworths Supermarket,Pantry,The Natural Confectionery Co. Snakes 520g bag,829016,$5.00,$0.96 / 100G,https://www.woolworths.com.au/shop/productdetails/829016/the-natural-confectionery-co-snakes,https://cdn0.woolworths.media/content/wowproductimages/medium/829016.jpg,2020-09-21 17:27:05,,0,Was $6.00 28/09/2017,True
58005837-c594-4dbf-9d46-3fc38ab2f9c9,Woolworths Supermarket,Pantry,Gullon Biscuits Digestive Plain 400g,829024,$4.40,$1.10 / 100G,https://www.woolworths.com.au/shop/productdetails/829024/gullon-biscuits-digestive-plain,https://cdn0.woolworths.media/content/wowproductimages/medium/829024.jpg,2020-09-21 17:27:05,Average product rating out of 5: 4.7. Product score is based on 9 ratings,9,,True
79fe7803-7583-496c-a832-b35c0e1e3452,Woolworths Supermarket,Pantry,Macro Goji Berries 200g,829032,$6.90,$3.45 / 100G,https://www.woolworths.com.au/shop/productdetails/829032/macro-goji-berries,https://cdn0.woolworths.media/content/wowproductimages/medium/829032.jpg,2020-09-21 17:27:05,Average product rating out of 5: 4.0. Product score is based on 4 ratings,4,,True
c538b4fe-8449-490b-8efb-96fecdc17fab,Woolworths Supermarket,Pantry,Simply 7 Lentil Chips With Sea Salt 113g,829143,$5.25,$4.65 / 100G,https://www.woolworths.com.au/shop/productdetails/829143/simply-7-lentil-chips-with-sea-salt,https://cdn0.woolworths.media/content/wowproductimages/medium/829143.jpg,2020-09-21 17:27:05,Average product rating out of 5: 4.8. Product score is based on 32 ratings,32,,True
128038b2-937c-453c-95d7-1c321c074ef6,Woolworths Supermarket,Pantry,Cadbury Cherry Ripe Sharepack 12pk 180g,829144,$2.50,$1.39 / 100G,https://www.woolworths.com.au/shop/productdetails/829144/cadbury-cherry-ripe-sharepack,https://cdn0.woolworths.media/content/wowproductimages/medium/829144.jpg,2020-09-21 17:27:05,,0,,True
1ee1b643-bae9-49ec-884c-e1d2f7a31634,Woolworths Supermarket,Pantry,Cadbury Picnic Sharepack 12pk 180g,829163,$2.50,$1.39 / 100G,https://www.woolworths.com.au/shop/productdetails/829163/cadbury-picnic-sharepack,https://cdn0.woolworths.media/content/wowproductimages/medium/829163.jpg,2020-09-21 17:27:05,,0,,True
488a0e13-e61d-46d2-b294-1443184040c2,Woolworths Supermarket,Pantry,Cadbury Twirl Sharepack 12pk 168g,829166,$2.50,$1.49 / 100G,https://www.woolworths.com.au/shop/productdetails/829166/cadbury-twirl-sharepack,https://cdn0.woolworths.media/content/wowproductimages/medium/829166.jpg,2020-09-21 17:27:05,,0,,True
8d4d8fb5-a154-4625-8c4d-f2971ef9e0e7,Woolworths Supermarket,Pantry,Cadbury Dairy Milk Caramello Koala Sharepack 12 pack,829175,$2.50,$1.39 / 100G,https://www.woolworths.com.au/shop/productdetails/829175/cadbury-dairy-milk-caramello-koala-sharepack,https://cdn0.woolworths.media/content/wowproductimages/medium/829175.jpg,2020-09-21 17:27:05,,0,,True
a2a36c17-1d10-4489-ab0e-5474a5d51c28,Woolworths Supermarket,Pantry,Vamino Soy Milk 300ml,829194,$1.35,$0.45 / 100ML,https://www.woolworths.com.au/shop/productdetails/829194/vamino-soy-milk,https://cdn0.woolworths.media/content/wowproductimages/medium/829194.jpg,2020-09-21 17:27:05,,0,,True
b754c6b4-5ea2-4739-96c7-2d92d40bdcc3,Woolworths Supermarket,Pantry,Buontempo Pasta Spaghetti 500g,829238,,,https://www.woolworths.com.au/shop/productdetails/829238/buontempo-pasta-spaghetti,https://cdn0.woolworths.media/content/wowproductimages/medium/829238.jpg,2020-09-21 17:27:05,Average product rating out of 5: 4.4. Product score is based on 19 ratings,19,,False
204c3bb8-0562-48a2-a086-2cb9032a66ae,Woolworths Supermarket,Pantry,Orgran Crispbread Gluten Free Buckwheat 125g,829255,$2.25,$1.80 / 100G,https://www.woolworths.com.au/shop/productdetails/829255/orgran-crispbread-gluten-free-buckwheat,https://cdn0.woolworths.media/content/wowproductimages/medium/829255.jpg,2020-09-21 17:27:05,Average product rating out of 5: 4.6. Product score is based on 15 ratings,15,,True
bee897cf-3a62-43c5-86c3-3286cbbbbbfc,Woolworths Supermarket,Pantry,Twinings Extra Strong English Breakfast Tea Bags 80 pack,829281,$11.00,$0.14 / 1EA,https://www.woolworths.com.au/shop/productdetails/829281/twinings-extra-strong-english-breakfast-tea-bags,https://cdn0.woolworths.media/content/wowproductimages/medium/829281.jpg,2020-09-21 17:27:05,,0,,True
dd98291b-9a5d-4165-a5e1-1b68f7fb407a,Woolworths Supermarket,Pantry,Vittoria Espressotoria Espresso Coffee Capsules 12 pack,829318,$4.20,$0.35 / 1EA,https://www.woolworths.com.au/shop/productdetails/829318/vittoria-espressotoria-espresso-coffee-capsules,https://cdn0.woolworths.media/content/wowproductimages/medium/829318.jpg,2020-09-21 17:27:05,,0,,True
16aec587-cec8-455a-b3d6-17772c740a45,Woolworths Supermarket,Pantry,Vittoria Espressotoria Mountain Grown Coffee Capsules 12 pack,829319,$4.20,$0.35 / 1EA,https://www.woolworths.com.au/shop/productdetails/829319/vittoria-espressotoria-mountain-grown-coffee-capsules,https://cdn0.woolworths.media/content/wowproductimages/medium/829319.jpg,2020-09-21 17:27:05,,0,,True
92a13198-af40-48ba-af3d-a178020bb20c,Woolworths Supermarket,Pantry,Vittoria Espressotoria Oro Coffee Capsules 12 pack,829320,$4.20,$0.35 / 1EA,https://www.woolworths.com.au/shop/productdetails/829320/vittoria-espressotoria-oro-coffee-capsules,https://cdn0.woolworths.media/content/wowproductimages/medium/829320.jpg,2020-09-21 17:27:05,,0,,True
c825bc26-2a3d-4410-8fb4-24e6a4326d4f,Woolworths Supermarket,Pantry,Vittoria Espressotoria Italian Coffee Capsules 12 pack,829332,$4.00,$0.33 / 1EA,https://www.woolworths.com.au/shop/productdetails/829332/vittoria-espressotoria-italian-coffee-capsules,https://cdn0.woolworths.media/content/wowproductimages/medium/829332.jpg,2020-09-21 17:27:05,,0,,True
e0e8de88-a776-40c2-9a07-3ecd8e4dd5f9,Woolworths Supermarket,Pantry,Pureharvest Rice Cakes Quinoa 150g,829337,$1.99,$1.33 / 100G,https://www.woolworths.com.au/shop/productdetails/829337/pureharvest-rice-cakes-quinoa,https://cdn0.woolworths.media/content/wowproductimages/medium/829337.jpg,2020-09-21 17:27:05,Average product rating out of 5: 4.6. Product score is based on 19 ratings,19,,True
4aa77d52-430c-4e8a-9b60-d1d3b5ed7a14,Woolworths Supermarket,Pantry,Fehlbergs Jalapenos Pickled 470g,829338,$3.65,$7.77 / 1KG,https://www.woolworths.com.au/shop/productdetails/829338/fehlbergs-jalapenos-pickled,https://cdn0.woolworths.media/content/wowproductimages/medium/829338.jpg,2020-09-21 17:27:05,,0,,True
8517022e-afe1-4f17-ac0f-669d9719e11d,Woolworths Supermarket,Pantry,Grinders Coffee Capsules Espresso Caffitaly System 10 pack,829495,$6.00,$0.60 / 1EA,https://www.woolworths.com.au/shop/productdetails/829495/grinders-coffee-capsules-espresso-caffitaly-system,https://cdn0.woolworths.media/content/wowproductimages/medium/829495.jpg,2020-09-21 17:27:05,,0,,True
2a1c8f98-abf7-4dd8-a402-9cfa82a6b879,Woolworths Supermarket,Pantry,Grinders Coffee Capsules Crema Caffitaly System 10 pack,829542,$6.00,$0.60 / 1EA,https://www.woolworths.com.au/shop/productdetails/829542/grinders-coffee-capsules-crema-caffitaly-system,https://cdn0.woolworths.media/content/wowproductimages/medium/829542.jpg,2020-09-21 17:27:05,,0,,True
3908e62a-971c-481f-8285-b0acb75c4587,Woolworths Supermarket,Pantry,Twinings Extra Strong English Breakfast Tea Bags 10 pack,829549,$2.70,$0.27 / 1EA,https://www.woolworths.com.au/shop/productdetails/829549/twinings-extra-strong-english-breakfast-tea-bags,https://cdn0.woolworths.media/content/wowproductimages/medium/829549.jpg,2020-09-21 17:27:05,,0,,True
47dd65d1-02ab-49c3-bff2-7f402bb09116,Woolworths Supermarket,Pantry,Twinings Decaffeinated English Breakfast Tea 40 pack,829581,$7.00,$0.18 / 1EA,https://www.woolworths.com.au/shop/productdetails/829581/twinings-decaffeinated-english-breakfast-tea,https://cdn0.woolworths.media/content/wowproductimages/medium/829581.jpg,2020-09-21 17:27:05,,0,,True
75b378a9-4476-4dfa-a694-9b6c375aa07e,Woolworths Supermarket,Pantry,Freedom Foods Cereal Xo Crunch 285g,829947,$3.00,$1.05 / 100G,https://www.woolworths.com.au/shop/productdetails/829947/freedom-foods-cereal-xo-crunch,https://cdn0.woolworths.media/content/wowproductimages/medium/829947.jpg,2020-09-21 17:27:05,Average product rating out of 5: 4.8. Product score is based on 16 ratings,16,,True
107e0a43-3969-4cc1-85b1-9aa02de1b07a,Woolworths Supermarket,Pantry,Nice & Natural Roasted Peanut & Cashew Bar With Milk Chocolate Drizzle 6 pack,830008,$3.00,$1.56 / 100G,https://www.woolworths.com.au/shop/productdetails/830008/nice-natural-roasted-peanut-cashew-bar-with-milk-chocolate-drizzle,https://cdn0.woolworths.media/content/wowproductimages/medium/830008.jpg,2020-09-21 17:27:05,,0,,True
78fcce97-9b0f-4847-8ed2-7a1c88067f8f,Woolworths Supermarket,Pantry,Extra White Bubblemint Chewing Gum Sugar Free 4x10 Piece 56g,830015,$3.50,$6.25 / 100G,https://www.woolworths.com.au/shop/productdetails/830015/extra-white-bubblemint-chewing-gum-sugar-free-4x10-piece,https://cdn0.woolworths.media/content/wowproductimages/medium/830015.jpg,2020-09-21 17:27:05,,0,,True
8d1aa4f8-e000-440c-aa02-8cf1912c9fdf,Woolworths Supermarket,Pantry,Extra White Bubblemint Chewing Gum Sugar Free Bottle 64g,830021,$3.50,$5.47 / 100G,https://www.woolworths.com.au/shop/productdetails/830021/extra-white-bubblemint-chewing-gum-sugar-free-bottle,https://cdn0.woolworths.media/content/wowproductimages/medium/830021.jpg,2020-09-21 17:27:05,,0,,True
404acaee-f826-4e8b-9292-5993da88552c,Woolworths Supermarket,Pantry,Juicy Isle Caramel Topping 375ml,830066,$3.00,$0.80 / 100ML,https://www.woolworths.com.au/shop/productdetails/830066/juicy-isle-caramel-topping,https://cdn0.woolworths.media/content/wowproductimages/medium/830066.jpg,2020-09-21 17:27:05,,0,,True
b66056fa-6a64-4b7d-8762-59c2bc395938,Woolworths Supermarket,Pantry,Juicy Isle Chocolate Topping 375ml,830067,$3.00,$0.80 / 100ML,https://www.woolworths.com.au/shop/productdetails/830067/juicy-isle-chocolate-topping,https://cdn0.woolworths.media/content/wowproductimages/medium/830067.jpg,2020-09-21 17:27:05,,0,,True
7d609ec3-b74d-45d6-b091-dd8e09eaa1bc,Woolworths Supermarket,Pantry,Juicy Isle Strawberry Topping 375ml,830072,$3.00,$0.80 / 100ML,https://www.woolworths.com.au/shop/productdetails/830072/juicy-isle-strawberry-topping,https://cdn0.woolworths.media/content/wowproductimages/medium/830072.jpg,2020-09-21 17:27:05,,0,,True
2fc4a0ea-8d04-40f8-b1b7-0c5925e0b971,Woolworths Supermarket,Pantry,Freedom Foods Rice Puffs 250g,830076,$3.00,$1.20 / 100G,https://www.woolworths.com.au/shop/productdetails/830076/freedom-foods-rice-puffs,https://cdn0.woolworths.media/content/wowproductimages/medium/830076.jpg,2020-09-21 17:27:05,Average product rating out of 5: 4.9. Product score is based on 11 ratings,11,,True
65347d45-388b-4b09-95be-1fa44d2c1ff1,Woolworths Supermarket,Pantry,Freedom Foods Cornflakes 260g,830077,$3.00,$1.15 / 100G,https://www.woolworths.com.au/shop/productdetails/830077/freedom-foods-cornflakes,https://cdn0.woolworths.media/content/wowproductimages/medium/830077.jpg,2020-09-21 17:27:05,Average product rating out of 5: 4.3. Product score is based on 10 ratings,10,,True
837ec2c3-9939-41a7-90cd-d73272e72962,Woolworths Supermarket,Pantry,Slendier Pasta Spaghetti Style 400g,830129,$3.90,$0.98 / 100G,https://www.woolworths.com.au/shop/productdetails/830129/slendier-pasta-spaghetti-style,https://cdn0.woolworths.media/content/wowproductimages/medium/830129.jpg,2020-09-21 17:27:05,Average product rating out of 5: 4.3. Product score is based on 24 ratings,24,,True
5ac34b0c-017c-48e1-a8d2-b323237023ab,Woolworths Supermarket,Pantry,Slendier Noodles Style 400g,830130,$3.90,$0.98 / 100G,https://www.woolworths.com.au/shop/productdetails/830130/slendier-noodles-style,https://cdn0.woolworths.media/content/wowproductimages/medium/830130.jpg,2020-09-21 17:27:05,Average product rating out of 5: 4.5. Product score is based on 20 ratings,20,,True
33a84384-63ef-43c0-91f2-41de9cf19697,Woolworths Supermarket,Pantry,Slendier Slim Rice Style Style 400g,830133,$3.90,$0.98 / 100G,https://www.woolworths.com.au/shop/productdetails/830133/slendier-slim-rice-style-style,https://cdn0.woolworths.media/content/wowproductimages/medium/830133.jpg,2020-09-21 17:27:05,Average product rating out of 5: 4.5. Product score is based on 15 ratings,15,,True
8dc810cc-2740-4cec-afba-05ecc317fcd6,Woolworths Supermarket,Pantry,Slendier Pasta Fettuccine Style Organic 400g,830141,$3.90,$0.98 / 100G,https://www.woolworths.com.au/shop/productdetails/830141/slendier-pasta-fettuccine-style-organic,https://cdn0.woolworths.media/content/wowproductimages/medium/830141.jpg,2020-09-21 17:27:05,Average product rating out of 5: 4.5. Product score is based on 30 ratings,30,,True
64e96664-4980-44d6-92c9-12eb8f62e4b4,Woolworths Supermarket,Pantry,Cadbury Breakaway Milk Chocolate Biscuit 180g,830183,$3.50,$1.94 / 100G,https://www.woolworths.com.au/shop/productdetails/830183/cadbury-breakaway-milk-chocolate-biscuit,https://cdn0.woolworths.media/content/wowproductimages/medium/830183.jpg,2020-09-21 17:27:05,,0,,True
9eb9b8eb-c54f-493d-aa9d-e3bc583af16e,Woolworths Supermarket,Pantry,Chacheer Sunflower Seeds Spiced 228g,830259,$2.90,$1.27 / 100G,https://www.woolworths.com.au/shop/productdetails/830259/chacheer-sunflower-seeds-spiced,https://cdn0.woolworths.media/content/wowproductimages/medium/830259.jpg,2020-09-21 17:27:05,,0,,True
91ae308c-9660-40df-9e84-27df30e47ec2,Woolworths Supermarket,Pantry,Doree Fried Garlic 100g,830281,$3.00,$3.00 / 100G,https://www.woolworths.com.au/shop/productdetails/830281/doree-fried-garlic,https://cdn0.woolworths.media/content/wowproductimages/medium/830281.jpg,2020-09-21 17:27:05,,0,,True
ea95729e-5435-4a82-977b-ee20b90f2fc6,Woolworths Supermarket,Pantry,Mcvitie's Go Ahead Crispy Slices Sultana & Raspberry (5x3pk) 218g,830564,$3.95,$1.81 / 100G,https://www.woolworths.com.au/shop/productdetails/830564/mcvitie-s-go-ahead-crispy-slices-sultana-raspberry-5x3pk-,https://cdn0.woolworths.media/content/wowproductimages/medium/830564.jpg,2020-09-21 17:27:05,,0,,True
33187597-8495-45d9-bad7-5afbe80d2ce8,Woolworths Supermarket,Pantry,Mcvitie's Go Ahead Crispy Slices Sultana & Apple (5x3pk) 218g,830566,$3.95,$1.81 / 100G,https://www.woolworths.com.au/shop/productdetails/830566/mcvitie-s-go-ahead-crispy-slices-sultana-apple-5x3pk-,https://cdn0.woolworths.media/content/wowproductimages/medium/830566.jpg,2020-09-21 17:27:05,,0,,True
fe86f1a7-c3ea-4fe7-a5fc-acae39cc29e2,Woolworths Supermarket,Pantry,Mcvitie's Go Ahead Crispy Slices Sultana & Forest Fruit (5x3p) 218g,830601,$3.95,$1.81 / 100G,https://www.woolworths.com.au/shop/productdetails/830601/mcvitie-s-go-ahead-crispy-slices-sultana-forest-fruit-5x3p-,https://cdn0.woolworths.media/content/wowproductimages/medium/830601.jpg,2020-09-21 17:27:05,,0,,True
ad90b190-1c13-4840-a264-590e89a29593,Woolworths Supermarket,Pantry,Arnott's Vita Weat Crispbread 5 Super Seeds 250g,838701,$3.30,$1.32 / 100G,https://www.woolworths.com.au/shop/productdetails/838701/arnott-s-vita-weat-crispbread-5-super-seeds,https://cdn0.woolworths.media/content/wowproductimages/medium/838701.jpg,2020-09-21 17:27:05,,0,Was $3.90 20/01/2020,True
bef1d586-8dce-4df8-a54e-9fd9b30a8910,Woolworths Supermarket,Pantry,Sunrice Thick Rice Cakes 150g,838796,$2.00,$1.33 / 100G,https://www.woolworths.com.au/shop/productdetails/838796/sunrice-thick-rice-cakes,https://cdn0.woolworths.media/content/wowproductimages/medium/838796.jpg,2020-09-21 17:27:05,,0,,True
d3a65064-abe6-49fe-a138-715bb7e3d690,Woolworths Supermarket,Pantry,Always Fresh Crispy Thins Sea Salt 100g,839612,$3.90,$3.90 / 100G,https://www.woolworths.com.au/shop/productdetails/839612/always-fresh-crispy-thins-sea-salt,https://cdn0.woolworths.media/content/wowproductimages/medium/839612.jpg,2020-09-21 17:27:05,,0,,True
b09bd791-5782-4e98-9513-abc6deaf7bcc,Woolworths Supermarket,Pantry,Double D Fruit Drops Sugar Free 90g bag,839671,$2.60,$2.89 / 100G,https://www.woolworths.com.au/shop/productdetails/839671/double-d-fruit-drops-sugar-free,https://cdn0.woolworths.media/content/wowproductimages/medium/839671.jpg,2020-09-21 17:27:05,,0,,True
52b85bf7-f403-4184-9e05-4fe87d679913,Woolworths Supermarket,Pantry,Double D Butter Candy Sugar Free 90g bag,839672,$2.60,$2.89 / 100G,https://www.woolworths.com.au/shop/productdetails/839672/double-d-butter-candy-sugar-free,https://cdn0.woolworths.media/content/wowproductimages/medium/839672.jpg,2020-09-21 17:27:05,,0,,True
94d1e306-af4a-4c33-929d-ec573630442f,Woolworths Supermarket,Pantry,Double D Fruit Jellies Sugar Free 90g bag,839683,$2.60,$2.89 / 100G,https://www.woolworths.com.au/shop/productdetails/839683/double-d-fruit-jellies-sugar-free,https://cdn0.woolworths.media/content/wowproductimages/medium/839683.jpg,2020-09-21 17:27:05,,0,,True
65e9d9ad-ca0f-4c0b-b8aa-86e391cdf4fc,Woolworths Supermarket,Pantry,Essentials Traditional Pasta Sauce 700g,839703,$2.00,$0.29 / 100G,https://www.woolworths.com.au/shop/productdetails/839703/essentials-traditional-pasta-sauce,https://cdn0.woolworths.media/content/wowproductimages/medium/839703.jpg,2020-09-21 17:27:05,,0,,True
f8349666-5d08-4104-9613-54f02761d6d4,Woolworths Supermarket,Pantry,Mccormicks Slow Cooker Massaman Coconut Beef 40g,839884,$1.69,$4.23 / 100G,https://www.woolworths.com.au/shop/productdetails/839884/mccormicks-slow-cooker-massaman-coconut-beef,https://cdn0.woolworths.media/content/wowproductimages/medium/839884.jpg,2020-09-21 17:27:05,,0,2 for $3.00,True
cf6c2c53-05c8-4522-a200-5963ef40e44d,Woolworths Supermarket,Pantry,Continental Recipe Base Creamy Chicken Stroganoff 40g,840089,$1.60,$4.00 / 100G,https://www.woolworths.com.au/shop/productdetails/840089/continental-recipe-base-creamy-chicken-stroganoff,https://cdn0.woolworths.media/content/wowproductimages/medium/840089.jpg,2020-09-21 17:27:05,,0,2 for $3.00,True
19b4903e-7174-46be-a7d2-1bbeda48ff24,Woolworths Supermarket,Pantry,Mighty Spice Tikka Masala 80g,840218,$4.00,$5.00 / 100G,https://www.woolworths.com.au/shop/productdetails/840218/mighty-spice-tikka-masala,https://cdn0.woolworths.media/content/wowproductimages/medium/840218.jpg,2020-09-21 17:27:05,,0,,True
b41a9407-06b2-4bf5-a2d0-ccc5df777158,Woolworths Supermarket,Pantry,Mighty Spice Butter Chicken 80g,840221,$4.00,$5.00 / 100G,https://www.woolworths.com.au/shop/productdetails/840221/mighty-spice-butter-chicken,https://cdn0.woolworths.media/content/wowproductimages/medium/840221.jpg,2020-09-21 17:27:05,,0,,True
dadf6e7d-9fde-48af-aff2-03771e01acfb,Woolworths Supermarket,Pantry,Mighty Spice Chicken Curry 80g,840222,$4.00,$5.00 / 100G,https://www.woolworths.com.au/shop/productdetails/840222/mighty-spice-chicken-curry,https://cdn0.woolworths.media/content/wowproductimages/medium/840222.jpg,2020-09-21 17:27:05,,0,,True
1fbf34e4-d005-4363-b8bb-9d71b238aae7,Woolworths Supermarket,Pantry,Mighty Spice Rogan Josh 80g,840233,$4.00,$5.00 / 100G,https://www.woolworths.com.au/shop/productdetails/840233/mighty-spice-rogan-josh,https://cdn0.woolworths.media/content/wowproductimages/medium/840233.jpg,2020-09-21 17:27:05,,0,,True
8dd9bf61-1ebe-41b1-bfff-6c0aed25d8cf,Woolworths Supermarket,Pantry,Vegemite Gluten Free Spread 235g,840274,$4.90,$2.09 / 100G,https://www.woolworths.com.au/shop/productdetails/840274/vegemite-gluten-free-spread,https://cdn0.woolworths.media/content/wowproductimages/medium/840274.jpg,2020-09-21 17:27:05,,0,,True
7a3703b3-ad8e-46ac-bf55-7af74051355d,Woolworths Supermarket,Pantry,Allen's Minties Family Bag Lollies 370g,840453,$5.00,$1.35 / 100G,https://www.woolworths.com.au/shop/productdetails/840453/allen-s-minties-family-bag-lollies,https://cdn0.woolworths.media/content/wowproductimages/medium/840453.jpg,2020-09-21 17:27:05,,0,2 for $8.00,True
017b9265-dbd7-4e5a-94ea-963b962f1fa9,Woolworths Supermarket,Pantry,Allen's Chew Mix Family Bag Lollies 370g,840454,$5.00,$1.35 / 100G,https://www.woolworths.com.au/shop/productdetails/840454/allen-s-chew-mix-family-bag-lollies,https://cdn0.woolworths.media/content/wowproductimages/medium/840454.jpg,2020-09-21 17:27:05,,0,2 for $8.00,True
f0433f87-e14f-4be1-ba9e-1e470c2c22da,Woolworths Supermarket,Pantry,Allen's Snakes Alive Family Bag Lollies 450g,840455,$5.00,$1.11 / 100G,https://www.woolworths.com.au/shop/productdetails/840455/allen-s-snakes-alive-family-bag-lollies,https://cdn0.woolworths.media/content/wowproductimages/medium/840455.jpg,2020-09-21 17:27:05,,0,2 for $8.00,True
d04cd601-f996-48e2-abe6-97af2f14652d,Woolworths Supermarket,Pantry,Allen's Party Mix Family Bag Lollies 465g,840466,$5.00,$1.08 / 100G,https://www.woolworths.com.au/shop/productdetails/840466/allen-s-party-mix-family-bag-lollies,https://cdn0.woolworths.media/content/wowproductimages/medium/840466.jpg,2020-09-21 17:27:05,,0,2 for $8.00,True
ebce284d-2f97-4da0-b492-f1717794d5b6,Woolworths Supermarket,Pantry,Allen's Party Mix Classic Family Bag Lollies 465g,840467,$5.00,$1.08 / 100G,https://www.woolworths.com.au/shop/productdetails/840467/allen-s-party-mix-classic-family-bag-lollies,https://cdn0.woolworths.media/content/wowproductimages/medium/840467.jpg,2020-09-21 17:27:05,,0,2 for $8.00,True
88144c0a-f45a-40aa-9e71-c153943d4add,Woolworths Supermarket,Pantry,Cadbury Giant Caramello Koala 35g,840556,$0.80,$2.29 / 100G,https://www.woolworths.com.au/shop/productdetails/840556/cadbury-giant-caramello-koala,https://cdn0.woolworths.media/content/wowproductimages/medium/840556.jpg,2020-09-21 17:27:05,,0,,True
1a35433e-9600-4fd2-9c3a-8fba9ebe84ba,Woolworths Supermarket,Pantry,Masterfoods Carbonara Recipe Base 170g,840611,$2.20,$1.29 / 100G,https://www.woolworths.com.au/shop/productdetails/840611/masterfoods-carbonara-recipe-base,https://cdn0.woolworths.media/content/wowproductimages/medium/840611.jpg,2020-09-21 17:27:05,,0,3 for $6.00,True
d94b9505-d19e-417d-a586-ed567380be6f,Woolworths Supermarket,Pantry,Masterfoods Chicken Alfredo Recipe Base 170g,840616,$2.20,$1.29 / 100G,https://www.woolworths.com.au/shop/productdetails/840616/masterfoods-chicken-alfredo-recipe-base,https://cdn0.woolworths.media/content/wowproductimages/medium/840616.jpg,2020-09-21 17:27:05,,0,3 for $6.00,True
1a8804d2-1435-4fb1-bc4f-c72032131d51,Woolworths Supermarket,Pantry,Masterfoods Chilli Con Carne Recipe Base 170g,840618,$2.20,$1.38 / 100G,https://www.woolworths.com.au/shop/productdetails/840618/masterfoods-chilli-con-carne-recipe-base,https://cdn0.woolworths.media/content/wowproductimages/medium/840618.jpg,2020-09-21 17:27:05,,0,3 for $6.00,True
cf89be8a-eb9d-45a5-9037-a736066a641e,Woolworths Supermarket,Pantry,Dole Premium Tropical Pineapple Slices In Juice 227g,840785,$1.60,$7.05 / 1KG,https://www.woolworths.com.au/shop/productdetails/840785/dole-premium-tropical-pineapple-slices-in-juice,https://cdn0.woolworths.media/content/wowproductimages/medium/840785.jpg,2020-09-21 17:27:05,,0,,True
fd968419-ef57-4a6a-b0f7-86e6a45a33df,Woolworths Supermarket,Pantry,Continental Side Dish Teriyaki & Garlic Rice 115g,840865,$2.75,$2.39 / 100G,https://www.woolworths.com.au/shop/productdetails/840865/continental-side-dish-teriyaki-garlic-rice,https://cdn0.woolworths.media/content/wowproductimages/medium/840865.jpg,2020-09-21 17:27:05,,0,2 for $4.50,True
1a291a45-9a9d-4965-ab86-bfd7406f640d,Woolworths Supermarket,Pantry,Continental Rice Thai Coconut & Lemon Grass 115g,840885,$2.75,$2.39 / 100G,https://www.woolworths.com.au/shop/productdetails/840885/continental-rice-thai-coconut-lemon-grass,https://cdn0.woolworths.media/content/wowproductimages/medium/840885.jpg,2020-09-21 17:27:05,,0,2 for $4.50,True
67bac263-421a-4425-9987-b7b51fa7586f,Woolworths Supermarket,Pantry,Continental Side Dish Roast Chicken & Leek Risotto 115g,840886,$2.75,$2.39 / 100G,https://www.woolworths.com.au/shop/productdetails/840886/continental-side-dish-roast-chicken-leek-risotto,https://cdn0.woolworths.media/content/wowproductimages/medium/840886.jpg,2020-09-21 17:27:05,,0,2 for $4.50 $1.96/100G,True
17a35605-4024-4dc4-b404-c92b16774c7d,Woolworths Supermarket,Pantry,Continental Pasta Chicken Pesto & Spring Onion 102g,840892,$2.75,$2.99 / 100G,https://www.woolworths.com.au/shop/productdetails/840892/continental-pasta-chicken-pesto-spring-onion,https://cdn0.woolworths.media/content/wowproductimages/medium/840892.jpg,2020-09-21 17:27:05,,0,2 for $4.50,True
ea9af80e-f4f2-414f-8857-f275c6d4891b,Woolworths Supermarket,Pantry,Continental Side Dish Mushroom & Chive Risotto 115g,840897,$2.75,$2.39 / 100G,https://www.woolworths.com.au/shop/productdetails/840897/continental-side-dish-mushroom-chive-risotto,https://cdn0.woolworths.media/content/wowproductimages/medium/840897.jpg,2020-09-21 17:27:05,,0,2 for $4.50 $1.96/100G,True
6f408cf2-9b2f-48a1-8131-251bc8fec661,Woolworths Supermarket,Pantry,Continental Pasta Creamy Tomato Parmesan & Basil 98g,840898,$2.75,$2.81 / 100G,https://www.woolworths.com.au/shop/productdetails/840898/continental-pasta-creamy-tomato-parmesan-basil,https://cdn0.woolworths.media/content/wowproductimages/medium/840898.jpg,2020-09-21 17:27:05,,0,2 for $4.50,True
51edb9ea-1e0c-4eef-9c7e-2f5b0f96d87a,Woolworths Supermarket,Pantry,Continental Pasta Spinach Parmesan & Bacon 97g,840899,$2.75,$3.02 / 100G,https://www.woolworths.com.au/shop/productdetails/840899/continental-pasta-spinach-parmesan-bacon,https://cdn0.woolworths.media/content/wowproductimages/medium/840899.jpg,2020-09-21 17:27:05,,0,2 for $4.50,True
af20afd8-3235-4929-9a7d-0aa84a49c6af,Woolworths Supermarket,Pantry,Woolworths Yummy Rainbow Rings 300g,841055,$2.50,$0.83 / 100G,https://www.woolworths.com.au/shop/productdetails/841055/woolworths-yummy-rainbow-rings,https://cdn0.woolworths.media/content/wowproductimages/medium/841055.jpg,2020-09-21 17:27:05,Average product rating out of 5: 3.7. Product score is based on 336 ratings,336,,True
fc083f0f-16ce-44d7-b4c7-abe1db8dcc45,Woolworths Supermarket,Pantry,Woolworths Cocoa Puffs 400g,841107,$2.50,$0.63 / 100G,https://www.woolworths.com.au/shop/productdetails/841107/woolworths-cocoa-puffs,https://cdn0.woolworths.media/content/wowproductimages/medium/841107.jpg,2020-09-21 17:27:05,Average product rating out of 5: 4.0. Product score is based on 389 ratings,389,,True
43d70197-06ef-4f88-a227-e0c5eaccaa3f,Woolworths Supermarket,Pantry,Dole Premium Crushed Pineapple 432g,841337,$2.20,$5.09 / 1KG,https://www.woolworths.com.au/shop/productdetails/841337/dole-premium-crushed-pineapple,https://cdn0.woolworths.media/content/wowproductimages/medium/841337.jpg,2020-09-21 17:27:05,,0,,True
1758a770-ee95-49a2-9524-385b45036c9e,Woolworths Supermarket,Pantry,Dole Premium Pineapple Slices In Syrup 439g,841347,$2.20,$5.01 / 1KG,https://www.woolworths.com.au/shop/productdetails/841347/dole-premium-pineapple-slices-in-syrup,https://cdn0.woolworths.media/content/wowproductimages/medium/841347.jpg,2020-09-21 17:27:05,,0,,True
5ff2ac7c-a88b-4584-b9fd-05852628b207,Woolworths Supermarket,Pantry,Dole Premium Tropical Pineapple Chunks In Juice 227g,841348,$1.60,$7.05 / 1KG,https://www.woolworths.com.au/shop/productdetails/841348/dole-premium-tropical-pineapple-chunks-in-juice,https://cdn0.woolworths.media/content/wowproductimages/medium/841348.jpg,2020-09-21 17:27:05,,0,,True
0ac9241f-035a-4e88-ab61-d1be1d6bb593,Woolworths Supermarket,Pantry,Dole Premium Tropical Pineapple Chunks In Syrup 439g,841349,$2.20,$5.01 / 1KG,https://www.woolworths.com.au/shop/productdetails/841349/dole-premium-tropical-pineapple-chunks-in-syrup,https://cdn0.woolworths.media/content/wowproductimages/medium/841349.jpg,2020-09-21 17:27:05,,0,,True
a3c71cb8-aec5-4661-bfc8-201153d20046,Woolworths Supermarket,Pantry,Frisp Strawberry Crisps 15g,841551,$2.50,$166.67 / 1KG,https://www.woolworths.com.au/shop/productdetails/841551/frisp-strawberry-crisps,https://cdn0.woolworths.media/content/wowproductimages/medium/841551.jpg,2020-09-21 17:27:05,,0,,True
c89e7b31-a95c-4ba0-baf9-a0556f511896,Woolworths Supermarket,Pantry,Frisp Mango Crisps 15g,841552,$1.75,$116.67 / 1KG,https://www.woolworths.com.au/shop/productdetails/841552/frisp-mango-crisps,https://cdn0.woolworths.media/content/wowproductimages/medium/841552.jpg,2020-09-21 17:27:05,,0,,True
a3d4d045-e45b-4c34-a544-a07e605ccf5a,Woolworths Supermarket,Pantry,Equal Spoonful Sweetener Powder 113g,841568,$6.00,$5.31 / 100G,https://www.woolworths.com.au/shop/productdetails/841568/equal-spoonful-sweetener-powder,https://cdn0.woolworths.media/content/wowproductimages/medium/841568.jpg,2020-09-21 17:27:05,,0,,True
e628e249-32d2-4a50-b6ba-fc4db5e69d5c,Woolworths Supermarket,Pantry,Ichiban Noodle Bowl Roast Beef 150g,841640,$4.40,$2.93 / 100G,https://www.woolworths.com.au/shop/productdetails/841640/ichiban-noodle-bowl-roast-beef,https://cdn0.woolworths.media/content/wowproductimages/medium/841640.jpg,2020-09-21 17:27:05,,0,,True
deaa2df5-aa93-47e5-9b35-daf01d11c8bc,Woolworths Supermarket,Pantry,Mamee Chef Tom Yam Cup 72g,841672,$2.30,$3.19 / 100G,https://www.woolworths.com.au/shop/productdetails/841672/mamee-chef-tom-yam-cup,https://cdn0.woolworths.media/content/wowproductimages/medium/841672.jpg,2020-09-21 17:27:05,,0,,True
75e50f77-1495-4d48-9b90-3a433cfc8a12,Woolworths Supermarket,Pantry,Mamee Chef Curry Laksa Cup 72g,841673,$2.30,$3.19 / 100G,https://www.woolworths.com.au/shop/productdetails/841673/mamee-chef-curry-laksa-cup,https://cdn0.woolworths.media/content/wowproductimages/medium/841673.jpg,2020-09-21 17:27:05,,0,,True
b8bdce0d-4f67-4093-8ada-74886e1db3eb,Woolworths Supermarket,Pantry,Continental Recipe Base Beef Stroganoff 31g,841801,$2.40,$7.74 / 100G,https://www.woolworths.com.au/shop/productdetails/841801/continental-recipe-base-beef-stroganoff,https://cdn0.woolworths.media/content/wowproductimages/medium/841801.jpg,2020-09-21 17:27:05,,0,2 for $4.00,True
e69650f4-0680-4d84-85b9-6ba0a051c93f,Woolworths Supermarket,Pantry,Ocean Spray Craisins Value Bag 283g,841896,$6.00,$21.20 / 1KG,https://www.woolworths.com.au/shop/productdetails/841896/ocean-spray-craisins-value-bag,https://cdn0.woolworths.media/content/wowproductimages/medium/841896.jpg,2020-09-21 17:27:05,,0,,True
66d66556-de64-4b65-9714-988f976c59a3,Woolworths Supermarket,Pantry,Dolmio Traditional Recipe Classic Tomato & Oregano Pasta Sauce 500g,842124,$2.00,$0.40 / 100G,https://www.woolworths.com.au/shop/productdetails/842124/dolmio-traditional-recipe-classic-tomato-oregano-pasta-sauce,https://cdn0.woolworths.media/content/wowproductimages/medium/842124.jpg,2020-09-21 17:27:05,,0,,True
dfff4e4a-ef2f-418b-b799-7fe3b0d28fb7,Woolworths Supermarket,Pantry,La Costena Refried Pinto Beans 400g,842157,$2.90,$0.73 / 100G,https://www.woolworths.com.au/shop/productdetails/842157/la-costena-refried-pinto-beans,https://cdn0.woolworths.media/content/wowproductimages/medium/842157.jpg,2020-09-21 17:27:05,,0,,True
79179ad0-da00-45cd-9c2f-cd84aee14ad9,Woolworths Supermarket,Pantry,La Costena Mexican Style Whole Black Beans 400g,842159,$2.90,$0.73 / 100G,https://www.woolworths.com.au/shop/productdetails/842159/la-costena-mexican-style-whole-black-beans,https://cdn0.woolworths.media/content/wowproductimages/medium/842159.jpg,2020-09-21 17:27:05,,0,,True
1492397d-1529-4a27-af7f-384e04d2b775,Woolworths Supermarket,Pantry,Cadbury Cherry Ripe Double Dipped 47g bar,843820,$1.00,$2.13 / 100G,https://www.woolworths.com.au/shop/productdetails/843820/cadbury-cherry-ripe-double-dipped,https://cdn0.woolworths.media/content/wowproductimages/medium/843820.jpg,2020-09-21 17:27:05,,0,,True
f9e0a857-12f0-4084-8c3e-e1432a525845,Woolworths Supermarket,Pantry,Woolworths Honey Nut Cornflakes 400g,844313,$2.55,$0.64 / 100G,https://www.woolworths.com.au/shop/productdetails/844313/woolworths-honey-nut-cornflakes,https://cdn0.woolworths.media/content/wowproductimages/medium/844313.jpg,2020-09-21 17:27:05,Average product rating out of 5: 4.6. Product score is based on 5 ratings,5,,True
0cd26ab6-b507-461d-b05d-03a5f6a97f4b,Woolworths Supermarket,Pantry,Heinz Top Down Tomato Ketchup 220ml,844371,$1.50,$0.68 / 100ML,https://www.woolworths.com.au/shop/productdetails/844371/heinz-top-down-tomato-ketchup,https://cdn0.woolworths.media/content/wowproductimages/medium/844371.jpg,2020-09-21 17:27:05,,0,,True
6deda29e-af87-4634-8ac4-0ee9846f7e15,Woolworths Supermarket,Pantry,Nando's Mild Peri Peri Sauce 250g,844408,$5.75,$2.30 / 100G,https://www.woolworths.com.au/shop/productdetails/844408/nando-s-mild-peri-peri-sauce,https://cdn0.woolworths.media/content/wowproductimages/medium/844408.jpg,2020-09-21 17:27:05,,0,,True
ba578e47-2dac-4387-97ac-85fd3cf0e041,Woolworths Supermarket,Pantry,Hart & Soul Laksa Noodle Soup Pouch 100g,845101,$1.60,$1.60 / 100G,https://www.woolworths.com.au/shop/productdetails/845101/hart-soul-laksa-noodle-soup-pouch,https://cdn0.woolworths.media/content/wowproductimages/medium/845101.jpg,2020-09-21 17:27:05,,0,,True
b79a2cb4-a8aa-411f-ba15-2a75d701894c,Woolworths Supermarket,Pantry,Hart & Soul Chicken Noodle Soup Pouch 100g,845116,$1.60,$1.60 / 100G,https://www.woolworths.com.au/shop/productdetails/845116/hart-soul-chicken-noodle-soup-pouch,https://cdn0.woolworths.media/content/wowproductimages/medium/845116.jpg,2020-09-21 17:27:05,,0,,True
c6fa6035-8162-43a4-9d5f-95dadc1fac7a,Woolworths Supermarket,Pantry,Hart & Soul Spiced Lentil Soup Pouch 400g,845179,$4.00,$1.00 / 100G,https://www.woolworths.com.au/shop/productdetails/845179/hart-soul-spiced-lentil-soup-pouch,https://cdn0.woolworths.media/content/wowproductimages/medium/845179.jpg,2020-09-21 17:27:05,,0,,True
3da81f52-c334-4cac-a597-ce3124abca26,Woolworths Supermarket,Pantry,Hart & Soul Coconut Thai Soup Pouch 400g,845312,$4.00,$1.00 / 100G,https://www.woolworths.com.au/shop/productdetails/845312/hart-soul-coconut-thai-soup-pouch,https://cdn0.woolworths.media/content/wowproductimages/medium/845312.jpg,2020-09-21 17:27:05,,0,,True
1964bb38-c789-4bcb-b62d-3b5feb3459b9,Woolworths Supermarket,Pantry,Hart & Soul Spicy Noodle Soup Pouch 400g,845482,$4.00,$1.00 / 100G,https://www.woolworths.com.au/shop/productdetails/845482/hart-soul-spicy-noodle-soup-pouch,https://cdn0.woolworths.media/content/wowproductimages/medium/845482.jpg,2020-09-21 17:27:05,,0,,True
c4b7aabc-3a68-45cd-a437-2ad7a952568a,Woolworths Supermarket,Pantry,Hart & Soul Carrot & Parsnip Soup Pouch 400g,845484,$4.00,$1.00 / 100G,https://www.woolworths.com.au/shop/productdetails/845484/hart-soul-carrot-parsnip-soup-pouch,https://cdn0.woolworths.media/content/wowproductimages/medium/845484.jpg,2020-09-21 17:27:05,,0,,True
89b24624-cbe8-4dfc-9d67-4e17743c21eb,Woolworths Supermarket,Pantry,Hart & Soul Tomato & Kimchi Soup Pouch 400g,845657,$4.00,$1.00 / 100G,https://www.woolworths.com.au/shop/productdetails/845657/hart-soul-tomato-kimchi-soup-pouch,https://cdn0.woolworths.media/content/wowproductimages/medium/845657.jpg,2020-09-21 17:27:05,,0,,True
5760768b-4bc5-46ec-b5f5-4488d3431154,Woolworths Supermarket,Pantry,Fountain Barbecue Sauce 2l,845672,$5.40,$0.27 / 100ML,https://www.woolworths.com.au/shop/productdetails/845672/fountain-barbecue-sauce,https://cdn0.woolworths.media/content/wowproductimages/medium/845672.jpg,2020-09-21 17:27:05,,0,,True
7c02dcbd-7cd3-46dc-bc0a-c241408438a5,Woolworths Supermarket,Pantry,Hart & Soul Noodle Soup Chicken 155g,845894,$4.00,$2.58 / 100G,https://www.woolworths.com.au/shop/productdetails/845894/hart-soul-noodle-soup-chicken,https://cdn0.woolworths.media/content/wowproductimages/medium/845894.jpg,2020-09-21 17:27:05,,0,,True
485e4eab-a098-470f-a3eb-a8e2de7c25fc,Woolworths Supermarket,Pantry,Bega Simply Nuts Smooth 325g,845897,$4.00,$1.23 / 100G,https://www.woolworths.com.au/shop/productdetails/845897/bega-simply-nuts-smooth,https://cdn0.woolworths.media/content/wowproductimages/medium/845897.jpg,2020-09-21 17:27:05,,0,,True
f2754446-4319-4a15-a343-854df39d7f0a,Woolworths Supermarket,Pantry,Hart & Soul Noodle Soup Hot & Sour 155g,845904,$4.00,$2.58 / 100G,https://www.woolworths.com.au/shop/productdetails/845904/hart-soul-noodle-soup-hot-sour,https://cdn0.woolworths.media/content/wowproductimages/medium/845904.jpg,2020-09-21 17:27:05,,0,,True
295377f3-6a9b-43fb-83e6-27f7207f3d37,Woolworths Supermarket,Pantry,Bega Simply Nuts Crunchy 325g,845906,$4.00,$1.23 / 100G,https://www.woolworths.com.au/shop/productdetails/845906/bega-simply-nuts-crunchy,https://cdn0.woolworths.media/content/wowproductimages/medium/845906.jpg,2020-09-21 17:27:05,,0,,True
c35f856c-f638-4b92-ab4e-44d46bcc01fd,Woolworths Supermarket,Pantry,Bega Simply Nuts No Added Salt 325g,845907,$4.00,$1.23 / 100G,https://www.woolworths.com.au/shop/productdetails/845907/bega-simply-nuts-no-added-salt,https://cdn0.woolworths.media/content/wowproductimages/medium/845907.jpg,2020-09-21 17:27:05,,0,,True
8fda41f0-424e-46e0-9b8d-6b90c7c85219,Woolworths Supermarket,Pantry,La Zuppa Spring Veg & Brown Rice Pouch 540g,846421,$4.40,$0.81 / 100G,https://www.woolworths.com.au/shop/productdetails/846421/la-zuppa-spring-veg-brown-rice-pouch,https://cdn0.woolworths.media/content/wowproductimages/medium/846421.jpg,2020-09-21 17:27:05,,0,,True
ed97c2bc-21a1-410c-95e4-351412e3f091,Woolworths Supermarket,Pantry,La Zuppa Asian Style Broth Bowl 540g,846436,$3.50,$0.83 / 100G,https://www.woolworths.com.au/shop/productdetails/846436/la-zuppa-asian-style-broth-bowl,https://cdn0.woolworths.media/content/wowproductimages/medium/846436.jpg,2020-09-21 17:27:05,,0,Was $4.00 09/04/2018,True
3b7db931-21d1-4cbb-a2f3-433017f18a9d,Woolworths Supermarket,Pantry,Patak's Tandoori Oven Bake Bake Tandoori 120g,846437,$2.00,$1.67 / 100G,https://www.woolworths.com.au/shop/productdetails/846437/patak-s-tandoori-oven-bake-bake-tandoori,https://cdn0.woolworths.media/content/wowproductimages/medium/846437.jpg,2020-09-21 17:27:05,,0,,True
b2eaa1a1-00c9-4841-9c89-84b0a8002249,Woolworths Supermarket,Pantry,La Zuppa Mexican Bean & Rice Pouch 540g,846441,$4.40,$0.81 / 100G,https://www.woolworths.com.au/shop/productdetails/846441/la-zuppa-mexican-bean-rice-pouch,https://cdn0.woolworths.media/content/wowproductimages/medium/846441.jpg,2020-09-21 17:27:05,,0,,True
25173eb2-b524-4d52-a29b-667fdc12e716,Woolworths Supermarket,Pantry,Nobby's Loaded Buffalo Wings 110g,846442,$2.50,$2.27 / 100G,https://www.woolworths.com.au/shop/productdetails/846442/nobby-s-loaded-buffalo-wings,https://cdn0.woolworths.media/content/wowproductimages/medium/846442.jpg,2020-09-21 17:27:05,,0,,True
415093e5-ef73-4002-b39b-cbc267fb18ce,Woolworths Supermarket,Pantry,The Spice Tailor Delhi Biryani 360g,846448,$5.50,$1.53 / 100G,https://www.woolworths.com.au/shop/productdetails/846448/the-spice-tailor-delhi-biryani,https://cdn0.woolworths.media/content/wowproductimages/medium/846448.jpg,2020-09-21 17:27:05,,0,,True
56ed188e-e2e3-4b52-b894-040417b1e7e4,Woolworths Supermarket,Pantry,The Spice Tailor Hyderabad Biryani 360g,846449,$5.50,$1.53 / 100G,https://www.woolworths.com.au/shop/productdetails/846449/the-spice-tailor-hyderabad-biryani,https://cdn0.woolworths.media/content/wowproductimages/medium/846449.jpg,2020-09-21 17:27:05,,0,,True
f27bd2af-a1c7-471b-bc46-c32111607cdf,Woolworths Supermarket,Pantry,Woolworths Dressing Coleslaw 290ml,846488,$1.80,$0.62 / 100ML,https://www.woolworths.com.au/shop/productdetails/846488/woolworths-dressing-coleslaw,https://cdn0.woolworths.media/content/wowproductimages/medium/846488.jpg,2020-09-21 17:27:05,Average product rating out of 5: 4.4. Product score is based on 42 ratings,42,,True
fc9f9056-f135-4ec0-baf1-96fee4fa8563,Woolworths Supermarket,Pantry,Lolly Go Round Musk Sticks 320g,846967,$2.00,$0.63 / 100G,https://www.woolworths.com.au/shop/productdetails/846967/lolly-go-round-musk-sticks,https://cdn0.woolworths.media/content/wowproductimages/medium/846967.jpg,2020-09-21 17:27:05,Average product rating out of 5: 4.0. Product score is based on 1 ratings,1,,True
261b187f-e079-4c75-a8d9-ff9b72957bd5,Woolworths Supermarket,Pantry,Woolworths Milk Chocolate Coated Liquorice Twists 270g,847050,$2.00,$0.74 / 100G,https://www.woolworths.com.au/shop/productdetails/847050/woolworths-milk-chocolate-coated-liquorice-twists,https://cdn0.woolworths.media/content/wowproductimages/medium/847050.jpg,2020-09-21 17:27:05,,0,,True
acc1710b-9a24-487e-878b-eb56c6015230,Woolworths Supermarket,Pantry,Spc Prunes In Juice 425g,847211,$2.70,$6.35 / 1KG,https://www.woolworths.com.au/shop/productdetails/847211/spc-prunes-in-juice,https://cdn0.woolworths.media/content/wowproductimages/medium/847211.jpg,2020-09-21 17:27:05,,0,,True
44f99bbb-fa2a-4936-ab0b-7116555231d2,Woolworths Supermarket,Pantry,Massel Organic Liquid Stock Beef 1l,847730,$2.50,$0.25 / 100ML,https://www.woolworths.com.au/shop/productdetails/847730/massel-organic-liquid-stock-beef,https://cdn0.woolworths.media/content/wowproductimages/medium/847730.jpg,2020-09-21 17:27:05,,0,,True
636c0883-4c04-49c9-b994-f8cc0b848fca,Woolworths Supermarket,Pantry,Noshu Sugar Free White Choc Vanilla Cookies Mix 300g,847895,,,https://www.woolworths.com.au/shop/productdetails/847895/noshu-sugar-free-white-choc-vanilla-cookies-mix,https://cdn0.woolworths.media/content/wowproductimages/medium/847895.jpg,2020-09-21 17:27:05,,0,,False
2e841ae3-3b4c-49d7-9a01-784e509ab5ad,Woolworths Supermarket,Pantry,Dollar Sweets Patty Pans Large Coloured 100 pack,850486,$3.00,$0.03 / 1EA,https://www.woolworths.com.au/shop/productdetails/850486/dollar-sweets-patty-pans-large-coloured,https://cdn0.woolworths.media/content/wowproductimages/medium/850486.jpg,2020-09-21 17:27:05,,0,,True
c6893b0d-95a8-49b8-999b-2dada82fdc24,Woolworths Supermarket,Pantry,Dollar Sweets Patty Pans Large Polka Dot 100 pack,850487,$3.00,$0.03 / 1EA,https://www.woolworths.com.au/shop/productdetails/850487/dollar-sweets-patty-pans-large-polka-dot,https://cdn0.woolworths.media/content/wowproductimages/medium/850487.jpg,2020-09-21 17:27:05,,0,,True
5e0300e6-48c3-48ed-acde-6c8f1e0a5d94,Woolworths Supermarket,Pantry,Dollar Sweets Patty Pans Large Striped 100 pack,850488,$3.00,$0.03 / 1EA,https://www.woolworths.com.au/shop/productdetails/850488/dollar-sweets-patty-pans-large-striped,https://cdn0.woolworths.media/content/wowproductimages/medium/850488.jpg,2020-09-21 17:27:05,,0,,True
44dd323a-7d6a-498b-bb32-4c1f0217e3de,Woolworths Supermarket,Pantry,Dollar Sweets White Muffin Wraps 36 pack,850511,$4.50,$0.13 / 1EA,https://www.woolworths.com.au/shop/productdetails/850511/dollar-sweets-white-muffin-wraps,https://cdn0.woolworths.media/content/wowproductimages/medium/850511.jpg,2020-09-21 17:27:05,,0,,True
3070206f-0787-4b86-b758-08e643ced416,Woolworths Supermarket,Pantry,Dollar Sweets Patty Pans Silver Foil Large 100 pack,850512,$3.50,$0.04 / 1EA,https://www.woolworths.com.au/shop/productdetails/850512/dollar-sweets-patty-pans-silver-foil-large,https://cdn0.woolworths.media/content/wowproductimages/medium/850512.jpg,2020-09-21 17:27:05,,0,,True
ac2abfa6-3aa8-4d21-98c3-8a12cbc3fa10,Woolworths Supermarket,Pantry,Dollar Sweets Patty Pans Small Chevron 100 pack,850513,$3.00,$0.03 / 1EA,https://www.woolworths.com.au/shop/productdetails/850513/dollar-sweets-patty-pans-small-chevron,https://cdn0.woolworths.media/content/wowproductimages/medium/850513.jpg,2020-09-21 17:27:05,,0,,True
7a3bdf62-84cd-461c-871c-b61dc73b20a3,Woolworths Supermarket,Pantry,Dollar Sweets Patty Pans Mini Polka Dot 100 pack,850540,$2.50,$0.03 / 1EA,https://www.woolworths.com.au/shop/productdetails/850540/dollar-sweets-patty-pans-mini-polka-dot,https://cdn0.woolworths.media/content/wowproductimages/medium/850540.jpg,2020-09-21 17:27:05,,0,,True
b7868d64-0066-4138-913f-54d71e0881f6,Woolworths Supermarket,Pantry,Dollar Sweets Patty Pans Mini Coloured 100 pack,850541,$2.50,$0.03 / 1EA,https://www.woolworths.com.au/shop/productdetails/850541/dollar-sweets-patty-pans-mini-coloured,https://cdn0.woolworths.media/content/wowproductimages/medium/850541.jpg,2020-09-21 17:27:05,,0,,True
84cb5c6b-f581-4427-b892-140ba49d9ee8,Woolworths Supermarket,Pantry,Mccormicks Keens Curried Sausages 40g,850542,$1.69,$4.23 / 100G,https://www.woolworths.com.au/shop/productdetails/850542/mccormicks-keens-curried-sausages,https://cdn0.woolworths.media/content/wowproductimages/medium/850542.jpg,2020-09-21 17:27:05,,0,2 for $3.00,True
0432a85d-577c-4cb6-8a13-5cac62cf821a,Woolworths Supermarket,Pantry,Lolly Go Round Round Sharepack 500g,851428,$5.00,$1.00 / 100G,https://www.woolworths.com.au/shop/productdetails/851428/lolly-go-round-round-sharepack,https://cdn0.woolworths.media/content/wowproductimages/medium/851428.jpg,2020-09-21 17:27:05,Average product rating out of 5: 4.1. Product score is based on 773 ratings,773,,True
06d3095e-bf48-42ac-95c2-3e2e26531634,Woolworths Supermarket,Pantry,Lolly Go Round Round Party Mix 1kg,851429,$5.00,$0.50 / 100G,https://www.woolworths.com.au/shop/productdetails/851429/lolly-go-round-round-party-mix,https://cdn0.woolworths.media/content/wowproductimages/medium/851429.jpg,2020-09-21 17:27:05,Average product rating out of 5: 4.0. Product score is based on 857 ratings,857,,True
1e419dfd-279f-41ae-b375-bd94319c5c51,Woolworths Supermarket,Pantry,Lolly Go Round Round Sour Watermelons 170g,851432,$2.00,$1.18 / 100G,https://www.woolworths.com.au/shop/productdetails/851432/lolly-go-round-round-sour-watermelons,https://cdn0.woolworths.media/content/wowproductimages/medium/851432.jpg,2020-09-21 17:27:05,Average product rating out of 5: 4.0. Product score is based on 179 ratings,179,,True
45b03c3b-1ab7-4074-ba64-c002540f1930,Woolworths Supermarket,Pantry,Lolly Go Round Round Rainbow Sour Straps 170g,851435,$2.00,$1.18 / 100G,https://www.woolworths.com.au/shop/productdetails/851435/lolly-go-round-round-rainbow-sour-straps,https://cdn0.woolworths.media/content/wowproductimages/medium/851435.jpg,2020-09-21 17:27:05,Average product rating out of 5: 3.3. Product score is based on 182 ratings,182,,True
d34a43ab-9d06-4a98-9a97-34cb25c0f203,Woolworths Supermarket,Pantry,Lolly Go Round Round Rainbow Swirl Pops 144g,851575,$2.00,$1.39 / 100G,https://www.woolworths.com.au/shop/productdetails/851575/lolly-go-round-round-rainbow-swirl-pops,https://cdn0.woolworths.media/content/wowproductimages/medium/851575.jpg,2020-09-21 17:27:05,Average product rating out of 5: 3.0. Product score is based on 182 ratings,182,,True
a4803186-13d0-44be-ac23-1ec868856fef,Woolworths Supermarket,Pantry,Lolly Go Round Round Strawberry Clouds 170g,851593,$2.00,$1.18 / 100G,https://www.woolworths.com.au/shop/productdetails/851593/lolly-go-round-round-strawberry-clouds,https://cdn0.woolworths.media/content/wowproductimages/medium/851593.jpg,2020-09-21 17:27:05,Average product rating out of 5: 4.0. Product score is based on 216 ratings,216,,True
0160cdb9-bf1a-4482-987d-d8c7782a2d31,Woolworths Supermarket,Pantry,Lolly Go Round Round Sour Worms 170g,851594,$2.00,$1.18 / 100G,https://www.woolworths.com.au/shop/productdetails/851594/lolly-go-round-round-sour-worms,https://cdn0.woolworths.media/content/wowproductimages/medium/851594.jpg,2020-09-21 17:27:05,Average product rating out of 5: 4.1. Product score is based on 177 ratings,177,,True
a403fac4-c825-412a-9476-0cd8cccdb202,Woolworths Supermarket,Pantry,Lolly Go Round Round Triple Hearts 170g,851595,$2.00,$1.18 / 100G,https://www.woolworths.com.au/shop/productdetails/851595/lolly-go-round-round-triple-hearts,https://cdn0.woolworths.media/content/wowproductimages/medium/851595.jpg,2020-09-21 17:27:05,Average product rating out of 5: 3.5. Product score is based on 205 ratings,205,,True
a7721ba8-947a-4a34-8a44-20828e8e59ef,Woolworths Supermarket,Pantry,Woolworths Snack Pot Nut Mix Cheeseburger Style 150g,852099,$6.00,$40.00 / 1KG,https://www.woolworths.com.au/shop/productdetails/852099/woolworths-snack-pot-nut-mix-cheeseburger-style,https://cdn0.woolworths.media/content/wowproductimages/medium/852099.jpg,2020-09-21 17:27:05,Average product rating out of 5: 3.4. Product score is based on 761 ratings,761,2 for $10.00,True
c78ee5dc-586b-49af-a1a3-2bff02e0b14a,Woolworths Supermarket,Pantry,John West Tuna Pouch Protein Plus Iron 220g,852159,$4.00,$18.18 / 1KG,https://www.woolworths.com.au/shop/productdetails/852159/john-west-tuna-pouch-protein-plus-iron,https://cdn0.woolworths.media/content/wowproductimages/medium/852159.jpg,2020-09-21 17:27:05,,0,,True
c04ce27f-8d03-4eb2-9409-d096ccb9351f,Woolworths Supermarket,Pantry,John West Tuna Pouch Protein Plus Iron 220g,852159,$4.00,$18.18 / 1KG,https://www.woolworths.com.au/shop/productdetails/852159/john-west-tuna-pouch-protein-plus-iron,https://cdn0.woolworths.media/content/wowproductimages/medium/852159.jpg,2020-09-21 17:27:05,,0,,True
5267ec96-5699-4194-8565-8975da4661ce,Woolworths Supermarket,Pantry,John West Tuna Pouch Protein Plus Fibre 220g,852175,$4.00,$18.18 / 1KG,https://www.woolworths.com.au/shop/productdetails/852175/john-west-tuna-pouch-protein-plus-fibre,https://cdn0.woolworths.media/content/wowproductimages/medium/852175.jpg,2020-09-21 17:27:05,,0,,True
b8f145f8-2d4c-4b5e-bee7-4fc102bb6bc7,Woolworths Supermarket,Pantry,Mckenzie's 12 Blend Soup Mix 375g,852244,$2.30,$0.61 / 100G,https://www.woolworths.com.au/shop/productdetails/852244/mckenzie-s-12-blend-soup-mix,https://cdn0.woolworths.media/content/wowproductimages/medium/852244.jpg,2020-09-21 17:27:05,,0,,True
f305ad5d-14a6-4c10-aa0e-0157677ec978,Woolworths Supermarket,Pantry,Mckenzie's Lentil Soup Mix 375g,852265,$2.30,$0.61 / 100G,https://www.woolworths.com.au/shop/productdetails/852265/mckenzie-s-lentil-soup-mix,https://cdn0.woolworths.media/content/wowproductimages/medium/852265.jpg,2020-09-21 17:27:05,,0,,True
d6abd86d-f95e-4378-b1f5-a1b0da6b1419,Woolworths Supermarket,Pantry,Woolworths Snack Pot Pepitas Sweet & Crunchy 150g,852382,$6.00,$40.00 / 1KG,https://www.woolworths.com.au/shop/productdetails/852382/woolworths-snack-pot-pepitas-sweet-crunchy,https://cdn0.woolworths.media/content/wowproductimages/medium/852382.jpg,2020-09-21 17:27:05,Average product rating out of 5: 3.3. Product score is based on 761 ratings,761,2 for $10.00,True
c89e5af1-3a42-4638-9594-fd67a02ecead,Woolworths Supermarket,Pantry,Woolworths Snack Pot Nut Mix Texas Bbq Style 150g,852388,$6.00,$40.00 / 1KG,https://www.woolworths.com.au/shop/productdetails/852388/woolworths-snack-pot-nut-mix-texas-bbq-style,https://cdn0.woolworths.media/content/wowproductimages/medium/852388.jpg,2020-09-21 17:27:05,Average product rating out of 5: 3.6. Product score is based on 758 ratings,758,2 for $10.00,True
5562b8d9-ad00-4ba6-9b56-dcc46c669f56,Woolworths Supermarket,Pantry,Woolworths Snack Pot Banoffee Nut Mix 150g,852389,$6.00,$40.00 / 1KG,https://www.woolworths.com.au/shop/productdetails/852389/woolworths-snack-pot-banoffee-nut-mix,https://cdn0.woolworths.media/content/wowproductimages/medium/852389.jpg,2020-09-21 17:27:05,Average product rating out of 5: 4.0. Product score is based on 233 ratings,233,2 for $10.00,True
9770c47a-5adf-454c-8de4-fcdc56035abd,Woolworths Supermarket,Pantry,Woolworths Apple Puree 4x125g,852487,$2.20,$4.40 / 1KG,https://www.woolworths.com.au/shop/productdetails/852487/woolworths-apple-puree,https://cdn0.woolworths.media/content/wowproductimages/medium/852487.jpg,2020-09-21 17:27:05,,0,Was $2.50 09/07/2018,True
1a1fe337-9a0c-49df-a6a8-f57f7d7378d5,Woolworths Supermarket,Pantry,Woolworths Apple & Strawberry Puree 4x125g,852488,$2.20,$4.40 / 1KG,https://www.woolworths.com.au/shop/productdetails/852488/woolworths-apple-strawberry-puree,https://cdn0.woolworths.media/content/wowproductimages/medium/852488.jpg,2020-09-21 17:27:05,,0,Was $2.50 09/07/2018,True
882a80ef-d7af-42e2-9a34-198dbff06f06,Woolworths Supermarket,Pantry,Kez's Chewy Flourless Brownies - Fudgy Chocolate 210g,853360,$7.00,$3.33 / 100G,https://www.woolworths.com.au/shop/productdetails/853360/kez-s-chewy-flourless-brownies-fudgy-chocolate,https://cdn0.woolworths.media/content/wowproductimages/medium/853360.jpg,2020-09-21 17:27:05,Average product rating out of 5: 4.8. Product score is based on 11 ratings,11,,True
f0597666-52d2-4598-a60e-122a841dbf2c,Woolworths Supermarket,Pantry,Olina's Artisan Crackers Cranberry & Sunflower Seed 100g,854115,$4.00,$4.00 / 100G,https://www.woolworths.com.au/shop/productdetails/854115/olina-s-artisan-crackers-cranberry-sunflower-seed,https://cdn0.woolworths.media/content/wowproductimages/medium/854115.jpg,2020-09-21 17:27:05,,0,,True
07aee427-adf7-4476-9c6d-fc1f23f5aba7,Woolworths Supermarket,Pantry,Cobs Pop'd Chips Sour Cream & Chives Gluten Free 110g,854640,$4.00,$3.64 / 100G,https://www.woolworths.com.au/shop/productdetails/854640/cobs-pop-d-chips-sour-cream-chives-gluten-free,https://cdn0.woolworths.media/content/wowproductimages/medium/854640.jpg,2020-09-21 17:27:05,,0,,True
6c536f9c-6385-4fa5-a2de-8649600fabd6,Woolworths Supermarket,Pantry,Cobs Pop'd Chips Salt Of The Sea Gluten Free 110g,854646,$4.00,$3.64 / 100G,https://www.woolworths.com.au/shop/productdetails/854646/cobs-pop-d-chips-salt-of-the-sea-gluten-free,https://cdn0.woolworths.media/content/wowproductimages/medium/854646.jpg,2020-09-21 17:27:05,,0,,True
06c3412a-e5bc-4901-8a76-9cfc61d44141,Woolworths Supermarket,Pantry,Maltesers Milk Chocolate Block 146g,854807,$3.00,$2.05 / 100G,https://www.woolworths.com.au/shop/productdetails/854807/maltesers-milk-chocolate-block,https://cdn0.woolworths.media/content/wowproductimages/medium/854807.jpg,2020-09-21 17:27:05,,0,,True
461fc559-4828-445c-bd17-cdcab4634ff5,Woolworths Supermarket,Pantry,Carman's Crackers Pepita & Poppy Seed 80g,854815,$3.80,$4.75 / 100G,https://www.woolworths.com.au/shop/productdetails/854815/carman-s-crackers-pepita-poppy-seed,https://cdn0.woolworths.media/content/wowproductimages/medium/854815.jpg,2020-09-21 17:27:05,,0,,True
9fc79b30-4021-417e-af93-b451a7fcd66f,Woolworths Supermarket,Pantry,Mayver's Unsalted Smunchy Peanut Butter 375g,855447,$5.00,$1.33 / 100G,https://www.woolworths.com.au/shop/productdetails/855447/mayver-s-unsalted-smunchy-peanut-butter,https://cdn0.woolworths.media/content/wowproductimages/medium/855447.jpg,2020-09-21 17:27:05,,0,,True
0054a79d-ac04-47f6-8fb5-4b9828287617,Woolworths Supermarket,Pantry,Mayver's Dark Roasted Unsalted Smunchy Peanut Butter 375g,855453,$5.00,$1.33 / 100G,https://www.woolworths.com.au/shop/productdetails/855453/mayver-s-dark-roasted-unsalted-smunchy-peanut-butter,https://cdn0.woolworths.media/content/wowproductimages/medium/855453.jpg,2020-09-21 17:27:05,,0,,True
b814a234-0dc8-4089-90f5-dba86ab720ba,Woolworths Supermarket,Pantry,Arnott's Cracker Chips Honey Soy Chicken 150g,855455,$4.50,$3.00 / 100G,https://www.woolworths.com.au/shop/productdetails/855455/arnott-s-cracker-chips-honey-soy-chicken,https://cdn0.woolworths.media/content/wowproductimages/medium/855455.jpg,2020-09-21 17:27:05,,0,,True
d0c38064-22dc-4af2-897f-160ea0b38096,Woolworths Supermarket,Pantry,Arnott's Cracker Chips Sea Salt 150g,855494,$4.50,$3.00 / 100G,https://www.woolworths.com.au/shop/productdetails/855494/arnott-s-cracker-chips-sea-salt,https://cdn0.woolworths.media/content/wowproductimages/medium/855494.jpg,2020-09-21 17:27:05,,0,,True
1f518bfd-0132-4813-92e7-9440dde8e2b7,Woolworths Supermarket,Pantry,Arnott's Cracker Chips Sea Salt & Balsamic Vinegar 150g,855495,$4.50,$3.00 / 100G,https://www.woolworths.com.au/shop/productdetails/855495/arnott-s-cracker-chips-sea-salt-balsamic-vinegar,https://cdn0.woolworths.media/content/wowproductimages/medium/855495.jpg,2020-09-21 17:27:05,,0,,True
8bc4b6b2-5e76-4a0d-9191-61681e4e3d16,Woolworths Supermarket,Pantry,Olina's Wafer Crackers Natural & Black Sesame Assorted 200g,855541,$4.00,$2.00 / 100G,https://www.woolworths.com.au/shop/productdetails/855541/olina-s-wafer-crackers-natural-black-sesame-assorted,https://cdn0.woolworths.media/content/wowproductimages/medium/855541.jpg,2020-09-21 17:27:05,,0,,True
10996a78-9307-4173-9fa6-198998f52608,Woolworths Supermarket,Pantry,Sunbites Snack Crackers With Quinoa Sea Salt 105g,855571,$3.00,$2.86 / 100G,https://www.woolworths.com.au/shop/productdetails/855571/sunbites-snack-crackers-with-quinoa-sea-salt,https://cdn0.woolworths.media/content/wowproductimages/medium/855571.jpg,2020-09-21 17:27:05,,0,,True
d33702af-2be0-468a-a121-b3c656d2820f,Woolworths Supermarket,Pantry,Sunbites Snack Crackers With Quinoa Cheddar & Chives 110g,855572,$3.00,$2.73 / 100G,https://www.woolworths.com.au/shop/productdetails/855572/sunbites-snack-crackers-with-quinoa-cheddar-chives,https://cdn0.woolworths.media/content/wowproductimages/medium/855572.jpg,2020-09-21 17:27:05,,0,,True
ff2c115c-6636-4ea1-b98a-09ac69502743,Woolworths Supermarket,Pantry,Sunbites Snack Crackers With Quinoa Onion & Balsamic Vinegar 110g,855581,$3.00,$2.73 / 100G,https://www.woolworths.com.au/shop/productdetails/855581/sunbites-snack-crackers-with-quinoa-onion-balsamic-vinegar,https://cdn0.woolworths.media/content/wowproductimages/medium/855581.jpg,2020-09-21 17:27:05,,0,,True
d54afa10-3578-4f74-bcaf-6a295933ff0c,Woolworths Supermarket,Pantry,Capilano Dark & Bold Honey Upside Down 340g,855613,$6.90,$2.03 / 100G,https://www.woolworths.com.au/shop/productdetails/855613/capilano-dark-bold-honey-upside-down,https://cdn0.woolworths.media/content/wowproductimages/medium/855613.jpg,2020-09-21 17:27:05,,0,,True
e0e32644-fa6a-4f0b-9fe8-450e62afd2b6,Woolworths Supermarket,Pantry,Capilano Light & Smooth Honey Upside Down 340g,855614,$6.90,$2.03 / 100G,https://www.woolworths.com.au/shop/productdetails/855614/capilano-light-smooth-honey-upside-down,https://cdn0.woolworths.media/content/wowproductimages/medium/855614.jpg,2020-09-21 17:27:05,,0,,True
e0ee237e-2598-44d5-a698-d5e202b36762,Woolworths Supermarket,Pantry,White Wings Glazed Baked Donut Mix 290g,855680,$4.00,$1.38 / 100G,https://www.woolworths.com.au/shop/productdetails/855680/white-wings-glazed-baked-donut-mix,https://cdn0.woolworths.media/content/wowproductimages/medium/855680.jpg,2020-09-21 17:27:05,,0,,True
688380f2-af5a-4535-a481-844f425970bd,Woolworths Supermarket,Pantry,Heinz Soup Classic Potato & Leek 535g,856165,$2.50,$0.47 / 100G,https://www.woolworths.com.au/shop/productdetails/856165/heinz-soup-classic-potato-leek,https://cdn0.woolworths.media/content/wowproductimages/medium/856165.jpg,2020-09-21 17:27:05,,0,,True
48c0fcc0-3356-459c-9826-47c583c587b5,Woolworths Supermarket,Pantry,Heinz Soup Big Chunky Hearty Irish Stew 535g,856224,$2.50,$0.47 / 100G,https://www.woolworths.com.au/shop/productdetails/856224/heinz-soup-big-chunky-hearty-irish-stew,https://cdn0.woolworths.media/content/wowproductimages/medium/856224.jpg,2020-09-21 17:27:05,,0,,True
505c4a6e-4338-4004-ad0a-ee135fd4968b,Woolworths Supermarket,Pantry,Heinz Soup Of The Day Pouch Creamy Potato & Leek Soup 430g,856305,$3.00,$0.70 / 100G,https://www.woolworths.com.au/shop/productdetails/856305/heinz-soup-of-the-day-pouch-creamy-potato-leek-soup,https://cdn0.woolworths.media/content/wowproductimages/medium/856305.jpg,2020-09-21 17:27:05,,0,Was $4.00 17/04/2017,True
4c636015-0717-499f-804a-88a6a9100cd4,Woolworths Supermarket,Pantry,Heinz Soup Of The Day Veg & Lentil With Chilli Smoked Paprika 430g,856749,$3.00,$0.70 / 100G,https://www.woolworths.com.au/shop/productdetails/856749/heinz-soup-of-the-day-veg-lentil-with-chilli-smoked-paprika,https://cdn0.woolworths.media/content/wowproductimages/medium/856749.jpg,2020-09-21 17:27:05,,0,Was $4.00 17/04/2017,True
0e61c58c-2a1e-4d81-8496-1f7e155a1e3f,Woolworths Supermarket,Pantry,Leggos Marinara Sauce Chunky Tomato & Herbs 500g,856753,$3.30,$0.66 / 100G,https://www.woolworths.com.au/shop/productdetails/856753/leggos-marinara-sauce-chunky-tomato-herbs,https://cdn0.woolworths.media/content/wowproductimages/medium/856753.jpg,2020-09-21 17:27:05,,0,,True
f1a244b1-93de-4c73-9bf7-7966d7cbdb47,Woolworths Supermarket,Pantry,S&b Miso Soup Tofu 30g,856773,$3.75,$12.50 / 100G,https://www.woolworths.com.au/shop/productdetails/856773/s-b-miso-soup-tofu,https://cdn0.woolworths.media/content/wowproductimages/medium/856773.jpg,2020-09-21 17:27:05,,0,,True
2eda09b8-8383-4bf9-ac2b-e21e0d712136,Woolworths Supermarket,Pantry,S&b Miso Soup Aka 30g,856776,$3.75,$12.50 / 100G,https://www.woolworths.com.au/shop/productdetails/856776/s-b-miso-soup-aka,https://cdn0.woolworths.media/content/wowproductimages/medium/856776.jpg,2020-09-21 17:27:05,,0,,True
3285dd88-d51f-43b4-9431-cfee8439a1c4,Woolworths Supermarket,Pantry,Leggos Passata Rustic 700g,856815,$3.20,$0.46 / 100G,https://www.woolworths.com.au/shop/productdetails/856815/leggos-passata-rustic,https://cdn0.woolworths.media/content/wowproductimages/medium/856815.jpg,2020-09-21 17:27:05,,0,,True
8c5ed851-60ec-4299-9bab-d0922cfb3861,Woolworths Supermarket,Pantry,Green's Buttermilk Crepe Shake 300g,856995,$2.90,$0.97 / 100G,https://www.woolworths.com.au/shop/productdetails/856995/green-s-buttermilk-crepe-shake,https://cdn0.woolworths.media/content/wowproductimages/medium/856995.jpg,2020-09-21 17:27:05,,0,,True
1571a084-bb71-4b4a-9231-da816ff866a6,Woolworths Supermarket,Pantry,Off The Eaten Path Pea & Pinto Bean Sticks Sea Salt 100g,857027,$2.00,$2.00 / 100G,https://www.woolworths.com.au/shop/productdetails/857027/off-the-eaten-path-pea-pinto-bean-sticks-sea-salt,https://cdn0.woolworths.media/content/wowproductimages/medium/857027.jpg,2020-09-21 17:27:05,Average product rating out of 5: 4.7. Product score is based on 15 ratings,15,,True
438a0b62-02b3-41c1-8713-6f54f4809d11,Woolworths Supermarket,Pantry,Green's Choc Filled Donut Balls 480g,857045,$3.20,$0.67 / 100G,https://www.woolworths.com.au/shop/productdetails/857045/green-s-choc-filled-donut-balls,https://cdn0.woolworths.media/content/wowproductimages/medium/857045.jpg,2020-09-21 17:27:05,,0,,True
5341662f-1b74-47a7-96b1-860cf68402c8,Woolworths Supermarket,Pantry,Green's Classic Banana Bread 400g,857067,$2.75,$0.69 / 100G,https://www.woolworths.com.au/shop/productdetails/857067/green-s-classic-banana-bread,https://cdn0.woolworths.media/content/wowproductimages/medium/857067.jpg,2020-09-21 17:27:05,,0,,True
d46adf29-e7e9-4e2a-9a35-53c0a748f73f,Woolworths Supermarket,Pantry,Green's Cheesecake Original 420g,857087,$3.20,$0.76 / 100G,https://www.woolworths.com.au/shop/productdetails/857087/green-s-cheesecake-original,https://cdn0.woolworths.media/content/wowproductimages/medium/857087.jpg,2020-09-21 17:27:05,,0,,True
6ff6b705-6a9c-43f4-9443-34a4f837bef6,Woolworths Supermarket,Pantry,Lao Gan Ma Chilli Paste Crispy Peanut 210g,857199,$3.15,$1.50 / 100G,https://www.woolworths.com.au/shop/productdetails/857199/lao-gan-ma-chilli-paste-crispy-peanut,https://cdn0.woolworths.media/content/wowproductimages/medium/857199.jpg,2020-09-21 17:27:05,,0,,True
90422d33-8f13-4dad-bb24-d6d782fb73b5,Woolworths Supermarket,Pantry,Amy's Kitchen Organic Indian Golden Lentil Soup 408g,857555,$3.90,$0.96 / 100G,https://www.woolworths.com.au/shop/productdetails/857555/amy-s-kitchen-organic-indian-golden-lentil-soup,https://cdn0.woolworths.media/content/wowproductimages/medium/857555.jpg,2020-09-21 17:27:05,,0,,True
be8eccf9-1391-4747-b3bc-bdad399f4dc1,Woolworths Supermarket,Pantry,Woolworths Great Start Antioxidant Fruity Cereal 400g,858631,$3.20,$0.80 / 100G,https://www.woolworths.com.au/shop/productdetails/858631/woolworths-great-start-antioxidant-fruity-cereal,https://cdn0.woolworths.media/content/wowproductimages/medium/858631.jpg,2020-09-21 17:27:05,Average product rating out of 5: 3.7. Product score is based on 309 ratings,309,Was $4.00 04/02/2019,True
d2609a89-fad8-4cec-8578-ba8eaaee7d50,Woolworths Supermarket,Pantry,Woolworths Great Start Reduced Sugar Multigrain Cereal 400g,858634,$3.20,$0.80 / 100G,https://www.woolworths.com.au/shop/productdetails/858634/woolworths-great-start-reduced-sugar-multigrain-cereal,https://cdn0.woolworths.media/content/wowproductimages/medium/858634.jpg,2020-09-21 17:27:05,Average product rating out of 5: 4.0. Product score is based on 338 ratings,338,Was $4.00 04/02/2019,True
0f672434-e9c2-4e29-aedc-7e819d36f24a,Woolworths Supermarket,Pantry,Woolworths Great Start Protein Clusters 400g,858635,$3.20,$0.80 / 100G,https://www.woolworths.com.au/shop/productdetails/858635/woolworths-great-start-protein-clusters,https://cdn0.woolworths.media/content/wowproductimages/medium/858635.jpg,2020-09-21 17:27:05,Average product rating out of 5: 3.9. Product score is based on 751 ratings,751,Was $4.00 04/02/2019,True
f1d3ac71-49cc-4bc6-b993-1d946466f6d6,Woolworths Supermarket,Pantry,Well Naturally Dark Chocolate Coconut Rough No Sugar Added 90g,860024,$3.50,$3.89 / 100G,https://www.woolworths.com.au/shop/productdetails/860024/well-naturally-dark-chocolate-coconut-rough-no-sugar-added,https://cdn0.woolworths.media/content/wowproductimages/medium/860024.jpg,2020-09-21 17:27:05,Average product rating out of 5: 4.6. Product score is based on 7 ratings,7,,True
0da2103e-e4ac-4d24-ade7-4e3b683f7c88,Woolworths Supermarket,Pantry,Heinz Creationz Salsa Chilli Beanz 420g,860745,$2.50,$0.60 / 100G,https://www.woolworths.com.au/shop/productdetails/860745/heinz-creationz-salsa-chilli-beanz,https://cdn0.woolworths.media/content/wowproductimages/medium/860745.jpg,2020-09-21 17:27:05,,0,,True
eeb79b90-9269-4484-a513-2dc480fd99db,Woolworths Supermarket,Pantry,Heinz Creationz Fiery Mexican Style Beanz 420g,860750,$2.50,$0.60 / 100G,https://www.woolworths.com.au/shop/productdetails/860750/heinz-creationz-fiery-mexican-style-beanz,https://cdn0.woolworths.media/content/wowproductimages/medium/860750.jpg,2020-09-21 17:27:05,,0,,True
6aea47b0-6768-4321-9de2-48c366ffa921,Woolworths Supermarket,Pantry,Kellogg's Lcms Unicorn Puffed Rice Snack Bars 132g,861010,$3.00,$2.27 / 100G,https://www.woolworths.com.au/shop/productdetails/861010/kellogg-s-lcms-unicorn-puffed-rice-snack-bars,https://cdn0.woolworths.media/content/wowproductimages/medium/861010.jpg,2020-09-21 17:27:05,,0,,True
fa96f78c-e051-4a10-a259-d33a98fed001,Woolworths Supermarket,Pantry,Woolworths Tortillas 10 pack,861021,$3.00,$0.65 / 100G,https://www.woolworths.com.au/shop/productdetails/861021/woolworths-tortillas,https://cdn0.woolworths.media/content/wowproductimages/medium/861021.jpg,2020-09-21 17:27:05,,0,,True
673c652c-5527-4a64-9bf6-aa235f56ad01,Woolworths Supermarket,Pantry,Sunrice Koshihikari Sushi Rice 750g,861530,$5.00,$0.67 / 100G,https://www.woolworths.com.au/shop/productdetails/861530/sunrice-koshihikari-sushi-rice,https://cdn0.woolworths.media/content/wowproductimages/medium/861530.jpg,2020-09-21 17:27:05,,0,,True
d0f4a5ea-f595-43cf-bebc-1b6f5cb25a05,Woolworths Supermarket,Pantry,Pandaroo Sweetened Condensed Coconut Milk 320g,861611,$4.50,$1.41 / 100G,https://www.woolworths.com.au/shop/productdetails/861611/pandaroo-sweetened-condensed-coconut-milk,https://cdn0.woolworths.media/content/wowproductimages/medium/861611.jpg,2020-09-21 17:27:05,,0,,True
ff500dca-8297-4a0e-990e-bbb073f262ec,Woolworths Supermarket,Pantry,The Spice Tailor Thai Green Curry Kit 275g,862713,$4.00,$1.45 / 100G,https://www.woolworths.com.au/shop/productdetails/862713/the-spice-tailor-thai-green-curry-kit,https://cdn0.woolworths.media/content/wowproductimages/medium/862713.jpg,2020-09-21 17:27:05,,0,,True
9df497ee-84b1-4586-8699-ebbe16c55a71,Woolworths Supermarket,Pantry,Ottogi Jin Ramen Spicy Instant Noodles 120g,862807,$1.50,$1.25 / 100G,https://www.woolworths.com.au/shop/productdetails/862807/ottogi-jin-ramen-spicy-instant-noodles,https://cdn0.woolworths.media/content/wowproductimages/medium/862807.jpg,2020-09-21 17:27:05,,0,,True
6f4b515c-f66a-425c-8d74-00041a7c0c69,Woolworths Supermarket,Pantry,Ottogi Jin Ramen Mild Instant Noodles 120g,862808,$1.50,$1.25 / 100G,https://www.woolworths.com.au/shop/productdetails/862808/ottogi-jin-ramen-mild-instant-noodles,https://cdn0.woolworths.media/content/wowproductimages/medium/862808.jpg,2020-09-21 17:27:05,,0,,True
e6ea3793-607d-4118-8c9a-0eef3537bd79,Woolworths Supermarket,Pantry,Obap Kimchi Paste 180g,862882,$4.50,$2.50 / 100G,https://www.woolworths.com.au/shop/productdetails/862882/obap-kimchi-paste,https://cdn0.woolworths.media/content/wowproductimages/medium/862882.jpg,2020-09-21 17:27:05,,0,,True
a78012b8-d1bc-499a-8ade-f17c8c1947f8,Woolworths Supermarket,Pantry,Lee Kum Kee Gluten Free Soy Sauce Soy Sauce 250ml,862908,$3.40,$1.36 / 100ML,https://www.woolworths.com.au/shop/productdetails/862908/lee-kum-kee-gluten-free-soy-sauce-soy-sauce,https://cdn0.woolworths.media/content/wowproductimages/medium/862908.jpg,2020-09-21 17:27:05,,0,,True
0312632a-63ad-40b7-b4a4-67d290152f87,Woolworths Supermarket,Pantry,Tcc Coconut Cream 400ml,862909,$2.00,$0.50 / 100G,https://www.woolworths.com.au/shop/productdetails/862909/tcc-coconut-cream,https://cdn0.woolworths.media/content/wowproductimages/medium/862909.jpg,2020-09-21 17:27:05,,0,,True
5374048f-303f-4df2-bb2d-443377a0cfdc,Woolworths Supermarket,Pantry,Edgell Edamame Bean Cans 4x125g,863919,$4.00,$0.80 / 100G,https://www.woolworths.com.au/shop/productdetails/863919/edgell-edamame-bean-cans,https://cdn0.woolworths.media/content/wowproductimages/medium/863919.jpg,2020-09-21 17:27:05,,0,,True
791ed0c7-34b6-48d9-8fdb-0b14b372497a,Woolworths Supermarket,Pantry,Edgell Black Bean Pouch 100g,864033,$1.50,$1.50 / 100G,https://www.woolworths.com.au/shop/productdetails/864033/edgell-black-bean-pouch,https://cdn0.woolworths.media/content/wowproductimages/medium/864033.jpg,2020-09-21 17:27:05,,0,,True
d32286fe-69ae-4d0a-8f8c-2112172f4d2f,Woolworths Supermarket,Pantry,Edgell Red Kidney Bean Pouch 100g,864048,$1.50,$1.50 / 100G,https://www.woolworths.com.au/shop/productdetails/864048/edgell-red-kidney-bean-pouch,https://cdn0.woolworths.media/content/wowproductimages/medium/864048.jpg,2020-09-21 17:27:05,,0,,True
d12439b1-8592-4d5e-9ad4-b2a5cbe67de2,Woolworths Supermarket,Pantry,Edgell Chick Pea Pouch 100g,864270,$1.50,$1.50 / 100G,https://www.woolworths.com.au/shop/productdetails/864270/edgell-chick-pea-pouch,https://cdn0.woolworths.media/content/wowproductimages/medium/864270.jpg,2020-09-21 17:27:05,,0,,True
1f273302-03a2-4e4d-87ff-8b5923d80a76,Woolworths Supermarket,Pantry,Kushi Jelly Drinks 75g x12 pack,864352,$2.00,$0.22 / 100G,https://www.woolworths.com.au/shop/productdetails/864352/kushi-jelly-drinks,https://cdn0.woolworths.media/content/wowproductimages/medium/864352.jpg,2020-09-21 17:27:05,,0,,True
d0150659-1d75-476b-9afa-2f4c9e435581,Woolworths Supermarket,Pantry,The Spice Tailor Thai Red Curry Kit 275g,866153,$4.00,$1.45 / 100G,https://www.woolworths.com.au/shop/productdetails/866153/the-spice-tailor-thai-red-curry-kit,https://cdn0.woolworths.media/content/wowproductimages/medium/866153.jpg,2020-09-21 17:27:05,,0,,True
c1780e74-14f2-4997-b7b1-7f131cb037f3,Woolworths Supermarket,Pantry,The Spice Tailor Indonesian Rendang Curry Kit 275g,866199,$4.00,$1.45 / 100G,https://www.woolworths.com.au/shop/productdetails/866199/the-spice-tailor-indonesian-rendang-curry-kit,https://cdn0.woolworths.media/content/wowproductimages/medium/866199.jpg,2020-09-21 17:27:05,,0,,True
c9e47f04-c6d9-41a9-883a-b3502a4e9994,Woolworths Supermarket,Pantry,Ardmona Organic Tomatoes Finely Crushed 400g,867055,$2.00,$5.00 / 1KG,https://www.woolworths.com.au/shop/productdetails/867055/ardmona-organic-tomatoes-finely-crushed,https://cdn0.woolworths.media/content/wowproductimages/medium/867055.jpg,2020-09-21 17:27:05,,0,,True
f441e519-2522-4be0-b88c-399a3b96a5a9,Woolworths Supermarket,Pantry,Huy Fong Chilli Paste Sambal Oelek 230ml,867174,$4.90,$2.13 / 100ML,https://www.woolworths.com.au/shop/productdetails/867174/huy-fong-chilli-paste-sambal-oelek,https://cdn0.woolworths.media/content/wowproductimages/medium/867174.jpg,2020-09-21 17:27:05,,0,,True
1073fa77-05c9-402b-82fb-d473a050e324,Woolworths Supermarket,Pantry,Carman's Super Berry Muesli Bars 6 pack,867812,$6.00,$2.22 / 100G,https://www.woolworths.com.au/shop/productdetails/867812/carman-s-super-berry-muesli-bars,https://cdn0.woolworths.media/content/wowproductimages/medium/867812.jpg,2020-09-21 17:27:05,,0,,True
fa758a1a-bca6-4a70-be13-4c836f9b39f9,Woolworths Supermarket,Pantry,Carman's Greek Yoghurt & Berry Protein Bars 5 pack,867857,$6.30,$3.15 / 100G,https://www.woolworths.com.au/shop/productdetails/867857/carman-s-greek-yoghurt-berry-protein-bars,https://cdn0.woolworths.media/content/wowproductimages/medium/867857.jpg,2020-09-21 17:27:05,,0,,True
6078b5e7-2923-4ead-b9fa-69aef7e86ef3,Woolworths Supermarket,Pantry,Carman's Cranberry & Blueberry Oat Slice 6 pack,867860,$6.00,$2.86 / 100G,https://www.woolworths.com.au/shop/productdetails/867860/carman-s-cranberry-blueberry-oat-slice,https://cdn0.woolworths.media/content/wowproductimages/medium/867860.jpg,2020-09-21 17:27:05,,0,,True
9c7f3da2-d3d8-4aff-ab5a-ec78817fa2fe,Woolworths Supermarket,Pantry,Nong Shim Shin Ramyun Instant Noodle Black 130g,868308,$3.10,$2.38 / 100G,https://www.woolworths.com.au/shop/productdetails/868308/nong-shim-shin-ramyun-instant-noodle-black,https://cdn0.woolworths.media/content/wowproductimages/medium/868308.jpg,2020-09-21 17:27:05,,0,,True
74847b29-544d-4942-b824-665aff46c858,Woolworths Supermarket,Pantry,Woolworths Free From Gluten Barbecue Flavoured Crackers 8 pack,868313,$4.00,$2.00 / 100G,https://www.woolworths.com.au/shop/productdetails/868313/woolworths-free-from-gluten-barbecue-flavoured-crackers,https://cdn0.woolworths.media/content/wowproductimages/medium/868313.jpg,2020-09-21 17:27:05,,0,Was $4.50 21/01/2019,True
814a37e4-40e8-445d-9afa-e0463a86a84d,Woolworths Supermarket,Pantry,Woolworths Free From Gluten Choc Chip Mini Cookies 8 pack,868314,$4.00,$2.00 / 100G,https://www.woolworths.com.au/shop/productdetails/868314/woolworths-free-from-gluten-choc-chip-mini-cookies,https://cdn0.woolworths.media/content/wowproductimages/medium/868314.jpg,2020-09-21 17:27:05,Average product rating out of 5: 4.8. Product score is based on 12 ratings,12,Was $4.50 21/01/2019,True
1dd54d07-bafc-4b24-84f1-d70d474c762a,Woolworths Supermarket,Pantry,Woolworths Free From Gluten Chocolate Scotch Finger 160g,868315,$2.70,$1.69 / 100G,https://www.woolworths.com.au/shop/productdetails/868315/woolworths-free-from-gluten-chocolate-scotch-finger,https://cdn0.woolworths.media/content/wowproductimages/medium/868315.jpg,2020-09-21 17:27:05,Average product rating out of 5: 4.0. Product score is based on 7 ratings,7,Was $3.00 01/03/2018,True
380b5c35-febf-4627-a306-47f12340d3ab,Woolworths Supermarket,Pantry,Woolworths Pistachio Nuts Roasted & Salted 400g,868699,$11.00,$27.50 / 1KG,https://www.woolworths.com.au/shop/productdetails/868699/woolworths-pistachio-nuts-roasted-salted,https://cdn0.woolworths.media/content/wowproductimages/medium/868699.jpg,2020-09-21 17:27:05,,0,,True
06ad62fd-ea42-4e16-bf11-f929dc4dc9a8,Woolworths Supermarket,Pantry,Macro Breakfast Bowl Acai Mixed Berry 60g,869070,$3.50,$5.83 / 100G,https://www.woolworths.com.au/shop/productdetails/869070/macro-breakfast-bowl-acai-mixed-berry,https://cdn0.woolworths.media/content/wowproductimages/medium/869070.jpg,2020-09-21 17:27:05,Average product rating out of 5: 2.4. Product score is based on 36 ratings,36,,True
a7dd5200-8edc-47f0-9a82-b24ad6826cba,Woolworths Supermarket,Pantry,Macro Breakfast Bowl Cacao Coconut 60g,869071,$3.50,$5.83 / 100G,https://www.woolworths.com.au/shop/productdetails/869071/macro-breakfast-bowl-cacao-coconut,https://cdn0.woolworths.media/content/wowproductimages/medium/869071.jpg,2020-09-21 17:27:05,Average product rating out of 5: 2.3. Product score is based on 39 ratings,39,,True
be58f7cc-4d15-42a3-ab56-1806e3fc8618,Woolworths Supermarket,Pantry,Macro Breakfast Bowl Mango Coconut 60g,869072,$3.50,$5.83 / 100G,https://www.woolworths.com.au/shop/productdetails/869072/macro-breakfast-bowl-mango-coconut,https://cdn0.woolworths.media/content/wowproductimages/medium/869072.jpg,2020-09-21 17:27:05,Average product rating out of 5: 5.0. Product score is based on 1 ratings,1,,True
e8edda07-539e-4ee1-844d-5b30ff878bcf,Woolworths Supermarket,Pantry,Macro Breakfast Muffin Hemp & Pumpkin 80g,869073,$3.50,$4.38 / 100G,https://www.woolworths.com.au/shop/productdetails/869073/macro-breakfast-muffin-hemp-pumpkin,https://cdn0.woolworths.media/content/wowproductimages/medium/869073.jpg,2020-09-21 17:27:05,Average product rating out of 5: 2.1. Product score is based on 284 ratings,284,,True
35ff08bd-d30b-4df9-9a88-872eb493c244,Woolworths Supermarket,Pantry,Macro Breakfast Muffin Lemon Berry & Coconut 80g,869074,$3.50,$4.38 / 100G,https://www.woolworths.com.au/shop/productdetails/869074/macro-breakfast-muffin-lemon-berry-coconut,https://cdn0.woolworths.media/content/wowproductimages/medium/869074.jpg,2020-09-21 17:27:05,Average product rating out of 5: 2.0. Product score is based on 361 ratings,361,,True
f02e883d-2877-4286-b83d-433b905935ae,Woolworths Supermarket,Pantry,Macro Breakfast Muffin Banana & Chia 80g,869075,$3.50,$4.38 / 100G,https://www.woolworths.com.au/shop/productdetails/869075/macro-breakfast-muffin-banana-chia,https://cdn0.woolworths.media/content/wowproductimages/medium/869075.jpg,2020-09-21 17:27:05,Average product rating out of 5: 2.1. Product score is based on 710 ratings,710,,True
ef021a7d-f99f-445a-9432-136bf7acb005,Woolworths Supermarket,Pantry,Macro Flavoured Textured Vegetable Protein Mexican 100g,869077,$4.00,$4.00 / 100G,https://www.woolworths.com.au/shop/productdetails/869077/macro-flavoured-textured-vegetable-protein-mexican,https://cdn0.woolworths.media/content/wowproductimages/medium/869077.jpg,2020-09-21 17:27:05,Average product rating out of 5: 3.6. Product score is based on 25 ratings,25,,True
b944f8a0-75a9-4709-bcdd-30459ef04ce1,Woolworths Supermarket,Pantry,Plantitude Vegan Mac & Cheeze Original 200g,869098,$6.00,$3.00 / 100G,https://www.woolworths.com.au/shop/productdetails/869098/plantitude-vegan-mac-cheeze-original,https://cdn0.woolworths.media/content/wowproductimages/medium/869098.jpg,2020-09-21 17:27:05,Average product rating out of 5: 2.4. Product score is based on 188 ratings,188,,True
2a343717-0a96-44bf-96fa-7fb4987a638e,Woolworths Supermarket,Pantry,Plantitude Vegan Mac & Cheeze Mushroom 200g,869207,$6.00,$3.00 / 100G,https://www.woolworths.com.au/shop/productdetails/869207/plantitude-vegan-mac-cheeze-mushroom,https://cdn0.woolworths.media/content/wowproductimages/medium/869207.jpg,2020-09-21 17:27:05,Average product rating out of 5: 3.4. Product score is based on 148 ratings,148,,True
90f90347-c280-4ddc-8534-f7013f94677d,Woolworths Supermarket,Pantry,Nutella & Go Hazelnut Spread With Breadsticks 48g,869235,$1.25,$2.60 / 100G,https://www.woolworths.com.au/shop/productdetails/869235/nutella-go-hazelnut-spread-with-breadsticks,https://cdn0.woolworths.media/content/wowproductimages/medium/869235.jpg,2020-09-21 17:27:05,,0,,True
79defb27-a0d1-47cc-98b3-e9e252b50333,Woolworths Supermarket,Pantry,Woolworths Smoked Oysters In Oil 85g,873018,$1.50,$17.65 / 1KG,https://www.woolworths.com.au/shop/productdetails/873018/woolworths-smoked-oysters-in-oil,https://cdn0.woolworths.media/content/wowproductimages/medium/873018.jpg,2020-09-21 17:27:05,Average product rating out of 5: 3.5. Product score is based on 529 ratings,529,,True
f255fbc3-8630-407f-88bd-5d865dbd281b,Woolworths Supermarket,Pantry,Woolworths Smoked Oysters In Springwater 85g,873019,$1.50,$17.65 / 1KG,https://www.woolworths.com.au/shop/productdetails/873019/woolworths-smoked-oysters-in-springwater,https://cdn0.woolworths.media/content/wowproductimages/medium/873019.jpg,2020-09-21 17:27:05,,0,,True
e6ee0789-9d53-470b-9afb-243349363bed,Woolworths Supermarket,Pantry,Woolworths Herring Fillets In Tomato Sauce 200g,873020,$2.00,$10.00 / 1KG,https://www.woolworths.com.au/shop/productdetails/873020/woolworths-herring-fillets-in-tomato-sauce,https://cdn0.woolworths.media/content/wowproductimages/medium/873020.jpg,2020-09-21 17:27:05,,0,,True
2250ed9a-3e15-49e8-87b4-9588fe409c46,Woolworths Supermarket,Pantry,Woolworths Herring Fillets In Mango Pepper Sauce 200g,873021,$2.00,$10.00 / 1KG,https://www.woolworths.com.au/shop/productdetails/873021/woolworths-herring-fillets-in-mango-pepper-sauce,https://cdn0.woolworths.media/content/wowproductimages/medium/873021.jpg,2020-09-21 17:27:05,,0,,True
017928e8-d50b-47c3-a6a6-43d3422dda27,Woolworths Supermarket,Pantry,Woolworths Smoked Mussels In Oil 85g,873023,$1.70,$20.00 / 1KG,https://www.woolworths.com.au/shop/productdetails/873023/woolworths-smoked-mussels-in-oil,https://cdn0.woolworths.media/content/wowproductimages/medium/873023.jpg,2020-09-21 17:27:05,,0,,True
4ed41243-d878-4ed1-944c-5c9af3696513,Woolworths Supermarket,Pantry,Doldori Seaweed Hot & Spicy 30g,874076,$3.00,$10.00 / 100G,https://www.woolworths.com.au/shop/productdetails/874076/doldori-seaweed-hot-spicy,https://cdn0.woolworths.media/content/wowproductimages/medium/874076.jpg,2020-09-21 17:27:05,,0,,True
cdfb6a36-a423-4177-80de-a860fccfcc66,Woolworths Supermarket,Pantry,Cadbury Creamy Hazelnut Crunch 170g,874215,$5.00,$2.94 / 100G,https://www.woolworths.com.au/shop/productdetails/874215/cadbury-creamy-hazelnut-crunch,https://cdn0.woolworths.media/content/wowproductimages/medium/874215.jpg,2020-09-21 17:27:05,,0,,True
f888d0cd-d207-47c3-bbbf-d789cedb8010,Woolworths Supermarket,Pantry,Cadbury Crispy Mint Creme 175g,874216,$5.00,$2.86 / 100G,https://www.woolworths.com.au/shop/productdetails/874216/cadbury-crispy-mint-creme,https://cdn0.woolworths.media/content/wowproductimages/medium/874216.jpg,2020-09-21 17:27:05,,0,,True
47fcef1b-a2a3-4817-bcdf-8f2861193a52,Woolworths Supermarket,Pantry,Mckenzie's Black Beans 375g,874927,,,https://www.woolworths.com.au/shop/productdetails/874927/mckenzie-s-black-beans,https://cdn0.woolworths.media/content/wowproductimages/medium/874927.jpg,2020-09-21 17:27:05,,0,,False
f8b6f584-5bc4-4a72-93f6-c2825a778414,Woolworths Supermarket,Pantry,Arnold's Farm Premium Blend Orange Cranberry & Cocoa Granola 500g,875161,$7.00,$1.40 / 100G,https://www.woolworths.com.au/shop/productdetails/875161/arnold-s-farm-premium-blend-orange-cranberry-cocoa-granola,https://cdn0.woolworths.media/content/wowproductimages/medium/875161.jpg,2020-09-21 17:27:05,,0,,True
0abac07b-a8b2-45be-a336-cb0d4946265e,Woolworths Supermarket,Pantry,Arnold's Farm Golden Syrup Porridge Sachets 8 pack,875354,$5.00,$1.49 / 100G,https://www.woolworths.com.au/shop/productdetails/875354/arnold-s-farm-golden-syrup-porridge-sachets,https://cdn0.woolworths.media/content/wowproductimages/medium/875354.jpg,2020-09-21 17:27:05,,0,,True
f4e3f517-9390-4393-ae1c-bfd454eaaeb3,Woolworths Supermarket,Pantry,Ito En Oi Ocha Green Tea Unsweetened 500ml,875796,$2.50,$0.50 / 100ML,https://www.woolworths.com.au/shop/productdetails/875796/ito-en-oi-ocha-green-tea-unsweetened,https://cdn0.woolworths.media/content/wowproductimages/medium/875796.jpg,2020-09-21 17:27:05,,0,,True
2a4015f3-fe6e-4d67-810e-a700bbdee515,Woolworths Supermarket,Pantry,Masterfoods Chipotle Taco Style Sauce 250ml,877943,$3.15,$1.26 / 100ML,https://www.woolworths.com.au/shop/productdetails/877943/masterfoods-chipotle-taco-style-sauce,https://cdn0.woolworths.media/content/wowproductimages/medium/877943.jpg,2020-09-21 17:27:05,,0,,True
71979bf3-4f51-4292-a249-27f00a0208a0,Woolworths Supermarket,Pantry,Masterfoods Garlic Kebab Sauce 250ml,877947,$3.15,$1.26 / 100ML,https://www.woolworths.com.au/shop/productdetails/877947/masterfoods-garlic-kebab-sauce,https://cdn0.woolworths.media/content/wowproductimages/medium/877947.jpg,2020-09-21 17:27:05,,0,,True
da661211-8603-4059-93fa-9e377fda3674,Woolworths Supermarket,Pantry,Masterfoods Garlic & Chilli Sauce 250ml,878070,$3.15,$1.26 / 100ML,https://www.woolworths.com.au/shop/productdetails/878070/masterfoods-garlic-chilli-sauce,https://cdn0.woolworths.media/content/wowproductimages/medium/878070.jpg,2020-09-21 17:27:05,,0,,True
c8faff3f-8256-45c8-ba8a-6ecf902bd141,Woolworths Supermarket,Pantry,Essentials Breadcrumbs 750g,879124,$2.30,$0.31 / 100G,https://www.woolworths.com.au/shop/productdetails/879124/essentials-breadcrumbs,https://cdn0.woolworths.media/content/wowproductimages/medium/879124.jpg,2020-09-21 17:27:05,,0,,True
97b2330b-bcad-41c7-84da-19976722a5d0,Woolworths Supermarket,Pantry,Nando's Peri Peri Perinaise Mild 465g,880522,$6.00,$1.29 / 100G,https://www.woolworths.com.au/shop/productdetails/880522/nando-s-peri-peri-perinaise-mild,https://cdn0.woolworths.media/content/wowproductimages/medium/880522.jpg,2020-09-21 17:27:05,,0,,True
2e4e56a9-4c4f-4093-ac58-8f9ffbee6221,Woolworths Supermarket,Pantry,Bull's-eye Smokey Bacon Bbq Sauce 300ml,880527,$2.00,$0.67 / 100ML,https://www.woolworths.com.au/shop/productdetails/880527/bull-s-eye-smokey-bacon-bbq-sauce,https://cdn0.woolworths.media/content/wowproductimages/medium/880527.jpg,2020-09-21 17:27:05,,0,,True
0f37f4f6-788c-4394-845f-757539a01845,Woolworths Supermarket,Pantry,Birch & Waite Salad Dressing Greek Yoghurt Feta & Dill 250ml,883612,$5.00,$2.00 / 100ML,https://www.woolworths.com.au/shop/productdetails/883612/birch-waite-salad-dressing-greek-yoghurt-feta-dill,https://cdn0.woolworths.media/content/wowproductimages/medium/883612.jpg,2020-09-21 17:27:05,,0,,True
0b8b5cb2-fae5-4b08-b1f9-fe956768189e,Woolworths Supermarket,Pantry,Twinings Pure Camomile Tea Bags 80 pack,888464,$11.00,$0.14 / 1EA,https://www.woolworths.com.au/shop/productdetails/888464/twinings-pure-camomile-tea-bags,https://cdn0.woolworths.media/content/wowproductimages/medium/888464.jpg,2020-09-21 17:27:05,,0,,True
b90e9f90-e12f-49d9-a5dc-cb0d1f5588a1,Woolworths Supermarket,Pantry,Twinings Pure Peppermint Tea Bags 80 pack,888487,,,https://www.woolworths.com.au/shop/productdetails/888487/twinings-pure-peppermint-tea-bags,https://cdn0.woolworths.media/content/wowproductimages/medium/888487.jpg,2020-09-21 17:27:05,,0,,False
8b9065e1-df7b-473d-8184-d61440ad02d8,Woolworths Supermarket,Pantry,Macro Linseed 500g,892609,$3.30,$0.66 / 100G,https://www.woolworths.com.au/shop/productdetails/892609/macro-linseed,https://cdn0.woolworths.media/content/wowproductimages/medium/892609.jpg,2020-09-21 17:27:05,Average product rating out of 5: 4.9. Product score is based on 16 ratings,16,,True
ee5aa747-4c97-4a49-8520-3f86de36ed49,Woolworths Supermarket,Pantry,Le Phare Du Cap Bon Harissa Tube 70g,893028,$2.60,$0.37 / 10G,https://www.woolworths.com.au/shop/productdetails/893028/le-phare-du-cap-bon-harissa-tube,https://cdn0.woolworths.media/content/wowproductimages/medium/893028.jpg,2020-09-21 17:27:05,,0,,True
8ba7b58e-451b-4c5b-ad64-2587c63012c4,Woolworths Supermarket,Pantry,Milky Way Chocolate Bar 53g,893090,$1.50,$2.83 / 100G,https://www.woolworths.com.au/shop/productdetails/893090/milky-way-chocolate-bar,https://cdn0.woolworths.media/content/wowproductimages/medium/893090.jpg,2020-09-21 17:27:05,,0,,True
f3f38701-361d-471f-9d76-a048cfdab53a,Woolworths Supermarket,Pantry,Macro Organic Honey 400g,894688,$7.50,$1.88 / 100G,https://www.woolworths.com.au/shop/productdetails/894688/macro-organic-honey,https://cdn0.woolworths.media/content/wowproductimages/medium/894688.jpg,2020-09-21 17:27:05,Average product rating out of 5: 4.4. Product score is based on 316 ratings,316,,True
d4e932ab-a07e-48b5-8e2c-cda5fb7d6be5,Woolworths Supermarket,Pantry,Mazzetti Apple Cider Vinegar With Mother 500ml,895992,$4.15,$0.83 / 100ML,https://www.woolworths.com.au/shop/productdetails/895992/mazzetti-apple-cider-vinegar-with-mother,https://cdn0.woolworths.media/content/wowproductimages/medium/895992.jpg,2020-09-21 17:27:05,,0,,True
fcd3d5e8-b15c-4b52-b9a9-671ee8bd88c5,Woolworths Supermarket,Pantry,Woolworths Black Sesame Brown Rice Cracker 100g,897121,$1.35,$1.35 / 100G,https://www.woolworths.com.au/shop/productdetails/897121/woolworths-black-sesame-brown-rice-cracker,https://cdn0.woolworths.media/content/wowproductimages/medium/897121.jpg,2020-09-21 17:27:05,Average product rating out of 5: 4.3. Product score is based on 574 ratings,574,,True
74b2cd7f-ddaa-47d7-a045-991f05020289,Woolworths Supermarket,Pantry,Mckenzie's Chickpea Flour 330g,897407,$2.95,$8.94 / 1KG,https://www.woolworths.com.au/shop/productdetails/897407/mckenzie-s-chickpea-flour,https://cdn0.woolworths.media/content/wowproductimages/medium/897407.jpg,2020-09-21 17:27:05,,0,,True
b2d868b3-e78c-457b-8113-3d4834d84000,Woolworths Supermarket,Pantry,Woolworths Nut Oven Roasted Premium Mix 400g,900348,$15.00,$37.50 / 1KG,https://www.woolworths.com.au/shop/productdetails/900348/woolworths-nut-oven-roasted-premium-mix,https://cdn0.woolworths.media/content/wowproductimages/medium/900348.jpg,2020-09-21 17:27:05,,0,,True
aec5dbab-3969-4e0c-837b-e32e3649ec3e,Woolworths Supermarket,Pantry,Woolworths Nut Mix Natural Premium 400g,901093,$12.00,$30.00 / 1KG,https://www.woolworths.com.au/shop/productdetails/901093/woolworths-nut-mix-natural-premium,https://cdn0.woolworths.media/content/wowproductimages/medium/901093.jpg,2020-09-21 17:27:05,,0,,True
d4bb1b45-2171-49ea-805b-90533df90375,Woolworths Supermarket,Pantry,Woolworths Fruit & Nut Snack Seeds 400g,901141,$7.00,$17.50 / 1KG,https://www.woolworths.com.au/shop/productdetails/901141/woolworths-fruit-nut-snack-seeds,https://cdn0.woolworths.media/content/wowproductimages/medium/901141.jpg,2020-09-21 17:27:05,Average product rating out of 5: 4.2. Product score is based on 159 ratings,159,,True
1d491824-0bd7-4f6f-98ae-c4d8159b6d40,Woolworths Supermarket,Pantry,Carman's Super Berry Muesli Blueberry & Goji Muesli 500g,922530,$6.00,$1.20 / 100G,https://www.woolworths.com.au/shop/productdetails/922530/carman-s-super-berry-muesli-blueberry-goji-muesli,https://cdn0.woolworths.media/content/wowproductimages/medium/922530.jpg,2020-09-21 17:27:05,,0,,True
e93cc3b3-ee18-4a4b-b517-08f8ae4c2667,Woolworths Supermarket,Pantry,Gullon No Added Sugar Breakfast Biscuits Yoghurt 220g,923168,$4.40,$2.00 / 100G,https://www.woolworths.com.au/shop/productdetails/923168/gullon-no-added-sugar-breakfast-biscuits-yoghurt,https://cdn0.woolworths.media/content/wowproductimages/medium/923168.jpg,2020-09-21 17:27:05,Average product rating out of 5: 4.0. Product score is based on 4 ratings,4,,True
51f162be-3ced-49e2-9e96-3cd00949daca,Woolworths Supermarket,Pantry,Kellogg's Crunchy Nut Cornflakes Breakfast Cereal 670g,924075,$8.50,$1.27 / 100G,https://www.woolworths.com.au/shop/productdetails/924075/kellogg-s-crunchy-nut-cornflakes-breakfast-cereal,https://cdn0.woolworths.media/content/wowproductimages/medium/924075.jpg,2020-09-21 17:27:05,,0,,True
32a54f99-ed75-4e20-8903-d9846edc51cc,Woolworths Supermarket,Pantry,Nescafe Dolce Gusto Coffee Capsules Ristretto Ardenza 16 pack,926541,$8.50,$0.53 / 1EA,https://www.woolworths.com.au/shop/productdetails/926541/nescafe-dolce-gusto-coffee-capsules-ristretto-ardenza,https://cdn0.woolworths.media/content/wowproductimages/medium/926541.jpg,2020-09-21 17:27:05,,0,,True
3dbc3e46-8339-4998-a5d1-5cbd1b1ce5f1,Woolworths Supermarket,Pantry,Mamee Noodle Snacks Bbq 8pk 200g,926640,$3.15,$1.58 / 100G,https://www.woolworths.com.au/shop/productdetails/926640/mamee-noodle-snacks-bbq-8pk,https://cdn0.woolworths.media/content/wowproductimages/medium/926640.jpg,2020-09-21 17:27:05,,0,2 for $5.00,True
96873c3d-eeec-41c3-a9c7-268c141e938c,Woolworths Supermarket,Pantry,Mamee Noodle Snacks Chicken 8pk 200g,926796,$3.15,$1.58 / 100G,https://www.woolworths.com.au/shop/productdetails/926796/mamee-noodle-snacks-chicken-8pk,https://cdn0.woolworths.media/content/wowproductimages/medium/926796.jpg,2020-09-21 17:27:05,,0,2 for $5.00,True
720ee1ec-d269-49b8-a4c0-fcf70a8c3288,Woolworths Supermarket,Pantry,Vege Chips Deli Crisps Lentil Lightly Salted 100g,927666,$5.50,$5.50 / 100G,https://www.woolworths.com.au/shop/productdetails/927666/vege-chips-deli-crisps-lentil-lightly-salted,https://cdn0.woolworths.media/content/wowproductimages/medium/927666.jpg,2020-09-21 17:27:05,Average product rating out of 5: 3.9. Product score is based on 30 ratings,30,,True
ea3b4b71-3762-4694-93ff-ba541e6d527d,Woolworths Supermarket,Pantry,Vege Chips Deli Crisps Turmeric & Cheese 100g,927679,$5.50,$5.50 / 100G,https://www.woolworths.com.au/shop/productdetails/927679/vege-chips-deli-crisps-turmeric-cheese,https://cdn0.woolworths.media/content/wowproductimages/medium/927679.jpg,2020-09-21 17:27:05,Average product rating out of 5: 4.4. Product score is based on 23 ratings,23,,True
87675222-628f-4507-876e-77797623ed38,Woolworths Supermarket,Pantry,The Happy Snack Company Roasted Chick Peas Lightly Salted 6x25g,927881,$4.20,$2.80 / 100G,https://www.woolworths.com.au/shop/productdetails/927881/the-happy-snack-company-roasted-chick-peas-lightly-salted,https://cdn0.woolworths.media/content/wowproductimages/medium/927881.jpg,2020-09-21 17:27:05,Average product rating out of 5: 4.5. Product score is based on 28 ratings,28,,True
93d8f1b1-1a01-4c80-8334-1229a7bbfdc6,Woolworths Supermarket,Pantry,Always Fresh Medi French Duck Fat 200g,929292,$6.70,$3.35 / 100G,https://www.woolworths.com.au/shop/productdetails/929292/always-fresh-medi-french-duck-fat,https://cdn0.woolworths.media/content/wowproductimages/medium/929292.jpg,2020-09-21 17:27:05,,0,,True
f0dfb287-4f5e-4664-b48e-639c683d6e02,Woolworths Supermarket,Pantry,Always Fresh Medi Anchovy Fillets 100g,929634,$5.00,$50.00 / 1KG,https://www.woolworths.com.au/shop/productdetails/929634/always-fresh-medi-anchovy-fillets,https://cdn0.woolworths.media/content/wowproductimages/medium/929634.jpg,2020-09-21 17:27:05,,0,,True
65e52e26-e73c-4f50-abbe-1f285a907e6c,Woolworths Supermarket,Pantry,Edgell Black Beans 400g,930176,$1.50,$3.75 / 1KG,https://www.woolworths.com.au/shop/productdetails/930176/edgell-black-beans,https://cdn0.woolworths.media/content/wowproductimages/medium/930176.jpg,2020-09-21 17:27:05,,0,Was $1.95 14/05/2018,True
dd53a984-5a16-40e8-94be-86cf271d6b43,Woolworths Supermarket,Pantry,Twinings Camomile Tea Bags 10 pack,931157,$2.70,$0.27 / 1EA,https://www.woolworths.com.au/shop/productdetails/931157/twinings-camomile-tea-bags,https://cdn0.woolworths.media/content/wowproductimages/medium/931157.jpg,2020-09-21 17:27:05,,0,,True
69efb692-4e64-46bb-ab21-abf9f867cfe1,Woolworths Supermarket,Pantry,Twinings Tea Bags Lemon & Ginger 80 pack,931160,$11.00,$0.14 / 1EA,https://www.woolworths.com.au/shop/productdetails/931160/twinings-tea-bags-lemon-ginger,https://cdn0.woolworths.media/content/wowproductimages/medium/931160.jpg,2020-09-21 17:27:05,,0,,True
11a96c8a-cb73-4572-a174-c0c5acb60b20,Woolworths Supermarket,Pantry,Moccona Coffee Sachets Vanilla Latte 150g 10pk,931469,$4.50,$3.00 / 100G,https://www.woolworths.com.au/shop/productdetails/931469/moccona-coffee-sachets-vanilla-latte,https://cdn0.woolworths.media/content/wowproductimages/medium/931469.jpg,2020-09-21 17:27:05,,0,Was $5.59 14/11/16,True
09565836-db61-4ab3-898b-7591d869ead7,Woolworths Supermarket,Pantry,India Gate Basmati Exotic 5kg,932151,$20.00,$0.40 / 100G,https://www.woolworths.com.au/shop/productdetails/932151/india-gate-basmati-exotic,https://cdn0.woolworths.media/content/wowproductimages/medium/932151.jpg,2020-09-21 17:27:05,,0,,True
ea25c457-7005-4dc3-aa37-d12501994ca6,Woolworths Supermarket,Pantry,The Happy Snack Company Fav-va Beans Lightly Salted 6x25g,932505,$4.20,$2.80 / 100G,https://www.woolworths.com.au/shop/productdetails/932505/the-happy-snack-company-fav-va-beans-lightly-salted,https://cdn0.woolworths.media/content/wowproductimages/medium/932505.jpg,2020-09-21 17:27:05,Average product rating out of 5: 4.8. Product score is based on 19 ratings,19,,True
b598a10f-e55f-486c-b4d6-d56c18e0a071,Woolworths Supermarket,Pantry,The Happy Snack Company Roasted Chick Peas Lightly Salted 200g,932509,$4.40,$2.20 / 100G,https://www.woolworths.com.au/shop/productdetails/932509/the-happy-snack-company-roasted-chick-peas-lightly-salted,https://cdn0.woolworths.media/content/wowproductimages/medium/932509.jpg,2020-09-21 17:27:05,Average product rating out of 5: 4.2. Product score is based on 15 ratings,15,,True
6eadb92f-641a-4c70-8fcb-e2ab91f589a4,Woolworths Supermarket,Pantry,Coco Earth Premium Liquid Coconut Oil 500ml,937713,$12.00,$2.40 / 100ML,https://www.woolworths.com.au/shop/productdetails/937713/coco-earth-premium-liquid-coconut-oil,https://cdn0.woolworths.media/content/wowproductimages/medium/937713.jpg,2020-09-21 17:27:05,,0,,True
64fbbc4d-46ef-46f7-b942-22dacc6434a5,Woolworths Supermarket,Pantry,Smooze Pink Guava & Coconut 8x65ml,939228,$6.50,$10.00 / 100G,https://www.woolworths.com.au/shop/productdetails/939228/smooze-pink-guava-coconut,https://cdn0.woolworths.media/content/wowproductimages/medium/939228.jpg,2020-09-21 17:27:05,,0,,True
7d70b1a1-e882-4dd6-897e-adbaab5bebf2,Woolworths Supermarket,Pantry,Smooze Mango & Coconut 8x65ml,939282,$6.50,$1.25 / 100ML,https://www.woolworths.com.au/shop/productdetails/939282/smooze-mango-coconut,https://cdn0.woolworths.media/content/wowproductimages/medium/939282.jpg,2020-09-21 17:27:05,,0,,True
c33ced00-15e3-48e2-ac8b-3bc0815f9829,Woolworths Supermarket,Pantry,Smooze Pineapple & Coconut 8x65ml,939334,$6.50,$1.25 / 100ML,https://www.woolworths.com.au/shop/productdetails/939334/smooze-pineapple-coconut,https://cdn0.woolworths.media/content/wowproductimages/medium/939334.jpg,2020-09-21 17:27:05,,0,,True
bcd7d30d-f428-4993-b6a4-57f7a28cb6d4,Woolworths Supermarket,Pantry,Smooze Simply Coconut 8x65ml,939336,$6.50,$1.25 / 100ML,https://www.woolworths.com.au/shop/productdetails/939336/smooze-simply-coconut,https://cdn0.woolworths.media/content/wowproductimages/medium/939336.jpg,2020-09-21 17:27:05,,0,,True
941a8815-189b-4b7c-8eb9-457ff7dbf3f0,Woolworths Supermarket,Pantry,Gourmet Garden Lightly Dried Ginger 12g,939449,$3.50,$2.92 / 10G,https://www.woolworths.com.au/shop/productdetails/939449/gourmet-garden-lightly-dried-ginger,https://cdn0.woolworths.media/content/wowproductimages/medium/939449.jpg,2020-09-21 17:27:05,,0,,True
b9286a69-9b4a-4d56-89c4-b3588eca466b,Woolworths Supermarket,Pantry,Double D Gummy Bears Sugar Free 90g bag,939991,$2.60,$2.89 / 100G,https://www.woolworths.com.au/shop/productdetails/939991/double-d-gummy-bears-sugar-free,https://cdn0.woolworths.media/content/wowproductimages/medium/939991.jpg,2020-09-21 17:27:05,,0,,True
26fefcf3-ed8c-4d3c-8991-0f5060e3958a,Woolworths Supermarket,Pantry,Red Seal Blood Orange Hot Or Cold Brew Tea 20 pack,940396,$3.00,$0.15 / 1EA,https://www.woolworths.com.au/shop/productdetails/940396/red-seal-blood-orange-hot-or-cold-brew-tea,https://cdn0.woolworths.media/content/wowproductimages/medium/940396.jpg,2020-09-21 17:27:05,,0,,True
47947022-1e1c-472f-b673-864aee6ded90,Woolworths Supermarket,Pantry,Woolworths Yellowfin Tuna In Springwater 95g,941583,$1.30,$13.68 / 1KG,https://www.woolworths.com.au/shop/productdetails/941583/woolworths-yellowfin-tuna-in-springwater,https://cdn0.woolworths.media/content/wowproductimages/medium/941583.jpg,2020-09-21 17:27:05,,0,,True
f3ceceb2-8c0c-4009-8d7f-e5735df6fe71,Woolworths Supermarket,Pantry,Woolworths Yellowfin Tuna In Oil 95g,941584,$1.30,$13.68 / 1KG,https://www.woolworths.com.au/shop/productdetails/941584/woolworths-yellowfin-tuna-in-oil,https://cdn0.woolworths.media/content/wowproductimages/medium/941584.jpg,2020-09-21 17:27:05,,0,,True
a7587af8-71c0-4b41-9c0b-9c58caf69fad,Woolworths Supermarket,Pantry,Woolworths Yellowfin Tuna In Chilli & Oil 95g,941586,$1.30,$13.68 / 1KG,https://www.woolworths.com.au/shop/productdetails/941586/woolworths-yellowfin-tuna-in-chilli-oil,https://cdn0.woolworths.media/content/wowproductimages/medium/941586.jpg,2020-09-21 17:27:05,,0,,True
a219f8d2-7723-4f4b-a26a-6c5a20e74b50,Woolworths Supermarket,Pantry,Woolworths Yellowfin Tuna In Springwater 185g,941588,$2.00,$10.81 / 1KG,https://www.woolworths.com.au/shop/productdetails/941588/woolworths-yellowfin-tuna-in-springwater,https://cdn0.woolworths.media/content/wowproductimages/medium/941588.jpg,2020-09-21 17:27:05,,0,,True
2c5a6bb1-ae2a-458c-b22e-fc052ad73b32,Woolworths Supermarket,Pantry,Woolworths Yellowfin Tuna In Oil 185g,941590,$2.00,$10.81 / 1KG,https://www.woolworths.com.au/shop/productdetails/941590/woolworths-yellowfin-tuna-in-oil,https://cdn0.woolworths.media/content/wowproductimages/medium/941590.jpg,2020-09-21 17:27:05,,0,,True
f662cbf1-1a70-40bc-94e9-147838cff823,Woolworths Supermarket,Pantry,Woolworths Yellowfin Tuna In Springwater 425g,941591,$4.00,$9.41 / 1KG,https://www.woolworths.com.au/shop/productdetails/941591/woolworths-yellowfin-tuna-in-springwater,https://cdn0.woolworths.media/content/wowproductimages/medium/941591.jpg,2020-09-21 17:27:05,,0,,True
763b2ac3-3195-479e-aaf9-faa011aae02a,Woolworths Supermarket,Pantry,Woolworths Yellowfin Tuna In Oil 425g,941593,$4.00,$9.41 / 1KG,https://www.woolworths.com.au/shop/productdetails/941593/woolworths-yellowfin-tuna-in-oil,https://cdn0.woolworths.media/content/wowproductimages/medium/941593.jpg,2020-09-21 17:27:05,,0,,True
f9f05a7a-f62c-4629-be05-b0e0cfdd0aeb,Woolworths Supermarket,Pantry,Riviana Bamboo Shoots 230g,943232,$1.75,$7.61 / 1KG,https://www.woolworths.com.au/shop/productdetails/943232/riviana-bamboo-shoots,https://cdn0.woolworths.media/content/wowproductimages/medium/943232.jpg,2020-09-21 17:27:05,,0,,True
8ed1e26b-e30b-4a30-9042-b6fd73b35c76,Woolworths Supermarket,Pantry,Riviana Bean Sprouts 200g,943285,$1.75,$8.75 / 1KG,https://www.woolworths.com.au/shop/productdetails/943285/riviana-bean-sprouts,https://cdn0.woolworths.media/content/wowproductimages/medium/943285.jpg,2020-09-21 17:27:05,,0,,True
87666f6d-f6ff-44e7-af8d-58eca32d3c11,Woolworths Supermarket,Pantry,Riviana Sliced Water Chestnuts 230g,943302,$1.75,$7.61 / 1KG,https://www.woolworths.com.au/shop/productdetails/943302/riviana-sliced-water-chestnuts,https://cdn0.woolworths.media/content/wowproductimages/medium/943302.jpg,2020-09-21 17:27:05,,0,,True
6d51c7c3-1d70-4f84-a5d7-2b909388c924,Woolworths Supermarket,Pantry,Gourmet Garden Herb Paste Chunky Garlic 80g,948488,$3.50,$0.44 / 10G,https://www.woolworths.com.au/shop/productdetails/948488/gourmet-garden-herb-paste-chunky-garlic,https://cdn0.woolworths.media/content/wowproductimages/medium/948488.jpg,2020-09-21 17:27:05,,0,,True
09042b05-0e7a-41ef-bb7f-fad548453e2b,Woolworths Supermarket,Pantry,Gourmet Garden Paste Garlic 80g,948491,$3.50,$0.44 / 10G,https://www.woolworths.com.au/shop/productdetails/948491/gourmet-garden-paste-garlic,https://cdn0.woolworths.media/content/wowproductimages/medium/948491.jpg,2020-09-21 17:27:05,,0,,True
57d27196-cdba-45b1-ae0a-d693a8b1f428,Woolworths Supermarket,Pantry,Gourmet Garden Paste Basil 80g,948505,$3.50,$4.38 / 100G,https://www.woolworths.com.au/shop/productdetails/948505/gourmet-garden-paste-basil,https://cdn0.woolworths.media/content/wowproductimages/medium/948505.jpg,2020-09-21 17:27:05,,0,,True
22fa360b-9589-479a-b898-ab9b06aad1a8,Woolworths Supermarket,Pantry,Gourmet Garden Paste Chilli Mild 80g,948507,$3.50,$0.44 / 10G,https://www.woolworths.com.au/shop/productdetails/948507/gourmet-garden-paste-chilli-mild,https://cdn0.woolworths.media/content/wowproductimages/medium/948507.jpg,2020-09-21 17:27:05,,0,,True
53a5a953-71bb-4480-bcb6-7424bdc14986,Woolworths Supermarket,Pantry,Gourmet Garden Paste Coriander 80g,948509,$3.50,$0.44 / 10G,https://www.woolworths.com.au/shop/productdetails/948509/gourmet-garden-paste-coriander,https://cdn0.woolworths.media/content/wowproductimages/medium/948509.jpg,2020-09-21 17:27:05,,0,,True
27c22a43-6bdc-44f6-960c-45fea04825bc,Woolworths Supermarket,Pantry,Gourmet Garden Paste Ginger 80g,948511,$3.50,$4.38 / 100G,https://www.woolworths.com.au/shop/productdetails/948511/gourmet-garden-paste-ginger,https://cdn0.woolworths.media/content/wowproductimages/medium/948511.jpg,2020-09-21 17:27:05,,0,,True
1992fb3a-5ef7-406a-b68f-6d2fc2982f85,Woolworths Supermarket,Pantry,Hershey's Strawberry Syrup 623g,948512,$4.00,$0.64 / 100G,https://www.woolworths.com.au/shop/productdetails/948512/hershey-s-strawberry-syrup,https://cdn0.woolworths.media/content/wowproductimages/medium/948512.jpg,2020-09-21 17:27:05,,0,,True
587e5201-5a17-4636-87f3-e3ec54add0fa,Woolworths Supermarket,Pantry,Gourmet Garden Paste Italian 80g,948513,$3.50,$4.38 / 100G,https://www.woolworths.com.au/shop/productdetails/948513/gourmet-garden-paste-italian,https://cdn0.woolworths.media/content/wowproductimages/medium/948513.jpg,2020-09-21 17:27:05,,0,,True
9c0e51e8-5716-4e28-8b5c-2412cd548c52,Woolworths Supermarket,Pantry,Gourmet Garden Paste Parsley 80g,948515,$3.50,$4.38 / 100G,https://www.woolworths.com.au/shop/productdetails/948515/gourmet-garden-paste-parsley,https://cdn0.woolworths.media/content/wowproductimages/medium/948515.jpg,2020-09-21 17:27:05,,0,,True
0f76d6ce-f97d-472f-ad96-2cfaf7ffae4f,Woolworths Supermarket,Pantry,Hershey's Caramel Syrup 623g,948517,$4.00,$0.64 / 100G,https://www.woolworths.com.au/shop/productdetails/948517/hershey-s-caramel-syrup,https://cdn0.woolworths.media/content/wowproductimages/medium/948517.jpg,2020-09-21 17:27:05,,0,,True
7d436f4f-d6cd-4bb5-a473-6f76790be668,Woolworths Supermarket,Pantry,Gourmet Garden Paste Lemongrass 80g,948525,$3.50,$4.38 / 100G,https://www.woolworths.com.au/shop/productdetails/948525/gourmet-garden-paste-lemongrass,https://cdn0.woolworths.media/content/wowproductimages/medium/948525.jpg,2020-09-21 17:27:05,,0,,True
7132cda0-527a-4148-9bf8-a129cc20a637,Woolworths Supermarket,Pantry,Capilano Honey Upside Down 340g,954138,$6.60,$1.94 / 100G,https://www.woolworths.com.au/shop/productdetails/954138/capilano-honey-upside-down,https://cdn0.woolworths.media/content/wowproductimages/medium/954138.jpg,2020-09-21 17:27:05,,0,,True
4771a3dc-1863-4071-ac36-ac478b3c24dd,Woolworths Supermarket,Pantry,Nice & Natural Chocolate Nut Bar Apricot 180g x6 pack,954210,$3.00,$1.67 / 100G,https://www.woolworths.com.au/shop/productdetails/954210/nice-natural-chocolate-nut-bar-apricot,https://cdn0.woolworths.media/content/wowproductimages/medium/954210.jpg,2020-09-21 17:27:05,,0,,True
b665acf5-86c1-416e-adaa-a98bf7ea09e0,Woolworths Supermarket,Pantry,Leggos Stir Through Tomato Garlic & Caramelised Onion 350g,957033,$4.00,$1.14 / 100G,https://www.woolworths.com.au/shop/productdetails/957033/leggos-stir-through-tomato-garlic-caramelised-onion,https://cdn0.woolworths.media/content/wowproductimages/medium/957033.jpg,2020-09-21 17:27:05,,0,,True
484a0834-284c-4c16-83db-ce6d501f80e1,Woolworths Supermarket,Pantry,Leggos Providore Tomato & Onion 400g,957588,$5.00,$1.25 / 100G,https://www.woolworths.com.au/shop/productdetails/957588/leggos-providore-tomato-onion,https://cdn0.woolworths.media/content/wowproductimages/medium/957588.jpg,2020-09-21 17:27:05,,0,,True
f244309e-15b2-4f6c-86f4-2e327812bf58,Woolworths Supermarket,Pantry,Leggos Providore Tomato & Pepper 400g,957591,$5.00,$1.25 / 100G,https://www.woolworths.com.au/shop/productdetails/957591/leggos-providore-tomato-pepper,https://cdn0.woolworths.media/content/wowproductimages/medium/957591.jpg,2020-09-21 17:27:05,,0,,True
d94bd0ed-37ca-4384-8b91-d86f2d8ce647,Woolworths Supermarket,Pantry,Leggos Providore Tomato & Grilled Vegetable 400g,957592,$5.00,$1.25 / 100G,https://www.woolworths.com.au/shop/productdetails/957592/leggos-providore-tomato-grilled-vegetable,https://cdn0.woolworths.media/content/wowproductimages/medium/957592.jpg,2020-09-21 17:27:05,,0,,True
c9ca8e1c-c60c-4f4e-afc6-9e456f8e10cd,Woolworths Supermarket,Pantry,Leggos Providore Tomato & Chilli 400g,957594,$5.00,$1.25 / 100G,https://www.woolworths.com.au/shop/productdetails/957594/leggos-providore-tomato-chilli,https://cdn0.woolworths.media/content/wowproductimages/medium/957594.jpg,2020-09-21 17:27:05,,0,,True
4b3e1987-f5de-410a-9911-c0d936abaafa,Woolworths Supermarket,Pantry,Leggos Providore Pesto Italian Basil 195g,957604,$5.00,$2.56 / 100G,https://www.woolworths.com.au/shop/productdetails/957604/leggos-providore-pesto-italian-basil,https://cdn0.woolworths.media/content/wowproductimages/medium/957604.jpg,2020-09-21 17:27:05,,0,Was $5.99 31/10/16,True
4e4ac67e-2e2e-4901-a51b-6aa53b5ef0e5,Woolworths Supermarket,Pantry,Leggos Providore Tomato Pesto 195g,957606,$5.00,$2.56 / 100G,https://www.woolworths.com.au/shop/productdetails/957606/leggos-providore-tomato-pesto,https://cdn0.woolworths.media/content/wowproductimages/medium/957606.jpg,2020-09-21 17:27:05,,0,Was $5.99 31/10/16,True
e3ba0509-cbcc-461e-accc-7d5aa7e41ecc,Woolworths Supermarket,Pantry,Riviana Crabmeat 170g,959439,$4.30,$25.29 / 1KG,https://www.woolworths.com.au/shop/productdetails/959439/riviana-crabmeat,https://cdn0.woolworths.media/content/wowproductimages/medium/959439.jpg,2020-09-21 17:27:05,,0,,True
1e113e27-a9fa-44ab-aaf4-51f7d1fa7084,Woolworths Supermarket,Pantry,Riviana Baby Prawns 200g,959446,$3.45,$17.25 / 1KG,https://www.woolworths.com.au/shop/productdetails/959446/riviana-baby-prawns,https://cdn0.woolworths.media/content/wowproductimages/medium/959446.jpg,2020-09-21 17:27:05,,0,,True
669e9569-d707-4890-afc4-da4246a16e39,Woolworths Supermarket,Pantry,Don Antonio Pasta Sauce Sugo Al Basilico 500g,963209,$6.00,$1.20 / 100G,https://www.woolworths.com.au/shop/productdetails/963209/don-antonio-pasta-sauce-sugo-al-basilico,https://cdn0.woolworths.media/content/wowproductimages/medium/963209.jpg,2020-09-21 17:27:05,,0,,True
589871c1-c35b-45bd-82da-5f57284671fa,Woolworths Supermarket,Pantry,Tas Coconut Water 500ml,964749,$2.10,$4.20 / 1L,https://www.woolworths.com.au/shop/productdetails/964749/tas-coconut-water,https://cdn0.woolworths.media/content/wowproductimages/medium/964749.jpg,2020-09-21 17:27:05,,0,,True
250a192b-eb75-4dc6-9333-df53b1c8fd2e,Woolworths Supermarket,Pantry,Simply Wize Gnocchi Pumpkin 500g,965117,,,https://www.woolworths.com.au/shop/productdetails/965117/simply-wize-gnocchi-pumpkin,https://cdn0.woolworths.media/content/wowproductimages/medium/965117.jpg,2020-09-21 17:27:05,Average product rating out of 5: 4.6. Product score is based on 22 ratings,22,,False
2a39eef2-6a4e-4019-8650-ae446f983242,Woolworths Supermarket,Pantry,Macro Chia Seed Black & White 150g,965281,$5.00,$3.33 / 100G,https://www.woolworths.com.au/shop/productdetails/965281/macro-chia-seed-black-white,https://cdn0.woolworths.media/content/wowproductimages/medium/965281.jpg,2020-09-21 17:27:05,Average product rating out of 5: 4.9. Product score is based on 9 ratings,9,,True
edfa93f2-b20e-4803-8a33-2d6df259d3b5,Woolworths Supermarket,Pantry,San Remo Wholemeal Cous Cous 500g,966478,$2.20,$0.44 / 100G,https://www.woolworths.com.au/shop/productdetails/966478/san-remo-wholemeal-cous-cous,https://cdn0.woolworths.media/content/wowproductimages/medium/966478.jpg,2020-09-21 17:27:05,,0,,True
76180de0-3340-4653-95bc-44addd7b12fe,Woolworths Supermarket,Pantry,Edgell Creamed Corn 300g,966526,$1.30,$4.33 / 1KG,https://www.woolworths.com.au/shop/productdetails/966526/edgell-creamed-corn,https://cdn0.woolworths.media/content/wowproductimages/medium/966526.jpg,2020-09-21 17:27:05,,0,Was $1.70 18/11/2019,True
86d1c0e3-5d51-47f7-8363-5e784d14910e,Woolworths Supermarket,Pantry,Edgell Corn Kernels 300g,966533,$1.30,$4.33 / 1KG,https://www.woolworths.com.au/shop/productdetails/966533/edgell-corn-kernels,https://cdn0.woolworths.media/content/wowproductimages/medium/966533.jpg,2020-09-21 17:27:05,,0,Was $1.75 18/11/2019,True
bd909e8e-0c8a-48fa-a11a-35b2777aa65e,Woolworths Supermarket,Pantry,Bhuja Ancient Grains Mix 140g,969729,$4.00,$2.86 / 100G,https://www.woolworths.com.au/shop/productdetails/969729/bhuja-ancient-grains-mix,https://cdn0.woolworths.media/content/wowproductimages/medium/969729.jpg,2020-09-21 17:27:05,,0,,True
68baaf92-5b92-4770-b252-d9e88ff068e1,Woolworths Supermarket,Pantry,Ritz Mini Multipack 150g,971576,$2.50,$1.67 / 100G,https://www.woolworths.com.au/shop/productdetails/971576/ritz-mini-multipack,https://cdn0.woolworths.media/content/wowproductimages/medium/971576.jpg,2020-09-21 17:27:05,,0,,True
df8de00f-2cf5-4da6-b86a-f860a7655258,Woolworths Supermarket,Pantry,Paramount Salmon Pink 415g,001469,$7.00,$16.87 / 1KG,https://www.woolworths.com.au/shop/productdetails/1469/paramount-salmon-pink,https://cdn0.woolworths.media/content/wowproductimages/medium/001469.jpg,2020-09-21 17:27:05,,0,,True
22b9e246-2b7f-4427-963b-1dfa8d474a73,Woolworths Supermarket,Pantry,Naturally Good Bars Carob Buckwheat 2x25g,004251,$1.30,$2.60 / 100G,https://www.woolworths.com.au/shop/productdetails/4251/naturally-good-bars-carob-buckwheat,https://cdn0.woolworths.media/content/wowproductimages/medium/004251.jpg,2020-09-21 17:27:05,Average product rating out of 5: 3.9. Product score is based on 7 ratings,7,,True
e7364f93-a7d2-46e7-85b6-046e12ca5c3b,Woolworths Supermarket,Pantry,San Remo Spirals Vegeroni 375g,006177,$2.60,$0.69 / 100G,https://www.woolworths.com.au/shop/productdetails/6177/san-remo-spirals-vegeroni,https://cdn0.woolworths.media/content/wowproductimages/medium/006177.jpg,2020-09-21 17:27:05,,0,,True
4f0035f4-8299-4f3f-ada9-875f9b4e2b76,Woolworths Supermarket,Pantry,Zafarelli Penne Rigati Pasta No 18 500g,009010,$2.00,$0.40 / 100G,https://www.woolworths.com.au/shop/productdetails/9010/zafarelli-penne-rigati-pasta-no-18,https://cdn0.woolworths.media/content/wowproductimages/medium/009010.jpg,2020-09-21 17:27:05,,0,,True
4fd4d04e-d648-414a-91de-1cd3bb1a58ba,Woolworths Supermarket,Pantry,Zafarelli Fusilli Pasta No 17 500g,009011,$2.00,$0.40 / 100G,https://www.woolworths.com.au/shop/productdetails/9011/zafarelli-fusilli-pasta-no-17,https://cdn0.woolworths.media/content/wowproductimages/medium/009011.jpg,2020-09-21 17:27:05,,0,,True
a1703e77-58a0-4b6e-b2a5-0dd2bee1c40b,Woolworths Supermarket,Pantry,Zafarelli Spaghetti No4 500g,009014,$2.00,$0.40 / 100G,https://www.woolworths.com.au/shop/productdetails/9014/zafarelli-spaghetti-no4,https://cdn0.woolworths.media/content/wowproductimages/medium/009014.jpg,2020-09-21 17:27:05,,0,,True
89cf15a5-2a9e-4214-9805-54b8a82d2aa2,Woolworths Supermarket,Pantry,Woolworths Swiss Style Bircher Muesli 750g,011705,$3.50,$0.47 / 100G,https://www.woolworths.com.au/shop/productdetails/11705/woolworths-swiss-style-bircher-muesli,https://cdn0.woolworths.media/content/wowproductimages/medium/011705.jpg,2020-09-21 17:27:05,,0,Was $3.85 17/05/2018,True
b8bc6467-490a-471d-9d37-47dc18ea1477,Woolworths Supermarket,Pantry,Atkins Low Carb Bread Mix 400g,016988,$6.35,$1.59 / 100G,https://www.woolworths.com.au/shop/productdetails/16988/atkins-low-carb-bread-mix,https://cdn0.woolworths.media/content/wowproductimages/medium/016988.jpg,2020-09-21 17:27:05,Average product rating out of 5: 4.3. Product score is based on 24 ratings,24,,True
9a7e6be4-bae0-45fe-b81b-b01ce03395ab,Woolworths Supermarket,Pantry,Uncle Tobys Oats Quick Porridge 500g,031129,$4.25,$0.85 / 100G,https://www.woolworths.com.au/shop/productdetails/31129/uncle-tobys-oats-quick-porridge,https://cdn0.woolworths.media/content/wowproductimages/medium/031129.jpg,2020-09-21 17:27:05,,0,,True
7dd6f37f-5224-4659-908a-afdee4d561fe,Woolworths Supermarket,Pantry,Ceres Organic Chickpea Crisps Turmeric & Black Pepper 100g,036467,$3.50,$3.50 / 100G,https://www.woolworths.com.au/shop/productdetails/36467/ceres-organic-chickpea-crisps-turmeric-black-pepper,https://cdn0.woolworths.media/content/wowproductimages/medium/036467.jpg,2020-09-21 17:27:05,Average product rating out of 5: 4.3. Product score is based on 4 ratings,4,,True
62f37fc1-ac2e-4f32-a125-e8da64ef3393,Woolworths Supermarket,Pantry,Queen Organic Vanilla Essence 100ml,037420,$7.00,$0.70 / 10ML,https://www.woolworths.com.au/shop/productdetails/37420/queen-organic-vanilla-essence,https://cdn0.woolworths.media/content/wowproductimages/medium/037420.jpg,2020-09-21 17:27:05,,0,,True
07c31292-7ebc-442f-9b3b-508ff1300365,Woolworths Supermarket,Pantry,San Remo Shells Small Pasta No 28 500g,039444,$2.60,$0.52 / 100G,https://www.woolworths.com.au/shop/productdetails/39444/san-remo-shells-small-pasta-no-28,https://cdn0.woolworths.media/content/wowproductimages/medium/039444.jpg,2020-09-21 17:27:05,,0,,True
b0653518-c2b8-4d11-82da-161e6ac95663,Woolworths Supermarket,Pantry,San Remo Thin Spaghetti No. 4 500g,043973,$2.60,$0.52 / 100G,https://www.woolworths.com.au/shop/productdetails/43973/san-remo-thin-spaghetti-no-4,https://cdn0.woolworths.media/content/wowproductimages/medium/043973.jpg,2020-09-21 17:27:05,,0,,True
bc071ece-f46c-4911-89d6-5d997b620611,Woolworths Supermarket,Pantry,San Remo Spaghetti Tube Pasta No 6 500g,043975,$2.60,$0.52 / 100G,https://www.woolworths.com.au/shop/productdetails/43975/san-remo-spaghetti-tube-pasta-no-6,https://cdn0.woolworths.media/content/wowproductimages/medium/043975.jpg,2020-09-21 17:27:05,,0,,True
a24f4e66-e63f-440e-aace-8c77bbea9857,Woolworths Supermarket,Pantry,Red Rock Deli Mixed Nut Balsamic Vinegar And Chilli 100g,054683,$2.00,$20.00 / 1KG,https://www.woolworths.com.au/shop/productdetails/54683/red-rock-deli-mixed-nut-balsamic-vinegar-and-chilli,https://cdn0.woolworths.media/content/wowproductimages/medium/054683.jpg,2020-09-21 17:27:05,,0,,True
91b704eb-e425-43f3-981e-0afe52a4a21e,Woolworths Supermarket,Pantry,Mr Hamfrey's Microwavable Pork Crackle Original 35g,055412,$3.50,$10.00 / 100G,https://www.woolworths.com.au/shop/productdetails/55412/mr-hamfrey-s-microwavable-pork-crackle-original,https://cdn0.woolworths.media/content/wowproductimages/medium/055412.jpg,2020-09-21 17:27:05,,0,,True
a358a15c-26db-450f-b884-a6364664ecba,Woolworths Supermarket,Pantry,Sam's Pantry Nut Butter Granola With Vine Fruits 450g,058251,$3.50,$0.78 / 100G,https://www.woolworths.com.au/shop/productdetails/58251/sam-s-pantry-nut-butter-granola-with-vine-fruits,https://cdn0.woolworths.media/content/wowproductimages/medium/058251.jpg,2020-09-21 17:27:05,Average product rating out of 5: 4.5. Product score is based on 190 ratings,190,,True
5e654cf9-3fa3-4b44-aac4-ef8975938495,Woolworths Supermarket,Pantry,Sam's Pantry Berry & Chia Bircher With Pink Lady Apple Natural Muesli 500g,058313,$3.50,$0.70 / 100G,https://www.woolworths.com.au/shop/productdetails/58313/sam-s-pantry-berry-chia-bircher-with-pink-lady-apple-natural-muesli,https://cdn0.woolworths.media/content/wowproductimages/medium/058313.jpg,2020-09-21 17:27:05,Average product rating out of 5: 4.1. Product score is based on 164 ratings,164,,True
739a8629-7464-466a-817c-6b0362647d45,Woolworths Supermarket,Pantry,Sam's Pantry Baked Caramel Granola With Multigrain 450g,058321,$3.50,$0.78 / 100G,https://www.woolworths.com.au/shop/productdetails/58321/sam-s-pantry-baked-caramel-granola-with-multigrain,https://cdn0.woolworths.media/content/wowproductimages/medium/058321.jpg,2020-09-21 17:27:05,Average product rating out of 5: 4.1. Product score is based on 267 ratings,267,,True
08f707c7-92c4-43ef-9eba-f762377fc276,Woolworths Supermarket,Pantry,Woolworths Salted Cashew Pieces 200g,058660,$4.10,$20.50 / 1KG,https://www.woolworths.com.au/shop/productdetails/58660/woolworths-salted-cashew-pieces,https://cdn0.woolworths.media/content/wowproductimages/medium/058660.jpg,2020-09-21 17:27:05,Average product rating out of 5: 4.4. Product score is based on 197 ratings,197,,True
b4beccba-e52d-4a9a-9873-a332b8f435f7,Woolworths Supermarket,Pantry,Gourmet Garden Herb Tube Ginger 115g,059809,,,https://www.woolworths.com.au/shop/productdetails/59809/gourmet-garden-herb-tube-ginger,https://cdn0.woolworths.media/content/wowproductimages/medium/059809.jpg,2020-09-21 17:27:05,,0,,False
e0b42200-d1c5-45d9-b39e-3206f8137307,Woolworths Supermarket,Pantry,Pico Chocolate Super Dark 80g,060042,$4.00,$5.00 / 100G,https://www.woolworths.com.au/shop/productdetails/60042/pico-chocolate-super-dark,https://cdn0.woolworths.media/content/wowproductimages/medium/060042.jpg,2020-09-21 17:27:05,Average product rating out of 5: 4.7. Product score is based on 9 ratings,9,,True
21daf4e5-e55e-490d-8b94-35d2b584d6c1,Woolworths Supermarket,Pantry,Pico Chocolate Salted Caramel 80g,061003,$4.00,$5.00 / 100G,https://www.woolworths.com.au/shop/productdetails/61003/pico-chocolate-salted-caramel,https://cdn0.woolworths.media/content/wowproductimages/medium/061003.jpg,2020-09-21 17:27:05,Average product rating out of 5: 4.9. Product score is based on 14 ratings,14,,True
38662bab-d3b7-4bff-bdce-13dec005fb26,Woolworths Supermarket,Pantry,Macro Golden Berries 200g,061833,$8.00,$4.00 / 100G,https://www.woolworths.com.au/shop/productdetails/61833/macro-golden-berries,https://cdn0.woolworths.media/content/wowproductimages/medium/061833.jpg,2020-09-21 17:27:05,Average product rating out of 5: 3.7. Product score is based on 208 ratings,208,,True
5546615d-82c9-4da4-bf78-cad01a75fac4,Woolworths Supermarket,Pantry,Macro Nuts About Onion 30g,061836,$1.00,$3.33 / 100G,https://www.woolworths.com.au/shop/productdetails/61836/macro-nuts-about-onion,https://cdn0.woolworths.media/content/wowproductimages/medium/061836.jpg,2020-09-21 17:27:05,Average product rating out of 5: 3.3. Product score is based on 181 ratings,181,,True
f6dc5651-4384-465f-8ac0-f4a5834d3cd6,Woolworths Supermarket,Pantry,Macro Tempting Tamari 30g,061838,$0.60,$2.00 / 100G,https://www.woolworths.com.au/shop/productdetails/61838/macro-tempting-tamari,https://cdn0.woolworths.media/content/wowproductimages/medium/061838.jpg,2020-09-21 17:27:05,Average product rating out of 5: 3.4. Product score is based on 194 ratings,194,,True
7d30fb50-2699-4ffe-b6bf-bf7a2bbd6bcb,Woolworths Supermarket,Pantry,Well Naturally No Sugar Added Chocolate Coconut 45g,061981,$2.00,$4.44 / 100G,https://www.woolworths.com.au/shop/productdetails/61981/well-naturally-no-sugar-added-chocolate-coconut,https://cdn0.woolworths.media/content/wowproductimages/medium/061981.jpg,2020-09-21 17:27:05,Average product rating out of 5: 4.0. Product score is based on 2 ratings,2,,True
2a6005d7-86ee-46d7-802e-da006b71dbd8,Woolworths Supermarket,Pantry,Connect Foods Roast Black Beans Pink Himalayan Salt 125g,062826,$4.00,$3.20 / 100G,https://www.woolworths.com.au/shop/productdetails/62826/connect-foods-roast-black-beans-pink-himalayan-salt,https://cdn0.woolworths.media/content/wowproductimages/medium/062826.jpg,2020-09-21 17:27:05,Average product rating out of 5: 3.7. Product score is based on 7 ratings,7,,True
094760a1-fc34-4002-a445-d9f55af6358f,Woolworths Supermarket,Pantry,Kez's Kitchen Gluten Free Raspberry Moments 190g,062854,$7.00,$3.68 / 100G,https://www.woolworths.com.au/shop/productdetails/62854/kez-s-kitchen-gluten-free-raspberry-moments,https://cdn0.woolworths.media/content/wowproductimages/medium/062854.jpg,2020-09-21 17:27:05,Average product rating out of 5: 4.3. Product score is based on 18 ratings,18,,True
b5fd3673-207b-4bb2-96c1-98bd6debfb61,Woolworths Supermarket,Pantry,Connect Foods Roast Black Beans Cocoa & Sea Salt 125g,062865,$4.00,$3.20 / 100G,https://www.woolworths.com.au/shop/productdetails/62865/connect-foods-roast-black-beans-cocoa-sea-salt,https://cdn0.woolworths.media/content/wowproductimages/medium/062865.jpg,2020-09-21 17:27:05,Average product rating out of 5: 3.0. Product score is based on 1 ratings,1,,True
0b369418-11ad-4fb9-83ea-5c912548c5b3,Woolworths Supermarket,Pantry,Go Natural Probiotic Chips Bbq 100g,063504,$2.50,$2.50 / 100G,https://www.woolworths.com.au/shop/productdetails/63504/go-natural-probiotic-chips-bbq,https://cdn0.woolworths.media/content/wowproductimages/medium/063504.jpg,2020-09-21 17:27:05,Average product rating out of 5: 5.0. Product score is based on 1 ratings,1,,True
a9c2ca39-e95e-49c2-bc09-52d07970b7af,Woolworths Supermarket,Pantry,Pana Organic White Chocolate & Salted Caramel 45g,063775,$6.00,$13.33 / 100G,https://www.woolworths.com.au/shop/productdetails/63775/pana-organic-white-chocolate-salted-caramel,https://cdn0.woolworths.media/content/wowproductimages/medium/063775.jpg,2020-09-21 17:27:05,Average product rating out of 5: 3.0. Product score is based on 9 ratings,9,Was $7.00 24/05/2018,True
5564e8fe-255c-472d-9c0f-85be89f2ffd7,Woolworths Supermarket,Pantry,Connect Foods Pumpkin Seeds Cocoa & Sea Salt 125g,063793,$3.50,$2.80 / 100G,https://www.woolworths.com.au/shop/productdetails/63793/connect-foods-pumpkin-seeds-cocoa-sea-salt,https://cdn0.woolworths.media/content/wowproductimages/medium/063793.jpg,2020-09-21 17:27:05,Average product rating out of 5: 4.7. Product score is based on 3 ratings,3,,True
1e15e82e-c8bf-4399-88b9-452890c0cd6f,Woolworths Supermarket,Pantry,Connect Foods Seaweed Chips Mild Chilli 30g,064148,$4.00,$13.33 / 100G,https://www.woolworths.com.au/shop/productdetails/64148/connect-foods-seaweed-chips-mild-chilli,https://cdn0.woolworths.media/content/wowproductimages/medium/064148.jpg,2020-09-21 17:27:05,Average product rating out of 5: 3.3. Product score is based on 3 ratings,3,,True
590fb927-3f26-425e-a93b-b5c99953bd4e,Woolworths Supermarket,Pantry,Connect Foods Pumpkin Seeds Pink Himalayan Salt 125g,064172,$3.50,$2.80 / 100G,https://www.woolworths.com.au/shop/productdetails/64172/connect-foods-pumpkin-seeds-pink-himalayan-salt,https://cdn0.woolworths.media/content/wowproductimages/medium/064172.jpg,2020-09-21 17:27:05,Average product rating out of 5: 5.0. Product score is based on 6 ratings,6,,True
50b27db7-059e-4c11-8e4e-e089f9e09e43,Woolworths Supermarket,Pantry,The Bar Counter Plant Protein Almond Blueberry 40g,064187,$2.00,$5.00 / 100G,https://www.woolworths.com.au/shop/productdetails/64187/the-bar-counter-plant-protein-almond-blueberry,https://cdn0.woolworths.media/content/wowproductimages/medium/064187.jpg,2020-09-21 17:27:05,Average product rating out of 5: 5.0. Product score is based on 2 ratings,2,,True
2e977483-23bb-4785-af85-34c46c951c9e,Woolworths Supermarket,Pantry,Pico Coconut Milk Vegan Chocolate 80g,064189,$4.00,$5.00 / 100G,https://www.woolworths.com.au/shop/productdetails/64189/pico-coconut-milk-vegan-chocolate,https://cdn0.woolworths.media/content/wowproductimages/medium/064189.jpg,2020-09-21 17:27:05,Average product rating out of 5: 4.9. Product score is based on 12 ratings,12,,True
bfe31416-2c49-4d3b-a58c-68a431fe26dc,Woolworths Supermarket,Pantry,Tasti Smooshed Balls Cacao Brownie 207g,065173,$6.50,$3.14 / 100G,https://www.woolworths.com.au/shop/productdetails/65173/tasti-smooshed-balls-cacao-brownie,https://cdn0.woolworths.media/content/wowproductimages/medium/065173.jpg,2020-09-21 17:27:05,Average product rating out of 5: 5.0. Product score is based on 10 ratings,10,Was $7.00 01/10/2018,True
b4dced52-9bc0-4e17-a63e-af7b30d547bd,Woolworths Supermarket,Pantry,The Bar Counter Plant Protein Dark Choc Coconut 40g,065686,$2.00,$5.00 / 100G,https://www.woolworths.com.au/shop/productdetails/65686/the-bar-counter-plant-protein-dark-choc-coconut,https://cdn0.woolworths.media/content/wowproductimages/medium/065686.jpg,2020-09-21 17:27:05,Average product rating out of 5: 5.0. Product score is based on 4 ratings,4,,True
1a0eeb69-2da5-4a44-aca3-f540ff210b86,Woolworths Supermarket,Pantry,Arnold's Farm Prebiotic Muesli Apple & Caramel 500g,065796,$7.00,$1.75 / 100G,https://www.woolworths.com.au/shop/productdetails/65796/arnold-s-farm-prebiotic-muesli-apple-caramel,https://cdn0.woolworths.media/content/wowproductimages/medium/065796.jpg,2020-09-21 17:27:05,,0,,True
0afec073-bcb4-49f1-b2de-8ad6ee53f18f,Woolworths Supermarket,Pantry,Betty Crocker Salted Caramel Frosting 400g,066130,$4.00,$1.00 / 100G,https://www.woolworths.com.au/shop/productdetails/66130/betty-crocker-salted-caramel-frosting,https://cdn0.woolworths.media/content/wowproductimages/medium/066130.jpg,2020-09-21 17:27:05,,0,,True
51f200f9-fa7b-4d11-bcc8-6a6341f9e731,Woolworths Supermarket,Pantry,Go Natural Savoury Bars Almond Cashews 45g,068189,$1.95,$4.33 / 100G,https://www.woolworths.com.au/shop/productdetails/68189/go-natural-savoury-bars-almond-cashews,https://cdn0.woolworths.media/content/wowproductimages/medium/068189.jpg,2020-09-21 17:27:05,Average product rating out of 5: 5.0. Product score is based on 1 ratings,1,,True
5a347980-39e5-4a86-8249-04b28c665f7c,Woolworths Supermarket,Pantry,Queen Metallic Icing Writing Gel 5 pack,068712,$5.00,$4.76 / 100G,https://www.woolworths.com.au/shop/productdetails/68712/queen-metallic-icing-writing-gel,https://cdn0.woolworths.media/content/wowproductimages/medium/068712.jpg,2020-09-21 17:27:05,,0,,True
2f721fa4-b082-45c6-945d-549ec7f3683d,Woolworths Supermarket,Pantry,Dollar Sweets Party Cups 18 18 pack,069844,$3.50,$350.00 / 100EA,https://www.woolworths.com.au/shop/productdetails/69844/dollar-sweets-party-cups-18,https://cdn0.woolworths.media/content/wowproductimages/medium/069844.jpg,2020-09-21 17:27:05,,0,,True
d114e9d1-952b-4851-9b61-be06e4b2c351,Woolworths Supermarket,Pantry,Macro Organic Adzuki Beans 420g,070432,$1.30,$0.31 / 100G,https://www.woolworths.com.au/shop/productdetails/70432/macro-organic-adzuki-beans,https://cdn0.woolworths.media/content/wowproductimages/medium/070432.jpg,2020-09-21 17:27:05,,0,,True
0a91e8da-27af-448d-8d23-30e3720f96c6,Woolworths Supermarket,Pantry,Iddy Biddy Avengers Fruit Snacks 160g,072702,$2.50,$1.56 / 100G,https://www.woolworths.com.au/shop/productdetails/72702/iddy-biddy-avengers-fruit-snacks,https://cdn0.woolworths.media/content/wowproductimages/medium/072702.jpg,2020-09-21 17:27:05,,0,,True
895d0086-2fc0-4b86-a86d-e7b43f669682,Woolworths Supermarket,Pantry,Iddy Biddy Pj Masks Fruit Snacks 160g,072713,$2.50,$1.56 / 100G,https://www.woolworths.com.au/shop/productdetails/72713/iddy-biddy-pj-masks-fruit-snacks,https://cdn0.woolworths.media/content/wowproductimages/medium/072713.jpg,2020-09-21 17:27:05,,0,,True
88b87ebc-561d-4ea1-9e8d-8ec7d7b99a19,Woolworths Supermarket,Pantry,San Remo Lasagne Pasta Large 250g,074076,$2.50,$1.00 / 100G,https://www.woolworths.com.au/shop/productdetails/74076/san-remo-lasagne-pasta-large,https://cdn0.woolworths.media/content/wowproductimages/medium/074076.jpg,2020-09-21 17:27:05,,0,,True
73fffd62-d010-431f-9026-7f4081cc9931,Woolworths Supermarket,Pantry,La Molisana Pastifico Extra Di Lusso Egg Lasagne 250g,074801,$3.00,$1.20 / 100G,https://www.woolworths.com.au/shop/productdetails/74801/la-molisana-pastifico-extra-di-lusso-egg-lasagne,https://cdn0.woolworths.media/content/wowproductimages/medium/074801.jpg,2020-09-21 17:27:05,,0,,True
9e9ad2b5-f42e-4884-9d32-18a981d07062,Woolworths Supermarket,Pantry,Go Natural Bar Fruit And Nut With Yoghurt 50g,076140,$1.95,$3.90 / 100G,https://www.woolworths.com.au/shop/productdetails/76140/go-natural-bar-fruit-and-nut-with-yoghurt,https://cdn0.woolworths.media/content/wowproductimages/medium/076140.jpg,2020-09-21 17:27:05,Average product rating out of 5: 4.0. Product score is based on 1 ratings,1,,True
7afc4cda-09da-4e42-94b7-cef4b2bc1666,Woolworths Supermarket,Pantry,Allen's Bites Mini Chocolate Bananas 120g,076616,$4.50,$3.75 / 100G,https://www.woolworths.com.au/shop/productdetails/76616/allen-s-bites-mini-chocolate-bananas,https://cdn0.woolworths.media/content/wowproductimages/medium/076616.jpg,2020-09-21 17:27:05,,0,2 for $7.00,True
68392e63-d0fd-40bd-a60a-42aa84781218,Woolworths Supermarket,Pantry,Patak's Paste Curry Madras 283g,076940,$5.50,$1.94 / 100G,https://www.woolworths.com.au/shop/productdetails/76940/patak-s-paste-curry-madras,https://cdn0.woolworths.media/content/wowproductimages/medium/076940.jpg,2020-09-21 17:27:05,,0,,True
f479d817-e67d-461d-bac0-7fb4ab73bf3a,Woolworths Supermarket,Pantry,Barilla Bows Farfalle Pasta No 65 500g,077498,$1.70,$0.34 / 100G,https://www.woolworths.com.au/shop/productdetails/77498/barilla-bows-farfalle-pasta-no-65,https://cdn0.woolworths.media/content/wowproductimages/medium/077498.jpg,2020-09-21 17:27:05,,0,,True
51284abd-bb5b-4b1b-9798-981a217b855c,Woolworths Supermarket,Pantry,Sam's Pantry Rich Hot Choc Porridge Sachets 8 pack,078286,$5.00,$1.49 / 100G,https://www.woolworths.com.au/shop/productdetails/78286/sam-s-pantry-rich-hot-choc-porridge-sachets,https://cdn0.woolworths.media/content/wowproductimages/medium/078286.jpg,2020-09-21 17:27:05,Average product rating out of 5: 3.6. Product score is based on 126 ratings,126,,True
4491f17b-6359-4d71-9651-a8f6ff06fd04,Woolworths Supermarket,Pantry,Sam's Pantry Creamy Warm Vanilla Porridge Sachets 8 pack,078313,$5.00,$1.49 / 100G,https://www.woolworths.com.au/shop/productdetails/78313/sam-s-pantry-creamy-warm-vanilla-porridge-sachets,https://cdn0.woolworths.media/content/wowproductimages/medium/078313.jpg,2020-09-21 17:27:05,Average product rating out of 5: 4.1. Product score is based on 269 ratings,269,,True
e2b827f0-8480-4612-b9b4-0c99c424102c,Woolworths Supermarket,Pantry,Sam's Pantry Scorched Honey Almond Porridge Sachets 8 pack,078315,$5.00,$1.49 / 100G,https://www.woolworths.com.au/shop/productdetails/78315/sam-s-pantry-scorched-honey-almond-porridge-sachets,https://cdn0.woolworths.media/content/wowproductimages/medium/078315.jpg,2020-09-21 17:27:05,Average product rating out of 5: 4.0. Product score is based on 173 ratings,173,,True
a6eac9a9-ff94-49af-8d0d-a71769da4c8e,Woolworths Supermarket,Pantry,Go Natural Bars Nut Delight 40g,079949,$1.95,$4.88 / 100G,https://www.woolworths.com.au/shop/productdetails/79949/go-natural-bars-nut-delight,https://cdn0.woolworths.media/content/wowproductimages/medium/079949.jpg,2020-09-21 17:27:05,Average product rating out of 5: 5.0. Product score is based on 5 ratings,5,,True
41c77a74-f8cf-4863-9a5b-d3f3cee17978,Woolworths Supermarket,Pantry,Off The Eaten Path Pea & Pinto Bean Sticks Cheddar & Chives 100g,082043,$2.00,$2.00 / 100G,https://www.woolworths.com.au/shop/productdetails/82043/off-the-eaten-path-pea-pinto-bean-sticks-cheddar-chives,https://cdn0.woolworths.media/content/wowproductimages/medium/082043.jpg,2020-09-21 17:27:05,Average product rating out of 5: 5.0. Product score is based on 1 ratings,1,,True
b808d8bf-c48a-4dfb-9a6f-1800cd0e8246,Woolworths Supermarket,Pantry,Calbee Harvest Snaps Black Bean Dill Pickle 85g,082142,$3.00,$35.29 / 1KG,https://www.woolworths.com.au/shop/productdetails/82142/calbee-harvest-snaps-black-bean-dill-pickle,https://cdn0.woolworths.media/content/wowproductimages/medium/082142.jpg,2020-09-21 17:27:05,,0,,True
c9658e3d-7d36-4aa0-a639-89bf0f0240ed,Woolworths Supermarket,Pantry,Calbee Harvest Snaps Black Bean Cheddar & Jalapeno 85g,082825,$3.00,$35.29 / 1KG,https://www.woolworths.com.au/shop/productdetails/82825/calbee-harvest-snaps-black-bean-cheddar-jalapeno,https://cdn0.woolworths.media/content/wowproductimages/medium/082825.jpg,2020-09-21 17:27:05,,0,,True
03bfc0e8-91f5-413c-ade7-815cd52969e7,Woolworths Supermarket,Pantry,Golden Days Fruit Snacks Bites Apricot 5x40g,082835,$4.50,$2.25 / 100G,https://www.woolworths.com.au/shop/productdetails/82835/golden-days-fruit-snacks-bites-apricot,https://cdn0.woolworths.media/content/wowproductimages/medium/082835.jpg,2020-09-21 17:27:05,Average product rating out of 5: 4.8. Product score is based on 20 ratings,20,,True
ce098ef1-507d-4eed-a43d-36f712782a74,Woolworths Supermarket,Pantry,Health Lab Peanut Butter Choc Hemp Energy Ball 5 pack,083256,$12.00,$6.00 / 100G,https://www.woolworths.com.au/shop/productdetails/83256/health-lab-peanut-butter-choc-hemp-energy-ball,https://cdn0.woolworths.media/content/wowproductimages/medium/083256.jpg,2020-09-21 17:27:05,,0,,True
70ba455e-e484-4b6d-a402-da8856594ddc,Woolworths Supermarket,Pantry,Connect Foods Coconut Bites Original 40g,083281,$3.00,$7.50 / 100G,https://www.woolworths.com.au/shop/productdetails/83281/connect-foods-coconut-bites-original,https://cdn0.woolworths.media/content/wowproductimages/medium/083281.jpg,2020-09-21 17:27:05,Average product rating out of 5: 5.0. Product score is based on 1 ratings,1,,True
90af9b68-2901-4b49-b914-42e2a5a7b454,Woolworths Supermarket,Pantry,Woolworths Panko Bread Crumbs 220g,083295,$1.75,$0.08 / 10G,https://www.woolworths.com.au/shop/productdetails/83295/woolworths-panko-bread-crumbs,https://cdn0.woolworths.media/content/wowproductimages/medium/083295.jpg,2020-09-21 17:27:05,,0,,True
c9bf38c3-40f6-48b1-b4b9-d61b49142526,Woolworths Supermarket,Pantry,Queen Salted Caramel Flavour 50ml,083590,$2.00,$0.40 / 10ML,https://www.woolworths.com.au/shop/productdetails/83590/queen-salted-caramel-flavour,https://cdn0.woolworths.media/content/wowproductimages/medium/083590.jpg,2020-09-21 17:27:05,,0,,True
a5265149-9729-4b03-8818-e5becfd37ed0,Woolworths Supermarket,Pantry,Barilla Penne Rigate Pasta No 73 500g,083764,$1.70,$0.34 / 100G,https://www.woolworths.com.au/shop/productdetails/83764/barilla-penne-rigate-pasta-no-73,https://cdn0.woolworths.media/content/wowproductimages/medium/083764.jpg,2020-09-21 17:27:05,,0,,True
e7c89ccf-9605-409e-8640-442e8cb0e3ab,Woolworths Supermarket,Pantry,Sunsol Pro-biotic Crunchy Clusters Apple & Almond 400g,083851,$7.00,$1.75 / 100G,https://www.woolworths.com.au/shop/productdetails/83851/sunsol-pro-biotic-crunchy-clusters-apple-almond,https://cdn0.woolworths.media/content/wowproductimages/medium/083851.jpg,2020-09-21 17:27:05,,0,,True
b9e867fc-e74a-4ddc-8134-37b3a0c709a3,Woolworths Supermarket,Pantry,Plant Life Food Co. Nut Bar Granola Peanut Crunch 400g,083970,$8.00,$2.00 / 100G,https://www.woolworths.com.au/shop/productdetails/83970/plant-life-food-co-nut-bar-granola-peanut-crunch,https://cdn0.woolworths.media/content/wowproductimages/medium/083970.jpg,2020-09-21 17:27:05,,0,,True
6e452aeb-4bfa-488a-a83b-963866b7ebda,Woolworths Supermarket,Pantry,Connect Foods Coconut Bites Cocoa 40g,083982,$3.00,$7.50 / 100G,https://www.woolworths.com.au/shop/productdetails/83982/connect-foods-coconut-bites-cocoa,https://cdn0.woolworths.media/content/wowproductimages/medium/083982.jpg,2020-09-21 17:27:05,Average product rating out of 5: 5.0. Product score is based on 1 ratings,1,,True
86b4861b-b334-4e83-9d01-6726fb98d3cf,Woolworths Supermarket,Pantry,Sunsol Pro-biotic Almond Cashew & Chia Toasted Muesli 400g,084958,$7.00,$1.75 / 100G,https://www.woolworths.com.au/shop/productdetails/84958/sunsol-pro-biotic-almond-cashew-chia-toasted-muesli,https://cdn0.woolworths.media/content/wowproductimages/medium/084958.jpg,2020-09-21 17:27:05,,0,,True
55cc1426-ede7-427a-baa1-d787c3a3260d,Woolworths Supermarket,Pantry,Carman's Fibre Rich Porridge Sachets Super Seed & Vanilla Bean 6 pack,085096,$6.00,$2.50 / 100G,https://www.woolworths.com.au/shop/productdetails/85096/carman-s-fibre-rich-porridge-sachets-super-seed-vanilla-bean,https://cdn0.woolworths.media/content/wowproductimages/medium/085096.jpg,2020-09-21 17:27:05,,0,,True
83b230c5-3362-4bf1-bdab-10a195057d1a,Woolworths Supermarket,Pantry,Carman's Crispy Deluxe Berry Vanilla & Coconut Muesli 400g,085097,$5.00,$1.25 / 100G,https://www.woolworths.com.au/shop/productdetails/85097/carman-s-crispy-deluxe-berry-vanilla-coconut-muesli,https://cdn0.woolworths.media/content/wowproductimages/medium/085097.jpg,2020-09-21 17:27:05,,0,,True
319a6082-c2d4-4151-97dd-85e697506949,Woolworths Supermarket,Pantry,Mama Pork Flavour Instant Noodles Jumbo Pack 90g x5 pack,085168,$3.95,$0.88 / 100G,https://www.woolworths.com.au/shop/productdetails/85168/mama-pork-flavour-instant-noodles-jumbo-pack,https://cdn0.woolworths.media/content/wowproductimages/medium/085168.jpg,2020-09-21 17:27:05,,0,,True
63762068-2495-4675-a060-a045fea32ffb,Woolworths Supermarket,Pantry,Freedom Foods Arnold's Farm Vanilla & Toasted Coconut Clusters 850g,085434,$5.00,$0.59 / 100G,https://www.woolworths.com.au/shop/productdetails/85434/freedom-foods-arnold-s-farm-vanilla-toasted-coconut-clusters,https://cdn0.woolworths.media/content/wowproductimages/medium/085434.jpg,2020-09-21 17:27:05,,0,,True
c82355a1-06f9-4dcb-8b2d-68313bc5b240,Woolworths Supermarket,Pantry,Freedom Foods Arnold's Farm Almond Raspberry Porridge Sachets 8 pack,085631,$5.00,$1.49 / 100G,https://www.woolworths.com.au/shop/productdetails/85631/freedom-foods-arnold-s-farm-almond-raspberry-porridge-sachets,https://cdn0.woolworths.media/content/wowproductimages/medium/085631.jpg,2020-09-21 17:27:05,,0,,True
bf801c73-e19d-457e-869e-b36468e95d06,Woolworths Supermarket,Pantry,Plant Life Food Co. Nut Bar Granola Cherry Coconut 400g,085920,$8.00,$2.00 / 100G,https://www.woolworths.com.au/shop/productdetails/85920/plant-life-food-co-nut-bar-granola-cherry-coconut,https://cdn0.woolworths.media/content/wowproductimages/medium/085920.jpg,2020-09-21 17:27:05,,0,,True
ef79ce83-b35a-41ae-a23f-8c64194579cb,Woolworths Supermarket,Pantry,Freedom Foods Prebiotic Berry Coconut Clusters 360g,086363,$5.00,$1.39 / 100G,https://www.woolworths.com.au/shop/productdetails/86363/freedom-foods-prebiotic-berry-coconut-clusters,https://cdn0.woolworths.media/content/wowproductimages/medium/086363.jpg,2020-09-21 17:27:05,Average product rating out of 5: 3.5. Product score is based on 4 ratings,4,,True
6f8708ed-7925-475f-8df0-9a4d6a1f391e,Woolworths Supermarket,Pantry,Freedom Foods Prebiotic Honey Almond Muesli 350g,086405,$6.50,$1.86 / 100G,https://www.woolworths.com.au/shop/productdetails/86405/freedom-foods-prebiotic-honey-almond-muesli,https://cdn0.woolworths.media/content/wowproductimages/medium/086405.jpg,2020-09-21 17:27:05,Average product rating out of 5: 4.0. Product score is based on 1 ratings,1,,True
165a42f4-9a5f-47b8-bbc9-e774aa85b75d,Woolworths Supermarket,Pantry,Freedom Foods Prebiotic Peach Pecan Muesli 350g,086496,$6.50,$1.86 / 100G,https://www.woolworths.com.au/shop/productdetails/86496/freedom-foods-prebiotic-peach-pecan-muesli,https://cdn0.woolworths.media/content/wowproductimages/medium/086496.jpg,2020-09-21 17:27:05,Average product rating out of 5: 4.5. Product score is based on 2 ratings,2,,True
2f77925c-6acb-41a0-9c7a-717a177a9212,Woolworths Supermarket,Pantry,Uncle Tobys Super Blends Prebiotic Fibre Turmeric & Coconut 8 pack,086605,$7.00,$1.90 / 100G,https://www.woolworths.com.au/shop/productdetails/86605/uncle-tobys-super-blends-prebiotic-fibre-turmeric-coconut,https://cdn0.woolworths.media/content/wowproductimages/medium/086605.jpg,2020-09-21 17:27:05,,0,,True
0a703bca-56d6-4103-a073-e5875e46d4fb,Woolworths Supermarket,Pantry,Freedom Foods Prebiotic Berry Almond Muesli 350g,086718,$6.50,$1.86 / 100G,https://www.woolworths.com.au/shop/productdetails/86718/freedom-foods-prebiotic-berry-almond-muesli,https://cdn0.woolworths.media/content/wowproductimages/medium/086718.jpg,2020-09-21 17:27:05,Average product rating out of 5: 4.7. Product score is based on 3 ratings,3,,True
6641ebaf-c052-4ad1-9117-1bdfe60c3b14,Woolworths Supermarket,Pantry,Barilla Collezione Orecchiette Pasta 500g,086858,$2.80,$0.56 / 100G,https://www.woolworths.com.au/shop/productdetails/86858/barilla-collezione-orecchiette-pasta,https://cdn0.woolworths.media/content/wowproductimages/medium/086858.jpg,2020-09-21 17:27:05,,0,,True
78e3f994-6694-43c3-b6b7-9e3d06973c0b,Woolworths Supermarket,Pantry,Barilla Oven Ready Gluten Free Lasagne 283g,086859,$5.00,$1.77 / 100G,https://www.woolworths.com.au/shop/productdetails/86859/barilla-oven-ready-gluten-free-lasagne,https://cdn0.woolworths.media/content/wowproductimages/medium/086859.jpg,2020-09-21 17:27:05,,0,,True
27fb94dc-8682-4f13-820c-993cb179699e,Woolworths Supermarket,Pantry,Spc Spaghetti Rich Tomato 140g x12 pack,095412,$5.00,$0.30 / 100G,https://www.woolworths.com.au/shop/productdetails/95412/spc-spaghetti-rich-tomato,https://cdn0.woolworths.media/content/wowproductimages/medium/095412.jpg,2020-09-21 17:27:05,,0,,True
4c68b232-8599-4b01-ac23-e1ba1719376d,Woolworths Supermarket,Pantry,Noya Macadamia & Cashew Butter 200g,096905,$12.00,$6.00 / 100G,https://www.woolworths.com.au/shop/productdetails/96905/noya-macadamia-cashew-butter,https://cdn0.woolworths.media/content/wowproductimages/medium/096905.jpg,2020-09-21 17:27:05,,0,,True
1cef26b4-0ccb-4bcf-84a7-6598e4f3c7e4,Woolworths Supermarket,Pantry,San Remo Curls Pasta No 27 500g,098549,$2.60,$0.52 / 100G,https://www.woolworths.com.au/shop/productdetails/98549/san-remo-curls-pasta-no-27,https://cdn0.woolworths.media/content/wowproductimages/medium/098549.jpg,2020-09-21 17:27:05,,0,,True
0ee440a4-f8b2-4ea4-ac71-ed5db3444df0,Woolworths Supermarket,Pantry,Zafarelli Fettuccine Pasta No 12 500g,098596,$2.00,$0.40 / 100G,https://www.woolworths.com.au/shop/productdetails/98596/zafarelli-fettuccine-pasta-no-12,https://cdn0.woolworths.media/content/wowproductimages/medium/098596.jpg,2020-09-21 17:27:05,,0,,True
1bb3970f-c8e4-4d22-a679-c7c010d90134,Woolworths Supermarket,Pantry,Sea Friend Wasabi Seasoned Seaweed 8 pack,102957,$3.00,$7.50 / 100G,https://www.woolworths.com.au/shop/productdetails/102957/sea-friend-wasabi-seasoned-seaweed,https://cdn0.woolworths.media/content/wowproductimages/medium/102957.jpg,2020-09-21 17:27:05,,0,,True
fbdfb6b8-b35b-4c2f-88ac-df7aacd596b7,Woolworths Supermarket,Pantry,Sea Friend Spicy Kimchi Seasoned Seaweed 8 pack,103162,$3.00,$7.50 / 100G,https://www.woolworths.com.au/shop/productdetails/103162/sea-friend-spicy-kimchi-seasoned-seaweed,https://cdn0.woolworths.media/content/wowproductimages/medium/103162.jpg,2020-09-21 17:27:05,,0,,True
bf732ed7-606e-496d-82a6-49968913b3fe,Woolworths Supermarket,Pantry,Jack Link's Chilli Biltong 45g,103718,$4.55,$101.11 / 1KG,https://www.woolworths.com.au/shop/productdetails/103718/jack-link-s-chilli-biltong,https://cdn0.woolworths.media/content/wowproductimages/medium/103718.jpg,2020-09-21 17:27:05,,0,,True
f191738c-ecfe-4d8f-bc58-80643b23744c,Woolworths Supermarket,Pantry,Smith's Oven Baked Roast Chicken & Thyme 130g,104453,$2.75,$2.12 / 100G,https://www.woolworths.com.au/shop/productdetails/104453/smith-s-oven-baked-roast-chicken-thyme,https://cdn0.woolworths.media/content/wowproductimages/medium/104453.jpg,2020-09-21 17:27:05,,0,,True
959a9e5b-7b1d-4366-bbb4-8e7957c82add,Woolworths Supermarket,Pantry,Barilla Angel Hair Pasta 500g,104959,$1.70,$0.34 / 100G,https://www.woolworths.com.au/shop/productdetails/104959/barilla-angel-hair-pasta,https://cdn0.woolworths.media/content/wowproductimages/medium/104959.jpg,2020-09-21 17:27:05,,0,,True
7a7041dc-b2bf-40be-9d65-4e0cb1a1cdc2,Woolworths Supermarket,Pantry,Old El Paso Tortilla Pocket Kit 375g,108174,$5.00,$1.33 / 100G,https://www.woolworths.com.au/shop/productdetails/108174/old-el-paso-tortilla-pocket-kit,https://cdn0.woolworths.media/content/wowproductimages/medium/108174.jpg,2020-09-21 17:27:05,,0,,True
c445ac80-4adf-47e0-b50f-84fc3cca8637,Woolworths Supermarket,Pantry,Byron Bay Cookies Macadmia Shortbread Bites 100g,108414,$2.00,$2.00 / 100G,https://www.woolworths.com.au/shop/productdetails/108414/byron-bay-cookies-macadmia-shortbread-bites,https://cdn0.woolworths.media/content/wowproductimages/medium/108414.jpg,2020-09-21 17:27:05,,0,,True
beb558f2-8988-4468-9a15-d2fb8cf5776f,Woolworths Supermarket,Pantry,Gold Medal Snacks Pork Krackles Chilli 50g,109960,$1.50,$30.00 / 1KG,https://www.woolworths.com.au/shop/productdetails/109960/gold-medal-snacks-pork-krackles-chilli,https://cdn0.woolworths.media/content/wowproductimages/medium/109960.jpg,2020-09-21 17:27:05,,0,,True
2ce7eebb-760c-48ef-8cba-7442092784ba,Woolworths Supermarket,Pantry,Do Good Labs Hooray Mix 100g,112884,$3.95,$39.50 / 1KG,https://www.woolworths.com.au/shop/productdetails/112884/do-good-labs-hooray-mix,https://cdn0.woolworths.media/content/wowproductimages/medium/112884.jpg,2020-09-21 17:27:05,,0,,True
bee7d3d2-6a03-444f-9444-78aa2115cf19,Woolworths Supermarket,Pantry,Do Good Labs Sunshine Mix 120g,113982,$3.95,$32.92 / 1KG,https://www.woolworths.com.au/shop/productdetails/113982/do-good-labs-sunshine-mix,https://cdn0.woolworths.media/content/wowproductimages/medium/113982.jpg,2020-09-21 17:27:05,,0,,True
cced49b3-ebd7-45cc-bdcc-fd8896f1ab24,Woolworths Supermarket,Pantry,Always Fresh Cucumbers Baby 350g,114462,$3.00,$8.57 / 1KG,https://www.woolworths.com.au/shop/productdetails/114462/always-fresh-cucumbers-baby,https://cdn0.woolworths.media/content/wowproductimages/medium/114462.jpg,2020-09-21 17:27:05,,0,,True
733a724d-a37f-484e-833c-2f6a8ba6feb4,Woolworths Supermarket,Pantry,Spam Ham Hot & Spicy 340g,153204,$5.50,$16.18 / 1KG,https://www.woolworths.com.au/shop/productdetails/153204/spam-ham-hot-spicy,https://cdn0.woolworths.media/content/wowproductimages/medium/153204.jpg,2020-09-21 17:27:05,,0,,True
cfbf86e1-6c4a-41b0-97a8-03ffec7d76a9,Woolworths Supermarket,Pantry,Heinz Spaghetti Oops In Tomato & Cheese Sauce 220g,172409,$1.65,$0.75 / 100G,https://www.woolworths.com.au/shop/productdetails/172409/heinz-spaghetti-oops-in-tomato-cheese-sauce,https://cdn0.woolworths.media/content/wowproductimages/medium/172409.jpg,2020-09-21 17:27:05,,0,,True
1febb8b2-64e3-4946-8867-e9199afa3cb6,Woolworths Supermarket,Pantry,Nestle Soothers Throat Lozenges Liquid Centre Lemon Lime 10 pack,205145,$2.20,$0.22 / 1EA,https://www.woolworths.com.au/shop/productdetails/205145/nestle-soothers-throat-lozenges-liquid-centre-lemon-lime,https://cdn0.woolworths.media/content/wowproductimages/medium/205145.jpg,2020-09-21 17:27:05,,0,,True
53d0a4ce-477f-468c-b6f7-f22cb189cee4,Woolworths Supermarket,Pantry,Macro Organic Shells Pasta 500g,215449,$1.65,$0.33 / 100G,https://www.woolworths.com.au/shop/productdetails/215449/macro-organic-shells-pasta,https://cdn0.woolworths.media/content/wowproductimages/medium/215449.jpg,2020-09-21 17:27:05,,0,,True
857d64a0-ecb0-490a-a794-cff07fbbba23,Woolworths Supermarket,Pantry,Woolworths Chives Chopped 2g,250997,$2.20,$11.00 / 10G,https://www.woolworths.com.au/shop/productdetails/250997/woolworths-chives-chopped,https://cdn0.woolworths.media/content/wowproductimages/medium/250997.jpg,2020-09-21 17:27:05,,0,,True
ba443642-ae68-4629-8c75-1a209883aeb0,Woolworths Supermarket,Pantry,Always Fresh Capsicum Wood Roasted Piquillo Peppers 285g,261309,$3.50,$12.28 / 1KG,https://www.woolworths.com.au/shop/productdetails/261309/always-fresh-capsicum-wood-roasted-piquillo-peppers,https://cdn0.woolworths.media/content/wowproductimages/medium/261309.jpg,2020-09-21 17:27:05,,0,,True
535bce4b-9d5a-40af-a4f1-7ce6ad045646,Woolworths Supermarket,Pantry,Solo Mutti Cherry Tomatoes 400g,290300,$2.00,$5.00 / 1KG,https://www.woolworths.com.au/shop/productdetails/290300/solo-mutti-cherry-tomatoes,https://cdn0.woolworths.media/content/wowproductimages/medium/290300.jpg,2020-09-21 17:27:05,,0,,True
d486b8e6-d7aa-4dce-bbb9-c9a7d0a8728c,Woolworths Supermarket,Pantry,Barilla Casarecce Pasta 500g,305389,$2.80,$0.56 / 100G,https://www.woolworths.com.au/shop/productdetails/305389/barilla-casarecce-pasta,https://cdn0.woolworths.media/content/wowproductimages/medium/305389.jpg,2020-09-21 17:27:05,,0,,True
354406d6-d511-4dc2-b051-64be1e2715f8,Woolworths Supermarket,Pantry,Ferrero Collection Chocolates Rocher Rondnoir Raffaello 24 pack,310888,$20.00,$7.43 / 100G,https://www.woolworths.com.au/shop/productdetails/310888/ferrero-collection-chocolates-rocher-rondnoir-raffaello,https://cdn0.woolworths.media/content/wowproductimages/medium/310888.jpg,2020-09-21 17:27:05,,0,,True
25de6284-d062-46d5-9039-9bf0b5eb018f,Woolworths Supermarket,Pantry,Go Natural Bars Macadamia Dream 50g,378737,$2.00,$4.00 / 100G,https://www.woolworths.com.au/shop/productdetails/378737/go-natural-bars-macadamia-dream,https://cdn0.woolworths.media/content/wowproductimages/medium/378737.jpg,2020-09-21 17:27:05,Average product rating out of 5: 5.0. Product score is based on 4 ratings,4,,True
196dc8fb-8c09-4708-b58b-bbd342dc122e,Woolworths Supermarket,Pantry,The Chia Co. Chia Black Seeds 500g,379548,$10.00,$2.00 / 100G,https://www.woolworths.com.au/shop/productdetails/379548/the-chia-co-chia-black-seeds,https://cdn0.woolworths.media/content/wowproductimages/medium/379548.jpg,2020-09-21 17:27:05,Average product rating out of 5: 5.0. Product score is based on 4 ratings,4,,True
58c63bdc-ed5d-41a5-a8ba-a991283ca9ea,Woolworths Supermarket,Pantry,Gourmet Garden Paste Dill 80g tube,379656,$3.50,$4.38 / 100G,https://www.woolworths.com.au/shop/productdetails/379656/gourmet-garden-paste-dill,https://cdn0.woolworths.media/content/wowproductimages/medium/379656.jpg,2020-09-21 17:27:05,,0,,True
ab2057c4-dcbf-4cee-bf08-28484fa6502f,Woolworths Supermarket,Pantry,Mckenzie's Bi Carb Soda 1kg,428726,$3.50,$0.35 / 100G,https://www.woolworths.com.au/shop/productdetails/428726/mckenzie-s-bi-carb-soda,https://cdn0.woolworths.media/content/wowproductimages/medium/428726.jpg,2020-09-21 17:27:05,,0,,True
c8295e7a-0ec3-4190-8377-ff73014943de,Woolworths Supermarket,Pantry,Dr. Oetker Ready Rolled Icing White 450g,448630,$8.00,$1.78 / 100G,https://www.woolworths.com.au/shop/productdetails/448630/dr-oetker-ready-rolled-icing-white,https://cdn0.woolworths.media/content/wowproductimages/medium/448630.jpg,2020-09-21 17:27:05,,0,,True
df4904cb-6e79-4ba0-882c-dcca2e30e384,Woolworths Supermarket,Pantry,Dr. Oetker Designer Icing White 140g,449741,$4.00,$2.86 / 100G,https://www.woolworths.com.au/shop/productdetails/449741/dr-oetker-designer-icing-white,https://cdn0.woolworths.media/content/wowproductimages/medium/449741.jpg,2020-09-21 17:27:05,,0,,True
2fe2699d-02fa-425a-8376-1470edd61c7f,Woolworths Supermarket,Pantry,Dr. Oetker Edible Decorations Giant Chocolate Stars 20g,449941,$4.00,$20.00 / 100G,https://www.woolworths.com.au/shop/productdetails/449941/dr-oetker-edible-decorations-giant-chocolate-stars,https://cdn0.woolworths.media/content/wowproductimages/medium/449941.jpg,2020-09-21 17:27:05,,0,,True
74c49de6-048f-41f4-b830-923d7a2297cc,Woolworths Supermarket,Pantry,Barilla Tortellini Pasta Three Cheese 340g,450131,$5.50,$1.62 / 100G,https://www.woolworths.com.au/shop/productdetails/450131/barilla-tortellini-pasta-three-cheese,https://cdn0.woolworths.media/content/wowproductimages/medium/450131.jpg,2020-09-21 17:27:05,,0,,True
b5ba7c97-6bda-4ffd-95dd-6de205729bf8,Woolworths Supermarket,Pantry,The Happy Snack Company Roasted Fav-va Beans Salt & Vinegar 10x15g,464458,$4.20,$2.80 / 100G,https://www.woolworths.com.au/shop/productdetails/464458/the-happy-snack-company-roasted-fav-va-beans-salt-vinegar,https://cdn0.woolworths.media/content/wowproductimages/medium/464458.jpg,2020-09-21 17:27:05,Average product rating out of 5: 4.5. Product score is based on 8 ratings,8,,True
eeaff9dc-4a40-4311-8a28-5ffd926dbd8d,Woolworths Supermarket,Pantry,Always Fresh Kalamata Olives Wedges 220g,465120,$5.40,$24.55 / 1KG,https://www.woolworths.com.au/shop/productdetails/465120/always-fresh-kalamata-olives-wedges,https://cdn0.woolworths.media/content/wowproductimages/medium/465120.jpg,2020-09-21 17:27:05,,0,,True
33cf76d8-394c-46f2-a392-1d5570ebff69,Woolworths Supermarket,Pantry,Macro Air Popped Popcorn Salted & Sweet 20g,486336,$1.50,$7.50 / 100G,https://www.woolworths.com.au/shop/productdetails/486336/macro-air-popped-popcorn-salted-sweet,https://cdn0.woolworths.media/content/wowproductimages/medium/486336.jpg,2020-09-21 17:27:05,Average product rating out of 5: 3.8. Product score is based on 8 ratings,8,,True
a074201f-57cd-44c1-8a29-aa8f721de651,Woolworths Supermarket,Pantry,Macro White Quinoa 1kg,499695,$10.00,$10.00 / 1KG,https://www.woolworths.com.au/shop/productdetails/499695/macro-white-quinoa,https://cdn0.woolworths.media/content/wowproductimages/medium/499695.jpg,2020-09-21 17:27:05,Average product rating out of 5: 4.8. Product score is based on 12 ratings,12,,True
563794bd-638a-404f-8099-3f36de2ba4ec,Woolworths Supermarket,Pantry,Bertolli Extra Virgin Olive Oil Originale 750ml,502951,$6.50,$0.87 / 100ML,https://www.woolworths.com.au/shop/productdetails/502951/bertolli-extra-virgin-olive-oil-originale,https://cdn0.woolworths.media/content/wowproductimages/medium/502951.jpg,2020-09-21 17:27:05,,0,,True
62f2ce93-1f6f-4808-8f4d-18328b3fb55d,Woolworths Supermarket,Pantry,Bertolli Olive Oil Light In Taste 750ml,502955,$6.50,$0.87 / 100ML,https://www.woolworths.com.au/shop/productdetails/502955/bertolli-olive-oil-light-in-taste,https://cdn0.woolworths.media/content/wowproductimages/medium/502955.jpg,2020-09-21 17:27:05,,0,,True
6dbbd1cc-ee8c-4057-9e40-22dbfbb0d5f1,Woolworths Supermarket,Pantry,Choice Mi Goreng Noodle Cup 70g,521393,$1.00,$1.43 / 100G,https://www.woolworths.com.au/shop/productdetails/521393/choice-mi-goreng-noodle-cup,https://cdn0.woolworths.media/content/wowproductimages/medium/521393.jpg,2020-09-21 17:27:05,,0,,True
8557b7fe-626a-451f-96e9-d77b0b09a3dd,Woolworths Supermarket,Pantry,Woolworths 40% Choc Chip Cookies 400g,570053,$3.00,$0.75 / 100G,https://www.woolworths.com.au/shop/productdetails/570053/woolworths-40-choc-chip-cookies,https://cdn0.woolworths.media/content/wowproductimages/medium/570053.jpg,2020-09-21 17:27:05,,0,,True
fed37ca6-2742-4201-aa44-b7288a32d78f,Woolworths Supermarket,Pantry,Mckenzie's Baking Powder 300g,574616,$5.00,$1.67 / 100G,https://www.woolworths.com.au/shop/productdetails/574616/mckenzie-s-baking-powder,https://cdn0.woolworths.media/content/wowproductimages/medium/574616.jpg,2020-09-21 17:27:05,,0,,True
900a8f5a-d95c-46ec-8339-50cce652ac3e,Woolworths Supermarket,Pantry,Mckenzie's Red Lentils 1kg,588066,$4.40,$0.44 / 100G,https://www.woolworths.com.au/shop/productdetails/588066/mckenzie-s-red-lentils,https://cdn0.woolworths.media/content/wowproductimages/medium/588066.jpg,2020-09-21 17:27:05,,0,,True
ed2352cc-5b24-4bf5-906e-becd8f2df200,Woolworths Supermarket,Pantry,Tom & Luke Snackaballs Zesty Lemon 70g,636342,$3.00,$4.29 / 100G,https://www.woolworths.com.au/shop/productdetails/636342/tom-luke-snackaballs-zesty-lemon,https://cdn0.woolworths.media/content/wowproductimages/medium/636342.jpg,2020-09-21 17:27:05,Average product rating out of 5: 5.0. Product score is based on 8 ratings,8,,True
b116e05f-8545-4605-b019-f83143a96fdf,Woolworths Supermarket,Pantry,Fantastic Cup Noodles Chicken 6 pack,637154,$6.00,$1.43 / 100G,https://www.woolworths.com.au/shop/productdetails/637154/fantastic-cup-noodles-chicken,https://cdn0.woolworths.media/content/wowproductimages/medium/637154.jpg,2020-09-21 17:27:05,,0,,True
a7887e39-a592-4210-adfc-6f7e801e24f3,Woolworths Supermarket,Pantry,Byron Bay Cookies Dotty Cookie Bites 100g,656930,$2.00,$2.00 / 100G,https://www.woolworths.com.au/shop/productdetails/656930/byron-bay-cookies-dotty-cookie-bites,https://cdn0.woolworths.media/content/wowproductimages/medium/656930.jpg,2020-09-21 17:27:05,,0,,True
c2357f93-55ba-422a-b75e-7a7e407fccf8,Woolworths Supermarket,Pantry,Byron Bay Cookies Milk Choc Chunk Cookie Bites 100g,656932,$2.00,$2.00 / 100G,https://www.woolworths.com.au/shop/productdetails/656932/byron-bay-cookies-milk-choc-chunk-cookie-bites,https://cdn0.woolworths.media/content/wowproductimages/medium/656932.jpg,2020-09-21 17:27:05,,0,,True
8c5faeb9-a0c5-462f-b27c-d442e1645cb5,Woolworths Supermarket,Pantry,Macro Organic High Fibre Coconut Muesli 500g,664265,$4.40,$0.88 / 100G,https://www.woolworths.com.au/shop/productdetails/664265/macro-organic-high-fibre-coconut-muesli,https://cdn0.woolworths.media/content/wowproductimages/medium/664265.jpg,2020-09-21 17:27:05,Average product rating out of 5: 4.3. Product score is based on 6 ratings,6,,True
c15a1046-f64f-4784-a856-d5888ab51f10,Woolworths Supermarket,Pantry,Macro Hemp Seed Protein Powder 200g,671931,$8.00,$4.00 / 100G,https://www.woolworths.com.au/shop/productdetails/671931/macro-hemp-seed-protein-powder,https://cdn0.woolworths.media/content/wowproductimages/medium/671931.jpg,2020-09-21 17:27:05,Average product rating out of 5: 4.7. Product score is based on 3 ratings,3,,True
077ea216-f0f0-4d55-a33c-93493eec124f,Woolworths Supermarket,Pantry,Macro Hemp Blue Corn Chips Lightly Salted 125g,673558,$4.00,$3.20 / 100G,https://www.woolworths.com.au/shop/productdetails/673558/macro-hemp-blue-corn-chips-lightly-salted,https://cdn0.woolworths.media/content/wowproductimages/medium/673558.jpg,2020-09-21 17:27:05,Average product rating out of 5: 4.1. Product score is based on 474 ratings,474,,True
5cbbd031-d06b-440a-b8b8-c797a540a5ee,Woolworths Supermarket,Pantry,Macro Hemp Corn Chips Jalapeno 125g,673559,$4.00,$3.20 / 100G,https://www.woolworths.com.au/shop/productdetails/673559/macro-hemp-corn-chips-jalapeno,https://cdn0.woolworths.media/content/wowproductimages/medium/673559.jpg,2020-09-21 17:27:05,Average product rating out of 5: 4.0. Product score is based on 469 ratings,469,,True
040b2e13-833b-45d7-9ced-97d35847fdf5,Woolworths Supermarket,Pantry,Macro Hemp Corn Chips Kale & Wasabi 125g,673570,$4.00,$3.20 / 100G,https://www.woolworths.com.au/shop/productdetails/673570/macro-hemp-corn-chips-kale-wasabi,https://cdn0.woolworths.media/content/wowproductimages/medium/673570.jpg,2020-09-21 17:27:05,Average product rating out of 5: 5.0. Product score is based on 2 ratings,2,,True
10df8dc1-5f6f-4a24-9966-1db0fe98ec17,Woolworths Supermarket,Pantry,Emma & Tom's Cacao & Hazelnut Raw Fruit & Nut Bar 35g,685779,$2.40,$6.86 / 100G,https://www.woolworths.com.au/shop/productdetails/685779/emma-tom-s-cacao-hazelnut-raw-fruit-nut-bar,https://cdn0.woolworths.media/content/wowproductimages/medium/685779.jpg,2020-09-21 17:27:05,Average product rating out of 5: 4.5. Product score is based on 2 ratings,2,,True
5b75769a-256f-435e-a457-805c85d95dd2,Woolworths Supermarket,Pantry,Emma & Tom's Salted Caramel Protein Bar 35g,685782,$2.40,$6.86 / 100G,https://www.woolworths.com.au/shop/productdetails/685782/emma-tom-s-salted-caramel-protein-bar,https://cdn0.woolworths.media/content/wowproductimages/medium/685782.jpg,2020-09-21 17:27:05,Average product rating out of 5: 3.3. Product score is based on 3 ratings,3,,True
6600eb4f-c4b1-4aa7-8f73-e198d88a13a7,Woolworths Supermarket,Pantry,Emma & Tom's Cacao & Orange Life Bar 35g,686257,$2.40,$6.86 / 100G,https://www.woolworths.com.au/shop/productdetails/686257/emma-tom-s-cacao-orange-life-bar,https://cdn0.woolworths.media/content/wowproductimages/medium/686257.jpg,2020-09-21 17:27:05,Average product rating out of 5: 4.7. Product score is based on 7 ratings,7,,True
dc6b9801-de4a-403d-ab75-3e7ec6a0a5fe,Woolworths Supermarket,Pantry,Pana Organic Mint Chocolate 45g,686554,$6.00,$13.33 / 100G,https://www.woolworths.com.au/shop/productdetails/686554/pana-organic-mint-chocolate,https://cdn0.woolworths.media/content/wowproductimages/medium/686554.jpg,2020-09-21 17:27:05,Average product rating out of 5: 4.6. Product score is based on 9 ratings,9,Was $7.00 24/05/2018,True
034146be-2c02-4a4b-8919-31d87c59545e,Woolworths Supermarket,Pantry,Pana Organic Fig & Wild Orange Chocolate 45g,686567,$6.00,$13.33 / 100G,https://www.woolworths.com.au/shop/productdetails/686567/pana-organic-fig-wild-orange-chocolate,https://cdn0.woolworths.media/content/wowproductimages/medium/686567.jpg,2020-09-21 17:27:05,Average product rating out of 5: 3.3. Product score is based on 3 ratings,3,Was $7.00 24/05/2018,True
c68ae657-6ea9-497c-8733-3799c74a814c,Woolworths Supermarket,Pantry,Macro Mighty Bites Strawberry Apple 5 pack,686975,$4.50,$4.50 / 100G,https://www.woolworths.com.au/shop/productdetails/686975/macro-mighty-bites-strawberry-apple,https://cdn0.woolworths.media/content/wowproductimages/medium/686975.jpg,2020-09-21 17:27:05,Average product rating out of 5: 3.3. Product score is based on 589 ratings,589,,True
376323a5-2600-4c10-83ec-38a9aa510e1c,Woolworths Supermarket,Pantry,Macro Mighty Bites Cheeky Cocoa Balls 5 pack,686976,$4.50,$4.50 / 100G,https://www.woolworths.com.au/shop/productdetails/686976/macro-mighty-bites-cheeky-cocoa-balls,https://cdn0.woolworths.media/content/wowproductimages/medium/686976.jpg,2020-09-21 17:27:05,Average product rating out of 5: 3.5. Product score is based on 537 ratings,537,,True
ef632b80-1d59-44d8-8bd4-685562cd1656,Woolworths Supermarket,Pantry,Macro Australian Whole Grain Freekeh 500g,698019,$6.50,$1.30 / 100G,https://www.woolworths.com.au/shop/productdetails/698019/macro-australian-whole-grain-freekeh,https://cdn0.woolworths.media/content/wowproductimages/medium/698019.jpg,2020-09-21 17:27:05,Average product rating out of 5: 3.6. Product score is based on 332 ratings,332,,True
6467c976-cf06-4113-b724-41097825a805,Woolworths Supermarket,Pantry,Macro Organic Brewers Yeast Cookies Oats & Honey 210g,698057,$8.00,$3.81 / 100G,https://www.woolworths.com.au/shop/productdetails/698057/macro-organic-brewers-yeast-cookies-oats-honey,https://cdn0.woolworths.media/content/wowproductimages/medium/698057.jpg,2020-09-21 17:27:05,Average product rating out of 5: 3.3. Product score is based on 271 ratings,271,,True
f5e060ac-e495-4826-97a3-010d40c26383,Woolworths Supermarket,Pantry,Macro Miso & Mushroom Kale Corn Chips 175g,698065,$3.50,$2.00 / 100G,https://www.woolworths.com.au/shop/productdetails/698065/macro-miso-mushroom-kale-corn-chips,https://cdn0.woolworths.media/content/wowproductimages/medium/698065.jpg,2020-09-21 17:27:05,Average product rating out of 5: 3.3. Product score is based on 351 ratings,351,Was $4.00 26/11/2018,True
965f0d87-703e-47d3-96f4-036c2b7ef5a3,Woolworths Supermarket,Pantry,Macro Corn & Ancient Grain Sriracha & Harrisa Chips 175g,698066,$3.50,$2.00 / 100G,https://www.woolworths.com.au/shop/productdetails/698066/macro-corn-ancient-grain-sriracha-harrisa-chips,https://cdn0.woolworths.media/content/wowproductimages/medium/698066.jpg,2020-09-21 17:27:05,Average product rating out of 5: 3.7. Product score is based on 392 ratings,392,Was $4.00 26/11/2018,True
df8f330c-03b6-4464-91c8-4279fea68cbe,Woolworths Supermarket,Pantry,Woolworths Instant Cannelloni 250g,700275,$2.15,$0.86 / 100G,https://www.woolworths.com.au/shop/productdetails/700275/woolworths-instant-cannelloni,https://cdn0.woolworths.media/content/wowproductimages/medium/700275.jpg,2020-09-21 17:27:05,Average product rating out of 5: 4.4. Product score is based on 580 ratings,580,,True
e6764183-49b4-4a6b-a2d5-8bc8ba9ab6d8,Woolworths Supermarket,Pantry,Guzzi's Baby Gnocchi Baby 500g,703856,$3.80,$0.76 / 100G,https://www.woolworths.com.au/shop/productdetails/703856/guzzi-s-baby-gnocchi-baby,https://cdn0.woolworths.media/content/wowproductimages/medium/703856.jpg,2020-09-21 17:27:05,,0,,True
46288a77-bc33-4633-ad5a-270eeea2d678,Woolworths Supermarket,Pantry,Sunbites Grain Waves Sour Cream & Chives 5 pack,720220,$3.10,$2.82 / 100G,https://www.woolworths.com.au/shop/productdetails/720220/sunbites-grain-waves-sour-cream-chives,https://cdn0.woolworths.media/content/wowproductimages/medium/720220.jpg,2020-09-21 17:27:05,,0,2 for $5.00,True
65c84200-3cc8-4894-a5a4-df71f620402a,Woolworths Supermarket,Pantry,Woolworths Apricot Tangy 200g,726371,$3.00,$15.00 / 1KG,https://www.woolworths.com.au/shop/productdetails/726371/woolworths-apricot-tangy,https://cdn0.woolworths.media/content/wowproductimages/medium/726371.jpg,2020-09-21 17:27:05,Average product rating out of 5: 4.5. Product score is based on 569 ratings,569,,True
ab9dd25a-aa01-419b-9446-dc5e8c7af973,Woolworths Supermarket,Pantry,T2 English Breakfast Black Tea Bags 25 pack,726973,$12.00,$0.48 / 1EA,https://www.woolworths.com.au/shop/productdetails/726973/t2-english-breakfast-black-tea-bags,https://cdn0.woolworths.media/content/wowproductimages/medium/726973.jpg,2020-09-21 17:27:05,,0,,True
2c02397a-6659-45f0-b62f-622aab041f1f,Woolworths Supermarket,Pantry,Go Natural Bars Chia & Sesame Crisp Wafers 3pk 120g,733162,$2.00,$1.67 / 100G,https://www.woolworths.com.au/shop/productdetails/733162/go-natural-bars-chia-sesame-crisp-wafers,https://cdn0.woolworths.media/content/wowproductimages/medium/733162.jpg,2020-09-21 17:27:05,Average product rating out of 5: 4.8. Product score is based on 9 ratings,9,Was $2.39 22/10/2018,True
0bd96836-f55e-4a00-b680-9ad92f6e8a3d,Woolworths Supermarket,Pantry,Woolworths Honey Quick Oats Sachets 12 pack,739484,$4.00,$0.95 / 100G,https://www.woolworths.com.au/shop/productdetails/739484/woolworths-honey-quick-oats-sachets,https://cdn0.woolworths.media/content/wowproductimages/medium/739484.jpg,2020-09-21 17:27:05,Average product rating out of 5: 4.1. Product score is based on 673 ratings,673,,True
36d6ee43-008a-4163-9c8d-3b5ac19ecc3b,Woolworths Supermarket,Pantry,Tasti Smooshed Protein Balls Dark Cacao Brownie 174g,741436,$6.50,$3.74 / 100G,https://www.woolworths.com.au/shop/productdetails/741436/tasti-smooshed-protein-balls-dark-cacao-brownie,https://cdn0.woolworths.media/content/wowproductimages/medium/741436.jpg,2020-09-21 17:27:05,Average product rating out of 5: 4.9. Product score is based on 7 ratings,7,Was $7.00 01/10/2018,True
1f5ae6a0-aa43-49ec-8cf2-7a9988c7bf90,Woolworths Supermarket,Pantry,Barilla Egg Pappardelle 250g,760546,$3.50,$1.40 / 100G,https://www.woolworths.com.au/shop/productdetails/760546/barilla-egg-pappardelle,https://cdn0.woolworths.media/content/wowproductimages/medium/760546.jpg,2020-09-21 17:27:05,,0,,True
1fbd3c49-80dc-4b98-9234-b55675c554b5,Woolworths Supermarket,Pantry,Barilla Egg Tagliatelle 250g,760557,$3.50,$1.40 / 100G,https://www.woolworths.com.au/shop/productdetails/760557/barilla-egg-tagliatelle,https://cdn0.woolworths.media/content/wowproductimages/medium/760557.jpg,2020-09-21 17:27:05,,0,,True
909d17ca-66dc-46fd-80ce-79fdc932cc44,Woolworths Supermarket,Pantry,Fisherman's Friend Mints Spearmint Sugar Free 25g pack,781723,$2.30,$9.20 / 100G,https://www.woolworths.com.au/shop/productdetails/781723/fisherman-s-friend-mints-spearmint-sugar-free,https://cdn0.woolworths.media/content/wowproductimages/medium/781723.jpg,2020-09-21 17:27:05,,0,,True
94593210-f1b5-42bc-bd28-caa76cf70f0b,Woolworths Supermarket,Pantry,Emma & Tom's Life Bars Cacao & Coconut 35g,782038,$2.40,$6.86 / 100G,https://www.woolworths.com.au/shop/productdetails/782038/emma-tom-s-life-bars-cacao-coconut,https://cdn0.woolworths.media/content/wowproductimages/medium/782038.jpg,2020-09-21 17:27:05,Average product rating out of 5: 4.0. Product score is based on 3 ratings,3,,True
75cefcb6-e768-40ce-b2c7-0db86f248522,Woolworths Supermarket,Pantry,Betty Crocker White Chocolate Fudge Brownie Mix 500g,785119,$5.20,$1.04 / 100G,https://www.woolworths.com.au/shop/productdetails/785119/betty-crocker-white-chocolate-fudge-brownie-mix,https://cdn0.woolworths.media/content/wowproductimages/medium/785119.jpg,2020-09-21 17:27:05,,0,,True
48640a8a-8d8e-4cd0-84bb-9ba8a3364207,Woolworths Supermarket,Pantry,Sunsol Muesli Almond Cashew Macadamia Walnut 500g,792784,$6.00,$1.20 / 100G,https://www.woolworths.com.au/shop/productdetails/792784/sunsol-muesli-almond-cashew-macadamia-walnut,https://cdn0.woolworths.media/content/wowproductimages/medium/792784.jpg,2020-09-21 17:27:05,,0,,True
82ebc3db-0498-4310-86f8-05263042ceeb,Woolworths Supermarket,Pantry,Woolworths Macadamias Sweet & Salty 200g,800069,$9.00,$4.50 / 100G,https://www.woolworths.com.au/shop/productdetails/800069/woolworths-macadamias-sweet-salty,https://cdn0.woolworths.media/content/wowproductimages/medium/800069.jpg,2020-09-21 17:27:05,Average product rating out of 5: 4.2. Product score is based on 247 ratings,247,,True
3042ff7d-d30f-458b-9b3b-75cb6a0cb1bb,Woolworths Supermarket,Pantry,Pana Organic Hazelnut Chocolate 45g,802643,$6.00,$13.33 / 100G,https://www.woolworths.com.au/shop/productdetails/802643/pana-organic-hazelnut-chocolate,https://cdn0.woolworths.media/content/wowproductimages/medium/802643.jpg,2020-09-21 17:27:05,Average product rating out of 5: 4.3. Product score is based on 6 ratings,6,Was $7.00 24/05/2018,True
1d075cda-2e90-46dd-b442-79f0213aa2d5,Woolworths Supermarket,Pantry,Health Lab Peanut Butter Choc Hemp Protein Ball 40g,802962,$2.80,$7.00 / 100G,https://www.woolworths.com.au/shop/productdetails/802962/health-lab-peanut-butter-choc-hemp-protein-ball,https://cdn0.woolworths.media/content/wowproductimages/medium/802962.jpg,2020-09-21 17:27:05,Average product rating out of 5: 3.3. Product score is based on 3 ratings,3,,True
755110d1-d72c-4c9e-8794-af782728b4e1,Woolworths Supermarket,Pantry,Health Lab Brownie Protein Ball Ball 200g,802998,$12.00,$6.00 / 100G,https://www.woolworths.com.au/shop/productdetails/802998/health-lab-brownie-protein-ball-ball,https://cdn0.woolworths.media/content/wowproductimages/medium/802998.jpg,2020-09-21 17:27:05,Average product rating out of 5: 4.4. Product score is based on 10 ratings,10,,True
b9434fdd-eafc-4083-95b9-018b433a6f40,Woolworths Supermarket,Pantry,Health Lab Salted Caramel Protein Ball Ball 200g,803021,$12.00,$6.00 / 100G,https://www.woolworths.com.au/shop/productdetails/803021/health-lab-salted-caramel-protein-ball-ball,https://cdn0.woolworths.media/content/wowproductimages/medium/803021.jpg,2020-09-21 17:27:05,Average product rating out of 5: 4.9. Product score is based on 7 ratings,7,,True
a0d09fa5-9c1d-4745-ba3e-3b20b021fc09,Woolworths Supermarket,Pantry,Queen Ultimate Sprinkles Glamour & Sparkle 115g,803556,$4.00,$3.48 / 100G,https://www.woolworths.com.au/shop/productdetails/803556/queen-ultimate-sprinkles-glamour-sparkle,https://cdn0.woolworths.media/content/wowproductimages/medium/803556.jpg,2020-09-21 17:27:05,,0,,True
3563a896-966e-41ba-b139-fa1d4175f5d0,Woolworths Supermarket,Pantry,Queen Ultimate Sprinkles Midnight Magic 110g,803578,$4.00,$3.64 / 100G,https://www.woolworths.com.au/shop/productdetails/803578/queen-ultimate-sprinkles-midnight-magic,https://cdn0.woolworths.media/content/wowproductimages/medium/803578.jpg,2020-09-21 17:27:05,,0,,True
7177bc99-56e5-4a85-936e-c4206ee4fb51,Woolworths Supermarket,Pantry,Woolworths Chocolate Cake Mix With Icing 450g,805616,$1.85,$0.41 / 100G,https://www.woolworths.com.au/shop/productdetails/805616/woolworths-chocolate-cake-mix-with-icing,https://cdn0.woolworths.media/content/wowproductimages/medium/805616.jpg,2020-09-21 17:27:05,Average product rating out of 5: 4.0. Product score is based on 394 ratings,394,,True
b4b533b1-72cd-40fd-9663-772600667f21,Woolworths Supermarket,Pantry,Woolworths Lemon Madeira Cake Mix With Icing 450g,805618,$1.85,$0.41 / 100G,https://www.woolworths.com.au/shop/productdetails/805618/woolworths-lemon-madeira-cake-mix-with-icing,https://cdn0.woolworths.media/content/wowproductimages/medium/805618.jpg,2020-09-21 17:27:05,Average product rating out of 5: 4.2. Product score is based on 594 ratings,594,,True
39a10d7f-0a9d-4813-b3c8-80aada3f0712,Woolworths Supermarket,Pantry,Tom & Luke Dark Chocolate & Orange Snackballs 132g,805922,$3.00,$2.27 / 100G,https://www.woolworths.com.au/shop/productdetails/805922/tom-luke-dark-chocolate-orange-snackballs,https://cdn0.woolworths.media/content/wowproductimages/medium/805922.jpg,2020-09-21 17:27:05,Average product rating out of 5: 5.0. Product score is based on 6 ratings,6,,True
640f3937-bff3-4b88-a356-537d5a09fa56,Woolworths Supermarket,Pantry,Tom & Luke Zesty Orange & Cacao Snackballs 70g,806064,$3.00,$4.29 / 100G,https://www.woolworths.com.au/shop/productdetails/806064/tom-luke-zesty-orange-cacao-snackballs,https://cdn0.woolworths.media/content/wowproductimages/medium/806064.jpg,2020-09-21 17:27:05,Average product rating out of 5: 4.3. Product score is based on 6 ratings,6,,True
156dad07-29d6-458f-a825-0b2d82eaed5c,Woolworths Supermarket,Pantry,Ceres Organics Raw Bar Lemon Cheesecake 50g,811271,$3.00,$6.00 / 100G,https://www.woolworths.com.au/shop/productdetails/811271/ceres-organics-raw-bar-lemon-cheesecake,https://cdn0.woolworths.media/content/wowproductimages/medium/811271.jpg,2020-09-21 17:27:05,Average product rating out of 5: 4.3. Product score is based on 3 ratings,3,,True
ab0eade2-3ded-433a-97e3-07d3fe540cbd,Woolworths Supermarket,Pantry,J Crackleton Pork Crackle Original 40g,812595,$1.80,$45.00 / 1KG,https://www.woolworths.com.au/shop/productdetails/812595/j-crackleton-pork-crackle-original,https://cdn0.woolworths.media/content/wowproductimages/medium/812595.jpg,2020-09-21 17:27:05,,0,6 for $9.90 $41.25/1KG,True
7ec74042-521e-4da8-8d18-ef8b64b511e0,Woolworths Supermarket,Pantry,Sea Friend Roasted Seaweed 8 pack,813764,$3.00,$7.50 / 100G,https://www.woolworths.com.au/shop/productdetails/813764/sea-friend-roasted-seaweed,https://cdn0.woolworths.media/content/wowproductimages/medium/813764.jpg,2020-09-21 17:27:05,,0,,True
aa2b85b1-5d2a-41cf-a6e4-c2945e24eac4,Woolworths Supermarket,Pantry,Ceres Organics Raw Bar Cocont Cacao Rough 50g,814700,$3.00,$6.00 / 100G,https://www.woolworths.com.au/shop/productdetails/814700/ceres-organics-raw-bar-cocont-cacao-rough,https://cdn0.woolworths.media/content/wowproductimages/medium/814700.jpg,2020-09-21 17:27:05,Average product rating out of 5: 4.5. Product score is based on 2 ratings,2,,True
68de4b5c-4966-498f-a3a9-4be2ea005bfe,Woolworths Supermarket,Pantry,Woolworths Almond Vanilla Crunchy Clusters 750g,818650,$4.50,$0.60 / 100G,https://www.woolworths.com.au/shop/productdetails/818650/woolworths-almond-vanilla-crunchy-clusters,https://cdn0.woolworths.media/content/wowproductimages/medium/818650.jpg,2020-09-21 17:27:05,,0,,True
165aefff-8f15-4320-b72b-692c9ae4bec2,Woolworths Supermarket,Pantry,Healtheries Sugar Free Bars Caramel each,824220,$2.00,$9.52 / 100G,https://www.woolworths.com.au/shop/productdetails/824220/healtheries-sugar-free-bars-caramel,https://cdn0.woolworths.media/content/wowproductimages/medium/824220.jpg,2020-09-21 17:27:05,Average product rating out of 5: 4.3. Product score is based on 4 ratings,4,,True
65c98366-88fb-48c5-b7e4-c503ce567da5,Woolworths Supermarket,Pantry,Healtheries No Added Sugar Bar Milk Chocolate,824743,$2.00,$9.52 / 100G,https://www.woolworths.com.au/shop/productdetails/824743/healtheries-no-added-sugar-bar-milk-chocolate,https://cdn0.woolworths.media/content/wowproductimages/medium/824743.jpg,2020-09-21 17:27:05,Average product rating out of 5: 5.0. Product score is based on 2 ratings,2,,True
b94a91f1-6ad2-4b04-8622-fb932bc46352,Woolworths Supermarket,Pantry,Woolworths Long Angel Hair Pasta 500g,826485,$1.20,$0.24 / 100G,https://www.woolworths.com.au/shop/productdetails/826485/woolworths-long-angel-hair-pasta,https://cdn0.woolworths.media/content/wowproductimages/medium/826485.jpg,2020-09-21 17:27:05,,0,,True
b60e016f-0df3-44e8-a7f7-c3a73fb4f3e0,Woolworths Supermarket,Pantry,Local Legends Wagyu Beef 50g,827130,,,https://www.woolworths.com.au/shop/productdetails/827130/local-legends-wagyu-beef,https://cdn0.woolworths.media/content/wowproductimages/medium/827130.jpg,2020-09-21 17:27:05,,0,,False
342ac7e3-ec38-440a-87fa-f58bea08dcbb,Woolworths Supermarket,Pantry,Creative Kitchen Mini Lady Birds Cake Decorations 32pk,828676,$3.50,$0.11 / 1EA,https://www.woolworths.com.au/shop/productdetails/828676/creative-kitchen-mini-lady-birds-cake-decorations,https://cdn0.woolworths.media/content/wowproductimages/medium/828676.jpg,2020-09-21 17:27:05,,0,,True
319b2f45-b5c4-4d9c-8726-4f1f49d1e8c9,Woolworths Supermarket,Pantry,Cadbury Crunchie Sharepack 12pk 180g,829138,$2.50,$1.39 / 100G,https://www.woolworths.com.au/shop/productdetails/829138/cadbury-crunchie-sharepack,https://cdn0.woolworths.media/content/wowproductimages/medium/829138.jpg,2020-09-21 17:27:05,,0,,True
eb125177-695c-4f0c-a95f-314ab5004f16,Woolworths Supermarket,Pantry,Hoyt's Paprika Sweet Smoked 140g,829198,$4.99,$0.36 / 10G,https://www.woolworths.com.au/shop/productdetails/829198/hoyt-s-paprika-sweet-smoked,https://cdn0.woolworths.media/content/wowproductimages/medium/829198.jpg,2020-09-21 17:27:05,,0,,True
5aa0b5f4-3625-4d54-837c-73271c55614a,Woolworths Supermarket,Pantry,Gardener Mixed Blossom Honey Jar 700g,830739,$6.50,$0.93 / 100G,https://www.woolworths.com.au/shop/productdetails/830739/gardener-mixed-blossom-honey-jar,https://cdn0.woolworths.media/content/wowproductimages/medium/830739.jpg,2020-09-21 17:27:05,,0,,True
f6ed9753-7d2d-4cd9-a9b3-64675fceb4b3,Woolworths Supermarket,Pantry,Hart & Soul Noodle Soup Pho 155g,845865,$4.00,$2.58 / 100G,https://www.woolworths.com.au/shop/productdetails/845865/hart-soul-noodle-soup-pho,https://cdn0.woolworths.media/content/wowproductimages/medium/845865.jpg,2020-09-21 17:27:05,,0,,True
5a30ddac-b539-45a0-9703-745d2bf9c036,Woolworths Supermarket,Pantry,Hart & Soul Noodle Soup Laksa 155g,845903,$4.00,$2.58 / 100G,https://www.woolworths.com.au/shop/productdetails/845903/hart-soul-noodle-soup-laksa,https://cdn0.woolworths.media/content/wowproductimages/medium/845903.jpg,2020-09-21 17:27:05,,0,,True
585ab7ee-a47c-4838-98fa-6bba9caaa9bd,Woolworths Supermarket,Pantry,Dollar Sweets Candy Eyeball Decor 25g,847890,$3.00,$12.00 / 100G,https://www.woolworths.com.au/shop/productdetails/847890/dollar-sweets-candy-eyeball-decor,https://cdn0.woolworths.media/content/wowproductimages/medium/847890.jpg,2020-09-21 17:27:05,,0,,True
1a0a9ba7-c077-4b00-97e3-8c1416101636,Woolworths Supermarket,Pantry,Woolworths Beef Jerky Original 180g,851730,$10.00,$5.56 / 100G,https://www.woolworths.com.au/shop/productdetails/851730/woolworths-beef-jerky-original,https://cdn0.woolworths.media/content/wowproductimages/medium/851730.jpg,2020-09-21 17:27:05,,0,,True
3dab2930-d58a-4ab7-b20c-ee66229d3d05,Woolworths Supermarket,Pantry,Woolworths Snack Pot Nut Mix Chilli & Beer Flavour 150g,852414,$6.00,$40.00 / 1KG,https://www.woolworths.com.au/shop/productdetails/852414/woolworths-snack-pot-nut-mix-chilli-beer-flavour,https://cdn0.woolworths.media/content/wowproductimages/medium/852414.jpg,2020-09-21 17:27:05,Average product rating out of 5: 3.5. Product score is based on 262 ratings,262,2 for $10.00,True
ceb639eb-a3df-4a27-86ff-d9b5f5cf0934,Woolworths Supermarket,Pantry,Pana Raspberry Chocolate 45g,864353,$6.00,$13.33 / 100G,https://www.woolworths.com.au/shop/productdetails/864353/pana-raspberry-chocolate,https://cdn0.woolworths.media/content/wowproductimages/medium/864353.jpg,2020-09-21 17:27:05,Average product rating out of 5: 5.0. Product score is based on 3 ratings,3,Was $7.00 24/05/2018,True
2a02e49f-70d9-4572-9700-3e6e705f8d7c,Woolworths Supermarket,Pantry,Carman's 5 Grain & Seed Granola Almond Vanilla & Cinnamon 450g,867025,$5.00,$1.11 / 100G,https://www.woolworths.com.au/shop/productdetails/867025/carman-s-5-grain-seed-granola-almond-vanilla-cinnamon,https://cdn0.woolworths.media/content/wowproductimages/medium/867025.jpg,2020-09-21 17:27:05,,0,,True
33f021a2-1c10-44bd-9920-ffc03bc87bdd,Woolworths Supermarket,Pantry,Carman's 5 Grain & Seed Granola Pink Lady Apple & Blueberry 450g,867026,$5.00,$1.11 / 100G,https://www.woolworths.com.au/shop/productdetails/867026/carman-s-5-grain-seed-granola-pink-lady-apple-blueberry,https://cdn0.woolworths.media/content/wowproductimages/medium/867026.jpg,2020-09-21 17:27:05,,0,,True
a4020903-d493-490a-80f6-398b31a3b301,Woolworths Supermarket,Pantry,Arnold's Farm Porridge Sachets Apple & Brown Sugar 8 pack,874162,$5.00,$1.49 / 100G,https://www.woolworths.com.au/shop/productdetails/874162/arnold-s-farm-porridge-sachets-apple-brown-sugar,https://cdn0.woolworths.media/content/wowproductimages/medium/874162.jpg,2020-09-21 17:27:05,,0,,True
f1017710-9ded-445a-9f97-27cc79823c65,Woolworths Supermarket,Pantry,Arnold's Farm Premium Blend Tofe Apple Granola 500g,875156,$7.00,$1.40 / 100G,https://www.woolworths.com.au/shop/productdetails/875156/arnold-s-farm-premium-blend-tofe-apple-granola,https://cdn0.woolworths.media/content/wowproductimages/medium/875156.jpg,2020-09-21 17:27:05,,0,,True
272b80a2-0a1f-4708-909e-727d06c36a1c,Woolworths Supermarket,Pantry,Queen Buttercream Icing 300g,885370,$3.25,$1.08 / 100G,https://www.woolworths.com.au/shop/productdetails/885370/queen-buttercream-icing,https://cdn0.woolworths.media/content/wowproductimages/medium/885370.jpg,2020-09-21 17:27:05,,0,,True
519a3ecb-ac7c-4dcf-ab17-8221fe6fd44f,Woolworths Supermarket,Pantry,Woolworths Sea Salt Grinder 110g,887995,$2.95,$0.27 / 10G,https://www.woolworths.com.au/shop/productdetails/887995/woolworths-sea-salt-grinder,https://cdn0.woolworths.media/content/wowproductimages/medium/887995.jpg,2020-09-21 17:27:05,,0,,True
2683fdd0-ed7f-49d1-b9e5-bd26cbbeb9b4,Woolworths Supermarket,Pantry,The Happy Snack Company Roasted Fav-va Beans Balsamic Vinegar 6x25g,927838,$4.20,$2.80 / 100G,https://www.woolworths.com.au/shop/productdetails/927838/the-happy-snack-company-roasted-fav-va-beans-balsamic-vinegar,https://cdn0.woolworths.media/content/wowproductimages/medium/927838.jpg,2020-09-21 17:27:05,Average product rating out of 5: 5.0. Product score is based on 26 ratings,26,,True
7218cdb8-f6a3-45ce-bb75-c2a6a6817b40,Woolworths Supermarket,Pantry,The Happy Snack Company Kids Fav-va Beans Lightly Salted 10x15g,932514,$4.20,$2.80 / 100G,https://www.woolworths.com.au/shop/productdetails/932514/the-happy-snack-company-kids-fav-va-beans-lightly-salted,https://cdn0.woolworths.media/content/wowproductimages/medium/932514.jpg,2020-09-21 17:27:05,Average product rating out of 5: 4.5. Product score is based on 6 ratings,6,,True
644dd3eb-ba41-4a29-9b48-7f5e4c9b79d2,Woolworths Supermarket,Pantry,The Happy Snack Company Kids Fav-va Beans Pizza 10x15g,932517,$4.20,$2.80 / 100G,https://www.woolworths.com.au/shop/productdetails/932517/the-happy-snack-company-kids-fav-va-beans-pizza,https://cdn0.woolworths.media/content/wowproductimages/medium/932517.jpg,2020-09-21 17:27:05,Average product rating out of 5: 4.0. Product score is based on 7 ratings,7,,True
04f6561c-109c-4389-8190-72abc92cf929,Woolworths Supermarket,Pantry,Bhuja Beer Mix 160g,969732,$4.00,$25.00 / 1KG,https://www.woolworths.com.au/shop/productdetails/969732/bhuja-beer-mix,https://cdn0.woolworths.media/content/wowproductimages/medium/969732.jpg,2020-09-21 17:27:05,,0,,True
2337e0fc-deeb-41d3-a6a6-03e7fa54cd48,Woolworths Supermarket,Pantry,Always Fresh Kalamata Olives Jalapeno Stuffed 220g,008471,$5.40,$24.55 / 1KG,https://www.woolworths.com.au/shop/productdetails/8471/always-fresh-kalamata-olives-jalapeno-stuffed,https://cdn0.woolworths.media/content/wowproductimages/medium/008471.jpg,2020-09-21 17:27:05,,0,,True
66cd67ff-712a-4be8-89d0-9ee78b9b822d,Woolworths Supermarket,Pantry,Always Fresh Pepper Stuffed Kalamata Olives 220g,009157,$5.40,$24.55 / 1KG,https://www.woolworths.com.au/shop/productdetails/9157/always-fresh-pepper-stuffed-kalamata-olives,https://cdn0.woolworths.media/content/wowproductimages/medium/009157.jpg,2020-09-21 17:27:05,,0,,True
72db1235-c3fb-496f-8ea8-dcc1afa88f51,Woolworths Supermarket,Pantry,Always Fresh Organic Kalamata Pitted Olives 220g,009214,$4.80,$21.82 / 1KG,https://www.woolworths.com.au/shop/productdetails/9214/always-fresh-organic-kalamata-pitted-olives,https://cdn0.woolworths.media/content/wowproductimages/medium/009214.jpg,2020-09-21 17:27:05,,0,,True
26fd67f7-4984-489f-a0ea-cadc805b99fb,Woolworths Supermarket,Pantry,Always Fresh Organic Green Pitted Olives 220g,009215,$4.80,$21.82 / 1KG,https://www.woolworths.com.au/shop/productdetails/9215/always-fresh-organic-green-pitted-olives,https://cdn0.woolworths.media/content/wowproductimages/medium/009215.jpg,2020-09-21 17:27:05,,0,,True
126a68be-10a8-47e4-9ed9-2fe877a59751,Woolworths Supermarket,Pantry,Dj&a Crispy Coconut Roll 70g,058241,$2.50,$3.57 / 100G,https://www.woolworths.com.au/shop/productdetails/58241/dj-a-crispy-coconut-roll,https://cdn0.woolworths.media/content/wowproductimages/medium/058241.jpg,2020-09-21 17:27:05,,0,,True
6d68606f-fbb8-47c6-8a71-c2d8d39cd519,Woolworths Supermarket,Pantry,Sunrice Brown Rice Chips Farmhouse Cheddar 150g,113958,$5.00,$3.33 / 100G,https://www.woolworths.com.au/shop/productdetails/113958/sunrice-brown-rice-chips-farmhouse-cheddar,https://cdn0.woolworths.media/content/wowproductimages/medium/113958.jpg,2020-09-21 17:27:05,,0,,True
42bb2337-aaab-4cf2-a2f2-cdecc7e13b48,Woolworths Supermarket,Pantry,Shelby's Mint Dark Chocolate Almonds 40g,116301,$3.00,$7.50 / 100G,https://www.woolworths.com.au/shop/productdetails/116301/shelby-s-mint-dark-chocolate-almonds,https://cdn0.woolworths.media/content/wowproductimages/medium/116301.jpg,2020-09-21 17:27:05,,0,,True
35c0d69c-2c85-46b3-a2c2-5aa06c4fc9a3,Woolworths Supermarket,Pantry,Olina's Gluten Free Seeded Crackers Ancient Grains 100g,116554,$5.00,$5.00 / 100G,https://www.woolworths.com.au/shop/productdetails/116554/olina-s-gluten-free-seeded-crackers-ancient-grains,https://cdn0.woolworths.media/content/wowproductimages/medium/116554.jpg,2020-09-21 17:27:05,,0,,True
53c399be-7146-47b6-99e1-a179c94fa7d2,Woolworths Supermarket,Pantry,Ceres Organic Chickpea Crisps Himalayan Salt 100g,116748,$3.50,$3.50 / 100G,https://www.woolworths.com.au/shop/productdetails/116748/ceres-organic-chickpea-crisps-himalayan-salt,https://cdn0.woolworths.media/content/wowproductimages/medium/116748.jpg,2020-09-21 17:27:05,,0,,True
62023348-b322-47d7-ae88-65b85e2ac0d2,Woolworths Supermarket,Pantry,Warheads Mini Size Extreme Sour Hard Candy 49g,255866,$2.00,$4.08 / 100G,https://www.woolworths.com.au/shop/productdetails/255866/warheads-mini-size-extreme-sour-hard-candy,https://cdn0.woolworths.media/content/wowproductimages/medium/255866.jpg,2020-09-21 17:27:05,,0,,True
54435d91-a98d-4b78-a99d-c05b76b1516a,Woolworths Supermarket,Pantry,Beerenberg Fruit Chutney 290g,261314,$5.00,$1.72 / 100G,https://www.woolworths.com.au/shop/productdetails/261314/beerenberg-fruit-chutney,https://cdn0.woolworths.media/content/wowproductimages/medium/261314.jpg,2020-09-21 17:27:05,,0,,True
b423e2bc-0825-4d14-8580-fee540ceb98f,Woolworths Supermarket,Pantry,Uncle Tobys Roll-ups Rainbow Fruit Salad 6 pack,324233,$4.00,$4.26 / 100G,https://www.woolworths.com.au/shop/productdetails/324233/uncle-tobys-roll-ups-rainbow-fruit-salad,https://cdn0.woolworths.media/content/wowproductimages/medium/324233.jpg,2020-09-21 17:27:05,,0,,True
330fd5ab-eea5-485f-a3fe-e167197fb3a9,Woolworths Supermarket,Pantry,Woolworths Microwave Long Grain White Rice 250g,360343,$1.50,$0.60 / 100G,https://www.woolworths.com.au/shop/productdetails/360343/woolworths-microwave-long-grain-white-rice,https://cdn0.woolworths.media/content/wowproductimages/medium/360343.jpg,2020-09-21 17:27:05,Average product rating out of 5: 3.6. Product score is based on 352 ratings,352,,True
932cd3a9-e81a-4a2e-9e2c-ecd3da8b698f,Woolworths Supermarket,Pantry,Shelby's Bar Peanut Butter 40g,685599,$3.00,$7.50 / 100G,https://www.woolworths.com.au/shop/productdetails/685599/shelby-s-bar-peanut-butter,https://cdn0.woolworths.media/content/wowproductimages/medium/685599.jpg,2020-09-21 17:27:05,Average product rating out of 5: 4.0. Product score is based on 6 ratings,6,,True
1896a228-839c-4d17-ac3b-c0fa7657255b,Woolworths Supermarket,Pantry,Always Fresh Stuffed Peppers 280g,691515,$6.00,$21.43 / 1KG,https://www.woolworths.com.au/shop/productdetails/691515/always-fresh-stuffed-peppers,https://cdn0.woolworths.media/content/wowproductimages/medium/691515.jpg,2020-09-21 17:27:05,,0,,True
8ed792f8-5120-4c4c-b650-7cd9a89d1b22,Woolworths Supermarket,Pantry,Fehlbergs Sliced Jalapenos 1.95kg,691960,$11.00,$5.64 / 1KG,https://www.woolworths.com.au/shop/productdetails/691960/fehlbergs-sliced-jalapenos,https://cdn0.woolworths.media/content/wowproductimages/medium/691960.jpg,2020-09-21 17:27:05,,0,,True
e967b871-b3df-4352-b859-5db01e8bd351,Woolworths Supermarket,Pantry,Macro Organic Tomato Chutney 275g,705262,$3.60,$13.09 / 1KG,https://www.woolworths.com.au/shop/productdetails/705262/macro-organic-tomato-chutney,https://cdn0.woolworths.media/content/wowproductimages/medium/705262.jpg,2020-09-21 17:27:05,Average product rating out of 5: 4.2. Product score is based on 402 ratings,402,,True
d1733a0b-1d28-4562-b711-5c0cf0fe4cef,Woolworths Supermarket,Pantry,Woolworths Rosemary Fresh Herb 10g punnet,707370,$3.00,$3.00 / 10G,https://www.woolworths.com.au/shop/productdetails/707370/woolworths-rosemary-fresh-herb,https://cdn0.woolworths.media/content/wowproductimages/medium/707370.jpg,2020-09-21 17:27:05,,0,2 for $5.00,True
df3f9f5e-4646-4fdd-921e-327fcc699e66,Woolworths Supermarket,Pantry,Beerenberg Mango Chutney 280g,788574,$5.00,$1.79 / 100G,https://www.woolworths.com.au/shop/productdetails/788574/beerenberg-mango-chutney,https://cdn0.woolworths.media/content/wowproductimages/medium/788574.jpg,2020-09-21 17:27:05,,0,,True
5061caf0-7a4d-4b58-8dc0-3e7dc49f7190,Woolworths Supermarket,Pantry,Arlingtons Thai Chilli Hommus Snack Pot 95g,804277,$2.49,$2.62 / 100G,https://www.woolworths.com.au/shop/productdetails/804277/arlingtons-thai-chilli-hommus-snack-pot,https://cdn0.woolworths.media/content/wowproductimages/medium/804277.jpg,2020-09-21 17:27:05,,0,,True
e4fbb963-96d8-431b-a356-8a626c88557f,Woolworths Supermarket,Pantry,Pascall Choc Mallows Bites Raspberry 160g,021463,$4.00,$2.50 / 100G,https://www.woolworths.com.au/shop/productdetails/21463/pascall-choc-mallows-bites-raspberry,https://cdn0.woolworths.media/content/wowproductimages/medium/021463.jpg,2020-09-21 17:27:05,,0,,True
ed896f50-3b9d-4c09-b5b6-65578f60370d,Woolworths Supermarket,Pantry,Calbee Harvest Snaps Honey Soy 93g,053155,$3.00,$32.26 / 1KG,https://www.woolworths.com.au/shop/productdetails/53155/calbee-harvest-snaps-honey-soy,https://cdn0.woolworths.media/content/wowproductimages/medium/053155.jpg,2020-09-21 17:27:05,,0,,True
8d628a68-4f46-4f13-bc32-dd248ae36ef4,Woolworths Supermarket,Pantry,Sam's Pantry Swiss Muesli With Fruits & Nuts Natural Muesli 500g,058248,$3.50,$0.70 / 100G,https://www.woolworths.com.au/shop/productdetails/58248/sam-s-pantry-swiss-muesli-with-fruits-nuts-natural-muesli,https://cdn0.woolworths.media/content/wowproductimages/medium/058248.jpg,2020-09-21 17:27:05,Average product rating out of 5: 4.1. Product score is based on 197 ratings,197,,True
47faf93a-7e3d-49ee-bd33-821ae9af25cd,Woolworths Supermarket,Pantry,Red Island Evoo High Heat 500ml,059782,$9.00,$1.80 / 100ML,https://www.woolworths.com.au/shop/productdetails/59782/red-island-evoo-high-heat,https://cdn0.woolworths.media/content/wowproductimages/medium/059782.jpg,2020-09-21 17:27:05,,0,,True
e426e13d-0572-446b-8757-25828eafff33,Woolworths Supermarket,Pantry,Birch & Waite Asian Sesame Soy & Ginger Dressing 250ml,060052,$5.00,$2.00 / 100ML,https://www.woolworths.com.au/shop/productdetails/60052/birch-waite-asian-sesame-soy-ginger-dressing,https://cdn0.woolworths.media/content/wowproductimages/medium/060052.jpg,2020-09-21 17:27:05,,0,,True
3ef26128-9e18-4aae-aa43-872d2445b8e2,Woolworths Supermarket,Pantry,Upbeat Tex Mex Quinoa 80g,061674,$5.00,$6.25 / 100G,https://www.woolworths.com.au/shop/productdetails/61674/upbeat-tex-mex-quinoa,https://cdn0.woolworths.media/content/wowproductimages/medium/061674.jpg,2020-09-21 17:27:05,Average product rating out of 5: 2.8. Product score is based on 4 ratings,4,,True
dc18c3ea-497b-43b3-b75c-a4e76af50371,Woolworths Supermarket,Pantry,Upbeat Thai Curry Lentils 80g,061685,$5.00,$6.25 / 100G,https://www.woolworths.com.au/shop/productdetails/61685/upbeat-thai-curry-lentils,https://cdn0.woolworths.media/content/wowproductimages/medium/061685.jpg,2020-09-21 17:27:05,Average product rating out of 5: 3.0. Product score is based on 3 ratings,3,,True
9c884919-e034-4a67-92af-2032f132993e,Woolworths Supermarket,Pantry,Upbeat Creamy Mushroom Buckwheat 80g,061686,$5.00,$6.25 / 100G,https://www.woolworths.com.au/shop/productdetails/61686/upbeat-creamy-mushroom-buckwheat,https://cdn0.woolworths.media/content/wowproductimages/medium/061686.jpg,2020-09-21 17:27:05,Average product rating out of 5: 2.7. Product score is based on 6 ratings,6,,True
1ea86d23-91fe-43ec-97d1-909cb849661b,Woolworths Supermarket,Pantry,Upbeat Coconut Curried Lentils 80g,061687,$5.00,$6.25 / 100G,https://www.woolworths.com.au/shop/productdetails/61687/upbeat-coconut-curried-lentils,https://cdn0.woolworths.media/content/wowproductimages/medium/061687.jpg,2020-09-21 17:27:05,Average product rating out of 5: 2.5. Product score is based on 4 ratings,4,,True
8b31df66-1fdf-40aa-92c2-1711595d5e17,Woolworths Supermarket,Pantry,Macro Honey Toasted Muesli With Seeds 500g,068787,$4.40,$0.88 / 100G,https://www.woolworths.com.au/shop/productdetails/68787/macro-honey-toasted-muesli-with-seeds,https://cdn0.woolworths.media/content/wowproductimages/medium/068787.jpg,2020-09-21 17:27:05,Average product rating out of 5: 4.0. Product score is based on 2 ratings,2,,True
8e2f7c9f-a643-4817-9cb9-ac52bbec0bc2,Woolworths Supermarket,Pantry,Bertolli Organic Extra Virgin Olive Oil 1l,071794,$18.00,$1.80 / 100ML,https://www.woolworths.com.au/shop/productdetails/71794/bertolli-organic-extra-virgin-olive-oil,https://cdn0.woolworths.media/content/wowproductimages/medium/071794.jpg,2020-09-21 17:27:05,,0,,True
a8a69bac-6af2-41e6-b354-14f71f45373e,Woolworths Supermarket,Pantry,Murray River Organics 100% Organic Avocado Oil 250ml,080926,$8.00,$3.20 / 100ML,https://www.woolworths.com.au/shop/productdetails/80926/murray-river-organics-100-organic-avocado-oil,https://cdn0.woolworths.media/content/wowproductimages/medium/080926.jpg,2020-09-21 17:27:05,,0,,True
da957192-a1ce-43ba-b8a6-58aeee0dda91,Woolworths Supermarket,Pantry,Pureharvest Organic Tamari Gluten Free Soy Sauce 250ml,081785,$3.00,$1.20 / 100ML,https://www.woolworths.com.au/shop/productdetails/81785/pureharvest-organic-tamari-gluten-free-soy-sauce,https://cdn0.woolworths.media/content/wowproductimages/medium/081785.jpg,2020-09-21 17:27:05,Average product rating out of 5: 4.9. Product score is based on 7 ratings,7,,True
63602fd9-7ff0-4700-81da-09960120aa0c,Woolworths Supermarket,Pantry,Plant Life Food Co. Nut Bar Granola Dark Chocolate Apricot & Almond 400g,085104,$8.00,$2.00 / 100G,https://www.woolworths.com.au/shop/productdetails/85104/plant-life-food-co-nut-bar-granola-dark-chocolate-apricot-almond,https://cdn0.woolworths.media/content/wowproductimages/medium/085104.jpg,2020-09-21 17:27:05,,0,,True
44997b7f-a038-40ff-a096-7b630f316deb,Woolworths Supermarket,Pantry,Farmer Jo Gluten Free Paleo Muesli 300g,085136,$8.00,$2.67 / 100G,https://www.woolworths.com.au/shop/productdetails/85136/farmer-jo-gluten-free-paleo-muesli,https://cdn0.woolworths.media/content/wowproductimages/medium/085136.jpg,2020-09-21 17:27:05,,0,,True
ba7349a9-f084-4812-961d-e9c1b8f76df7,Woolworths Supermarket,Pantry,Macro Flaxseed Oil 200ml,090695,$9.00,$4.50 / 100ML,https://www.woolworths.com.au/shop/productdetails/90695/macro-flaxseed-oil,https://cdn0.woolworths.media/content/wowproductimages/medium/090695.jpg,2020-09-21 17:27:05,,0,,True
dfd04628-dea6-41ab-95d4-47de80316821,Woolworths Supermarket,Pantry,Ceres Organics Teriyaki Bbq Snack 8 pack,105722,$5.50,$34.38 / 100G,https://www.woolworths.com.au/shop/productdetails/105722/ceres-organics-teriyaki-bbq-snack,https://cdn0.woolworths.media/content/wowproductimages/medium/105722.jpg,2020-09-21 17:27:05,,0,,True
34357000-9e0e-4381-b007-ccc3adbb46fc,Woolworths Supermarket,Pantry,Olina's Gluten Free Seeded Crackers Chia Seed 100g,116425,$5.00,$5.00 / 100G,https://www.woolworths.com.au/shop/productdetails/116425/olina-s-gluten-free-seeded-crackers-chia-seed,https://cdn0.woolworths.media/content/wowproductimages/medium/116425.jpg,2020-09-21 17:27:05,,0,,True
33ffa2d5-d1c3-4cda-a20c-757da447fb74,Woolworths Supermarket,Pantry,Food For Health Fruit Free Bars With Sea Salt & Caramel 6 pack,116980,$7.00,$4.67 / 100G,https://www.woolworths.com.au/shop/productdetails/116980/food-for-health-fruit-free-bars-with-sea-salt-caramel,https://cdn0.woolworths.media/content/wowproductimages/medium/116980.jpg,2020-09-21 17:27:05,,0,,True
d0c82d5f-e68d-472e-9060-f6744644ac99,Woolworths Supermarket,Pantry,Nando's Sauce Peri Peri Hot 125ml,117413,$3.85,$3.08 / 100G,https://www.woolworths.com.au/shop/productdetails/117413/nando-s-sauce-peri-peri-hot,https://cdn0.woolworths.media/content/wowproductimages/medium/117413.jpg,2020-09-21 17:27:05,,0,,True
2ad8bfeb-602e-4717-822b-561076b3b8d0,Woolworths Supermarket,Pantry,Pb2 Peanut Powder With Cocoa 184g,117534,$10.00,$5.43 / 100G,https://www.woolworths.com.au/shop/productdetails/117534/pb2-peanut-powder-with-cocoa,https://cdn0.woolworths.media/content/wowproductimages/medium/117534.jpg,2020-09-21 17:27:05,,0,,True
3c4ae751-ed16-40d6-941f-9d114e480603,Woolworths Supermarket,Pantry,180 Degrees Almond Oat Crackers 150g,289909,$4.80,$3.20 / 100G,https://www.woolworths.com.au/shop/productdetails/289909/180-degrees-almond-oat-crackers,https://cdn0.woolworths.media/content/wowproductimages/medium/289909.jpg,2020-09-21 17:27:05,,0,,True
d4b7086a-e411-4062-b213-b0d826854c16,Woolworths Supermarket,Pantry,Ceres Organics Tamari Soy Sauce Wheat Free 250ml,308628,$8.30,$3.32 / 100ML,https://www.woolworths.com.au/shop/productdetails/308628/ceres-organics-tamari-soy-sauce-wheat-free,https://cdn0.woolworths.media/content/wowproductimages/medium/308628.jpg,2020-09-21 17:27:05,Average product rating out of 5: 5.0. Product score is based on 4 ratings,4,,True
f6b4b21d-e37f-45a1-b86a-e58d8d11883d,Woolworths Supermarket,Pantry,Woolworths Pepper Grinder Medley 45g,329570,$2.95,$0.66 / 10G,https://www.woolworths.com.au/shop/productdetails/329570/woolworths-pepper-grinder-medley,https://cdn0.woolworths.media/content/wowproductimages/medium/329570.jpg,2020-09-21 17:27:05,Average product rating out of 5: 4.6. Product score is based on 135 ratings,135,,True
23f24692-88c2-4dac-b0f3-bc92ab16a100,Woolworths Supermarket,Pantry,Woolworths Pepper Grinder Black Peppercorn 50g,334639,$2.95,$0.59 / 10G,https://www.woolworths.com.au/shop/productdetails/334639/woolworths-pepper-grinder-black-peppercorn,https://cdn0.woolworths.media/content/wowproductimages/medium/334639.jpg,2020-09-21 17:27:05,Average product rating out of 5: 4.7. Product score is based on 156 ratings,156,,True
610b1576-0320-4efc-afd2-d81fe1fc45f2,Woolworths Supermarket,Pantry,Macro Organic Hulled Tahini Spread 375g,334757,$5.00,$1.33 / 100G,https://www.woolworths.com.au/shop/productdetails/334757/macro-organic-hulled-tahini-spread,https://cdn0.woolworths.media/content/wowproductimages/medium/334757.jpg,2020-09-21 17:27:05,Average product rating out of 5: 4.6. Product score is based on 38 ratings,38,,True
649ae2c0-4511-4f26-abfc-fb9cdb7a12e9,Woolworths Supermarket,Pantry,Macro Fruit & Nut Roasted Mix 500g,334873,$10.00,$20.00 / 1KG,https://www.woolworths.com.au/shop/productdetails/334873/macro-fruit-nut-roasted-mix,https://cdn0.woolworths.media/content/wowproductimages/medium/334873.jpg,2020-09-21 17:27:05,Average product rating out of 5: 4.0. Product score is based on 7 ratings,7,,True
bda2c83d-ac5c-4911-a8ff-098183124c3e,Woolworths Supermarket,Pantry,Maggi 2 Minute Instant Value Pack Chicken Noodles 12 pack,343892,$8.00,$0.93 / 100G,https://www.woolworths.com.au/shop/productdetails/343892/maggi-2-minute-instant-value-pack-chicken-noodles,https://cdn0.woolworths.media/content/wowproductimages/medium/343892.jpg,2020-09-21 17:27:05,,0,Was 9.00 25/07/2016,True
820d453e-3f0f-43c1-ab1c-c57feda44131,Woolworths Supermarket,Pantry,Woolworths Almonds Tamari 225g,369518,$6.00,$26.67 / 1KG,https://www.woolworths.com.au/shop/productdetails/369518/woolworths-almonds-tamari,https://cdn0.woolworths.media/content/wowproductimages/medium/369518.jpg,2020-09-21 17:27:05,Average product rating out of 5: 4.0. Product score is based on 437 ratings,437,2 for $10.00,True
e76aaa6f-667b-4f2a-a3b6-0ebf9d4ebd52,Woolworths Supermarket,Pantry,Ceres Organics Coconut Aminos Seasoning 250ml,446573,$9.00,$3.60 / 100ML,https://www.woolworths.com.au/shop/productdetails/446573/ceres-organics-coconut-aminos-seasoning,https://cdn0.woolworths.media/content/wowproductimages/medium/446573.jpg,2020-09-21 17:27:05,Average product rating out of 5: 4.8. Product score is based on 4 ratings,4,,True
933f2cef-7ca6-4560-8248-e75297c9adc0,Woolworths Supermarket,Pantry,Ceres Organic Brown Rice Crackers Seaweed 115g,446585,$3.10,$2.70 / 100G,https://www.woolworths.com.au/shop/productdetails/446585/ceres-organic-brown-rice-crackers-seaweed,https://cdn0.woolworths.media/content/wowproductimages/medium/446585.jpg,2020-09-21 17:27:05,Average product rating out of 5: 5.0. Product score is based on 1 ratings,1,,True
ca38b481-5965-472a-8bfc-e20ffad6bbb9,Woolworths Supermarket,Pantry,Ceres Organics Roasted Seaweed Teriyaki Nori 5g,478351,$1.80,$36.00 / 100G,https://www.woolworths.com.au/shop/productdetails/478351/ceres-organics-roasted-seaweed-teriyaki-nori,https://cdn0.woolworths.media/content/wowproductimages/medium/478351.jpg,2020-09-21 17:27:05,Average product rating out of 5: 4.7. Product score is based on 3 ratings,3,,True
ef41da33-ff01-426d-840e-a5dae352a038,Woolworths Supermarket,Pantry,Fodmapped For You Roasted Pumpkin & Sage Soup 500g,647691,$8.00,$1.60 / 100G,https://www.woolworths.com.au/shop/productdetails/647691/fodmapped-for-you-roasted-pumpkin-sage-soup,https://cdn0.woolworths.media/content/wowproductimages/medium/647691.jpg,2020-09-21 17:27:05,,0,,True
c96ed028-3799-4f9c-a9be-18661b9b2c83,Woolworths Supermarket,Pantry,Fodmapped For You Red Wine & Italian Herbs Tomato Pasta Sauce 375g,647692,$5.50,$1.47 / 100G,https://www.woolworths.com.au/shop/productdetails/647692/fodmapped-for-you-red-wine-italian-herbs-tomato-pasta-sauce,https://cdn0.woolworths.media/content/wowproductimages/medium/647692.jpg,2020-09-21 17:27:05,,0,,True
dd965f07-30f2-4f6f-bcec-26b427a304da,Woolworths Supermarket,Pantry,Fodmapped For You Simmer Sauce Green Curry 200g,647693,$5.00,$2.50 / 100G,https://www.woolworths.com.au/shop/productdetails/647693/fodmapped-for-you-simmer-sauce-green-curry,https://cdn0.woolworths.media/content/wowproductimages/medium/647693.jpg,2020-09-21 17:27:05,Average product rating out of 5: 5.0. Product score is based on 1 ratings,1,,True
acb589a8-8ebf-4c79-ae37-b272a8423f5a,Woolworths Supermarket,Pantry,Fodmapped For You Slow Roasted Vegetables Tomato Pasta Sauce 375g,647694,$5.50,$1.47 / 100G,https://www.woolworths.com.au/shop/productdetails/647694/fodmapped-for-you-slow-roasted-vegetables-tomato-pasta-sauce,https://cdn0.woolworths.media/content/wowproductimages/medium/647694.jpg,2020-09-21 17:27:05,Average product rating out of 5: 5.0. Product score is based on 1 ratings,1,,True
2682b8a0-8922-42bf-831a-da755f7c2b11,Woolworths Supermarket,Pantry,Fodmapped For You Simmer Sauce Butter Chicken Curry 200g,647695,$5.00,$2.50 / 100G,https://www.woolworths.com.au/shop/productdetails/647695/fodmapped-for-you-simmer-sauce-butter-chicken-curry,https://cdn0.woolworths.media/content/wowproductimages/medium/647695.jpg,2020-09-21 17:27:05,Average product rating out of 5: 5.0. Product score is based on 2 ratings,2,,True
78b32951-ac65-44ac-b7f8-9f04bd234869,Woolworths Supermarket,Pantry,Food For Health Nutty Almond Clusters Clusters 425g,662195,$8.00,$1.88 / 100G,https://www.woolworths.com.au/shop/productdetails/662195/food-for-health-nutty-almond-clusters-clusters,https://cdn0.woolworths.media/content/wowproductimages/medium/662195.jpg,2020-09-21 17:27:05,Average product rating out of 5: 3.8. Product score is based on 4 ratings,4,,True
cdf61963-8fd0-4c2f-a7e8-8a7df58b4d69,Woolworths Supermarket,Pantry,Macro Turmeric Latte 100g,671993,$6.00,$6.00 / 100G,https://www.woolworths.com.au/shop/productdetails/671993/macro-turmeric-latte,https://cdn0.woolworths.media/content/wowproductimages/medium/671993.jpg,2020-09-21 17:27:05,Average product rating out of 5: 2.5. Product score is based on 381 ratings,381,,True
9f80214a-98df-43b8-8673-ed4416daf2d8,Woolworths Supermarket,Pantry,Macro Banana Flour 300g,674705,$6.00,$2.00 / 100G,https://www.woolworths.com.au/shop/productdetails/674705/macro-banana-flour,https://cdn0.woolworths.media/content/wowproductimages/medium/674705.jpg,2020-09-21 17:27:05,Average product rating out of 5: 3.6. Product score is based on 304 ratings,304,,True
31850859-d8ef-4cc4-b4d5-65cc438fea0e,Woolworths Supermarket,Pantry,S&b Golden Curry Mix Mild 92g,682526,$3.80,$4.13 / 100G,https://www.woolworths.com.au/shop/productdetails/682526/s-b-golden-curry-mix-mild,https://cdn0.woolworths.media/content/wowproductimages/medium/682526.jpg,2020-09-21 17:27:05,,0,,True
a1fed122-e99a-4964-99b5-57e8dc937117,Woolworths Supermarket,Pantry,"Forbidden Foods Brekky Black Rice, Honey & Cinnamon Pudding 125g",684084,$3.50,$2.80 / 100G,https://www.woolworths.com.au/shop/productdetails/684084/forbidden-foods-brekky-black-rice-honey-cinnamon-pudding,https://cdn0.woolworths.media/content/wowproductimages/medium/684084.jpg,2020-09-21 17:27:05,Average product rating out of 5: 4.6. Product score is based on 7 ratings,7,,True
e20fa8e7-6455-4464-9600-763e97b246bf,Woolworths Supermarket,Pantry,Macro Brewers Yeast 225g,686545,$6.00,$2.67 / 100G,https://www.woolworths.com.au/shop/productdetails/686545/macro-brewers-yeast,https://cdn0.woolworths.media/content/wowproductimages/medium/686545.jpg,2020-09-21 17:27:05,Average product rating out of 5: 3.9. Product score is based on 9 ratings,9,,True
79ef7241-1548-448f-a45d-52ea2c9e6ea1,Woolworths Supermarket,Pantry,Macro Bulgur Wheat 500g,686547,$4.00,$0.80 / 100G,https://www.woolworths.com.au/shop/productdetails/686547/macro-bulgur-wheat,https://cdn0.woolworths.media/content/wowproductimages/medium/686547.jpg,2020-09-21 17:27:05,Average product rating out of 5: 3.8. Product score is based on 187 ratings,187,,True
2bbd5b89-d41e-4461-b8bb-6f7c4a1b7679,Woolworths Supermarket,Pantry,Ceres Organics Rice Cakes Quinoa 110g,693004,$3.10,$2.82 / 100G,https://www.woolworths.com.au/shop/productdetails/693004/ceres-organics-rice-cakes-quinoa,https://cdn0.woolworths.media/content/wowproductimages/medium/693004.jpg,2020-09-21 17:27:05,Average product rating out of 5: 5.0. Product score is based on 1 ratings,1,,True
b4f5453c-e4c3-4221-87d0-904262e4ca0f,Woolworths Supermarket,Pantry,Macro Organic Brewers Yeast Cookies Buckwheat & Cacao 210g,698056,$8.00,$3.81 / 100G,https://www.woolworths.com.au/shop/productdetails/698056/macro-organic-brewers-yeast-cookies-buckwheat-cacao,https://cdn0.woolworths.media/content/wowproductimages/medium/698056.jpg,2020-09-21 17:27:05,Average product rating out of 5: 3.2. Product score is based on 250 ratings,250,,True
f48d8540-6a9c-4842-b48b-38480eb08191,Woolworths Supermarket,Pantry,Woolworths Curry Leaf Fresh Herb 5g punnet,707361,$3.00,$6.00 / 10G,https://www.woolworths.com.au/shop/productdetails/707361/woolworths-curry-leaf-fresh-herb,https://cdn0.woolworths.media/content/wowproductimages/medium/707361.jpg,2020-09-21 17:27:05,,0,2 for $5.00,True
98b6beee-a8c1-40a7-a575-4a6d94bc3a43,Woolworths Supermarket,Pantry,Woolworths Lemongrass Fresh Herb 30g punnet,707362,$3.00,$1.00 / 10G,https://www.woolworths.com.au/shop/productdetails/707362/woolworths-lemongrass-fresh-herb,https://cdn0.woolworths.media/content/wowproductimages/medium/707362.jpg,2020-09-21 17:27:05,,0,2 for $5.00,True
2c2b7c4f-2a5a-4b60-81a7-01fe40d3e9a7,Woolworths Supermarket,Pantry,Birch & Waite Balsamic Vinaigrette 250ml,710168,$5.00,$2.00 / 100ML,https://www.woolworths.com.au/shop/productdetails/710168/birch-waite-balsamic-vinaigrette,https://cdn0.woolworths.media/content/wowproductimages/medium/710168.jpg,2020-09-21 17:27:05,,0,,True
5a9327b3-e6df-4ce9-abf5-a2d49007215d,Woolworths Supermarket,Pantry,Ceres Organics Brown Crackers Sour Cream 115g,726468,$3.10,$2.70 / 100G,https://www.woolworths.com.au/shop/productdetails/726468/ceres-organics-brown-crackers-sour-cream,https://cdn0.woolworths.media/content/wowproductimages/medium/726468.jpg,2020-09-21 17:27:05,Average product rating out of 5: 5.0. Product score is based on 1 ratings,1,,True
dee304c2-e43e-4de4-9d8b-0d4259a071e3,Woolworths Supermarket,Pantry,Ceres Organics Garlic Aioli 235g,726489,$6.50,$2.77 / 100G,https://www.woolworths.com.au/shop/productdetails/726489/ceres-organics-garlic-aioli,https://cdn0.woolworths.media/content/wowproductimages/medium/726489.jpg,2020-09-21 17:27:05,Average product rating out of 5: 4.3. Product score is based on 3 ratings,3,,True
7ccddc11-a4a8-4c6c-b5f4-481860c121d8,Woolworths Supermarket,Pantry,Ceres Organics Gherkins 670g,726507,,,https://www.woolworths.com.au/shop/productdetails/726507/ceres-organics-gherkins,https://cdn0.woolworths.media/content/wowproductimages/medium/726507.jpg,2020-09-21 17:27:05,Average product rating out of 5: 4.8. Product score is based on 4 ratings,4,,False
406ad478-0af1-4c82-9558-554edf7bbbd4,Woolworths Supermarket,Pantry,Ceres Organics Brown Crackers Salt & Vinegar 115g,726520,$3.10,,https://www.woolworths.com.au/shop/productdetails/726520/ceres-organics-brown-crackers-salt-vinegar,https://cdn0.woolworths.media/content/wowproductimages/medium/726520.jpg,2020-09-21 17:27:05,,0,,True
b5cb9675-0f99-40bc-aee5-5c6f74ca474d,Woolworths Supermarket,Pantry,Fodmapped For You Slow Cooked Chicken Stock 500ml,743674,$8.00,$1.60 / 100ML,https://www.woolworths.com.au/shop/productdetails/743674/fodmapped-for-you-slow-cooked-chicken-stock,https://cdn0.woolworths.media/content/wowproductimages/medium/743674.jpg,2020-09-21 17:27:05,Average product rating out of 5: 3.5. Product score is based on 2 ratings,2,,True
98086dbe-31a7-4336-9d94-f5f2898ab4eb,Woolworths Supermarket,Pantry,Sunstone Balsamic Vinegar Caramelised 250ml,781482,$16.90,$6.76 / 100ML,https://www.woolworths.com.au/shop/productdetails/781482/sunstone-balsamic-vinegar-caramelised,https://cdn0.woolworths.media/content/wowproductimages/medium/781482.jpg,2020-09-21 17:27:05,,0,,True
6e0a9058-5217-4fcb-a99f-5fb23ffdcdb1,Woolworths Supermarket,Pantry,Farmer Jo Salted Maple Baked Muesli With Cashews & Roasted Almond 400g,810212,$6.00,$1.50 / 100G,https://www.woolworths.com.au/shop/productdetails/810212/farmer-jo-salted-maple-baked-muesli-with-cashews-roasted-almond,https://cdn0.woolworths.media/content/wowproductimages/medium/810212.jpg,2020-09-21 17:27:05,,0,,True
eb242826-d9fd-4124-b7b4-9cfc3a523a4b,Woolworths Supermarket,Pantry,Macro Cricket Protein Powder 100g,810770,$8.00,$8.00 / 100G,https://www.woolworths.com.au/shop/productdetails/810770/macro-cricket-protein-powder,https://cdn0.woolworths.media/content/wowproductimages/medium/810770.jpg,2020-09-21 17:27:05,,0,,True
92960128-38d4-454b-bff5-eb01d1a8294a,Woolworths Supermarket,Pantry,Ceres Organics Sriracha Chilli Sauce 330g,811395,$6.00,$2.40 / 100ML,https://www.woolworths.com.au/shop/productdetails/811395/ceres-organics-sriracha-chilli-sauce,https://cdn0.woolworths.media/content/wowproductimages/medium/811395.jpg,2020-09-21 17:27:05,,0,,True
5da8abc4-5761-48c4-a652-f983bd3f3241,Woolworths Supermarket,Pantry,Ceres Organics Chilli Gherkins 670g,811396,$6.50,$0.97 / 100G,https://www.woolworths.com.au/shop/productdetails/811396/ceres-organics-chilli-gherkins,https://cdn0.woolworths.media/content/wowproductimages/medium/811396.jpg,2020-09-21 17:27:05,,0,,True
65bc712c-0ce5-43fd-8ef7-7bf0f7c4856e,Woolworths Supermarket,Pantry,Ceres Organics Raw Bar Salted Caramel 50g,814703,$3.00,$6.00 / 100G,https://www.woolworths.com.au/shop/productdetails/814703/ceres-organics-raw-bar-salted-caramel,https://cdn0.woolworths.media/content/wowproductimages/medium/814703.jpg,2020-09-21 17:27:05,,0,,True
b5fca0b2-a8d1-48c7-a51a-5c581c717a4f,Woolworths Supermarket,Pantry,Campbell's Bone Broth Beef 500ml,820266,$7.00,$1.40 / 100ML,https://www.woolworths.com.au/shop/productdetails/820266/campbell-s-bone-broth-beef,https://cdn0.woolworths.media/content/wowproductimages/medium/820266.jpg,2020-09-21 17:27:05,,0,,True
eeca4667-d575-45b4-8447-3d6b29c1b49a,Woolworths Supermarket,Pantry,Campbell's Bone Broth Chicken 500ml,820275,$7.00,$1.40 / 100ML,https://www.woolworths.com.au/shop/productdetails/820275/campbell-s-bone-broth-chicken,https://cdn0.woolworths.media/content/wowproductimages/medium/820275.jpg,2020-09-21 17:27:05,,0,,True
9a1a2f5f-2b61-4706-84d3-87f5da93fb53,Woolworths Supermarket,Pantry,Creative Kitchen Gold Delight 4 Compartment Jar each,828689,$6.00,$4.14 / 100G,https://www.woolworths.com.au/shop/productdetails/828689/creative-kitchen-gold-delight-4-compartment-jar,https://cdn0.woolworths.media/content/wowproductimages/medium/828689.jpg,2020-09-21 17:27:05,,0,,True
16a613d0-3559-4a3b-bfde-af80e643d757,Woolworths Supermarket,Pantry,Macro Lavender Latte 100g,869076,$6.00,$6.00 / 100G,https://www.woolworths.com.au/shop/productdetails/869076/macro-lavender-latte,https://cdn0.woolworths.media/content/wowproductimages/medium/869076.jpg,2020-09-21 17:27:05,Average product rating out of 5: 4.5. Product score is based on 4 ratings,4,,True
f6c2c999-0641-4d2a-aa9f-e6d4c22e651a,Woolworths Supermarket,Pantry,Macro Flavoured Textured Vegetable Protein Asian 100g,869078,$4.00,$4.00 / 100G,https://www.woolworths.com.au/shop/productdetails/869078/macro-flavoured-textured-vegetable-protein-asian,https://cdn0.woolworths.media/content/wowproductimages/medium/869078.jpg,2020-09-21 17:27:05,Average product rating out of 5: 3.7. Product score is based on 17 ratings,17,,True
fa330bff-e627-446b-8252-08bc2cf2d430,Woolworths Supermarket,Pantry,Macro Flavoured Textured Vegetable Protein Italian 100g,869079,$4.00,$4.00 / 100G,https://www.woolworths.com.au/shop/productdetails/869079/macro-flavoured-textured-vegetable-protein-italian,https://cdn0.woolworths.media/content/wowproductimages/medium/869079.jpg,2020-09-21 17:27:05,Average product rating out of 5: 4.1. Product score is based on 14 ratings,14,,True
552077f6-1478-4a6e-9080-bb3a54965427,Woolworths Supermarket,Pantry,Plantitude Vegan Mac & Cheeze Chilli 200g,869208,$6.00,$3.00 / 100G,https://www.woolworths.com.au/shop/productdetails/869208/plantitude-vegan-mac-cheeze-chilli,https://cdn0.woolworths.media/content/wowproductimages/medium/869208.jpg,2020-09-21 17:27:05,Average product rating out of 5: 2.6. Product score is based on 143 ratings,143,,True
04a726d1-e36d-4860-86f5-f4134bb49025,Woolworths Supermarket,Pantry,Ceres Organics Snack Seaweed Salt Vinegar 5g,871330,$1.80,$36.00 / 100G,https://www.woolworths.com.au/shop/productdetails/871330/ceres-organics-snack-seaweed-salt-vinegar,https://cdn0.woolworths.media/content/wowproductimages/medium/871330.jpg,2020-09-21 17:27:05,Average product rating out of 5: 5.0. Product score is based on 1 ratings,1,,True
d44d09e5-aa4b-416a-8f00-2b7eba20441e,Woolworths Supermarket,Pantry,Bull's-eye Sweet Whiskey Glaze 300ml,880916,$2.00,$0.67 / 100ML,https://www.woolworths.com.au/shop/productdetails/880916/bull-s-eye-sweet-whiskey-glaze,https://cdn0.woolworths.media/content/wowproductimages/medium/880916.jpg,2020-09-21 17:27:05,,0,,True
78b3a8d0-b8ec-475c-821e-d16d2e25a066,Woolworths Supermarket,Pantry,Woolworths Pink Himalayan Salt Grinder 110g,887994,$2.60,$0.24 / 10G,https://www.woolworths.com.au/shop/productdetails/887994/woolworths-pink-himalayan-salt-grinder,https://cdn0.woolworths.media/content/wowproductimages/medium/887994.jpg,2020-09-21 17:27:05,,0,,True
d800215d-96b7-4447-84db-16f087231933,Woolworths Supermarket,Pantry,Connect Foods Organic Lucuma Powder 150g,062064,$10.00,$6.67 / 100G,https://www.woolworths.com.au/shop/productdetails/62064/connect-foods-organic-lucuma-powder,https://cdn0.woolworths.media/content/wowproductimages/medium/062064.jpg,2020-09-21 17:27:05,,0,,True
09e72e9e-c7c7-4a0d-ba55-c8516caa3d52,Woolworths Supermarket,Pantry,Niulife Cocomino Vegan Fysh Sauce 250ml,065862,$7.00,$2.80 / 100ML,https://www.woolworths.com.au/shop/productdetails/65862/niulife-cocomino-vegan-fysh-sauce,https://cdn0.woolworths.media/content/wowproductimages/medium/065862.jpg,2020-09-21 17:27:05,Average product rating out of 5: 4.7. Product score is based on 3 ratings,3,,True
70b3b2b3-60de-4041-b357-7d06723c50f9,Woolworths Supermarket,Pantry,Woolworths Diced Italian Tomatoes Basil & Oregano 400g,569804,$1.10,$2.75 / 1KG,https://www.woolworths.com.au/shop/productdetails/569804/woolworths-diced-italian-tomatoes-basil-oregano,https://cdn0.woolworths.media/content/wowproductimages/medium/569804.jpg,2020-09-21 17:27:05,,0,,True
bc9760f8-88de-42ad-b0e4-8a2075fe28b8,Woolworths Supermarket,Pantry,Woolworths Eucalyptus Drops 150g,603421,$2.00,$1.33 / 100G,https://www.woolworths.com.au/shop/productdetails/603421/woolworths-eucalyptus-drops,https://cdn0.woolworths.media/content/wowproductimages/medium/603421.jpg,2020-09-21 17:27:05,Average product rating out of 5: 3.8. Product score is based on 1082 ratings,1082,,True
25eb44e4-6e75-45b4-9311-8625a177d95e,Woolworths Supermarket,Pantry,Woolworths Yoghurt Berry 80g,770121,$2.00,$23.53 / 1KG,https://www.woolworths.com.au/shop/productdetails/770121/woolworths-yoghurt-berry,https://cdn0.woolworths.media/content/wowproductimages/medium/770121.jpg,2020-09-21 17:27:05,Average product rating out of 5: 3.4. Product score is based on 352 ratings,352,,True
3781b8d8-0921-4d32-9b98-164477bad412,Woolworths Supermarket,Pantry,Annalisa Tomato Puree 690g,852391,$1.30,$0.19 / 100G,https://www.woolworths.com.au/shop/productdetails/852391/annalisa-tomato-puree,https://cdn0.woolworths.media/content/wowproductimages/medium/852391.jpg,2020-09-21 17:27:05,,0,,True
688cc60c-6c82-4f16-8320-698f5bea5564,Woolworths Supermarket,Pantry,Loving Earth 72% Dark Chocolate 80g,884788,$5.50,$6.88 / 100G,https://www.woolworths.com.au/shop/productdetails/884788/loving-earth-72-dark-chocolate,https://cdn0.woolworths.media/content/wowproductimages/medium/884788.jpg,2020-09-21 17:27:05,Average product rating out of 5: 2.0. Product score is based on 4 ratings,4,,True
2fbf0853-e4e2-425a-bd2c-c0eaae79747f,Woolworths Supermarket,Pantry,Loving Earth Salted Caramel Chocolate Chocolate 80g,884793,$5.50,$6.88 / 100G,https://www.woolworths.com.au/shop/productdetails/884793/loving-earth-salted-caramel-chocolate-chocolate,https://cdn0.woolworths.media/content/wowproductimages/medium/884793.jpg,2020-09-21 17:27:05,Average product rating out of 5: 5.0. Product score is based on 3 ratings,3,,True
2c5e414e-ff5b-41c1-a8ed-9d176cde1d0b,Woolworths Supermarket,Pantry,Loving Earth Hazelnut Chocolate Chocolate 80g,884850,$5.50,$6.88 / 100G,https://www.woolworths.com.au/shop/productdetails/884850/loving-earth-hazelnut-chocolate-chocolate,https://cdn0.woolworths.media/content/wowproductimages/medium/884850.jpg,2020-09-21 17:27:05,Average product rating out of 5: 3.0. Product score is based on 2 ratings,2,,True
20d772d8-c36a-452e-ab76-aac43cd653d0,Woolworths Supermarket,Pantry,Spring Gully Onions Sweet 500g,014604,$3.35,$6.70 / 1KG,https://www.woolworths.com.au/shop/productdetails/14604/spring-gully-onions-sweet,https://cdn0.woolworths.media/content/wowproductimages/medium/014604.jpg,2020-09-21 17:27:05,,0,,True
ee9572af-1f90-46d0-bc94-ae8f3221be2f,Woolworths Supermarket,Pantry,Spring Gully Onions Brown 500g,014605,$3.35,$6.70 / 1KG,https://www.woolworths.com.au/shop/productdetails/14605/spring-gully-onions-brown,https://cdn0.woolworths.media/content/wowproductimages/medium/014605.jpg,2020-09-21 17:27:05,,0,,True
1a347be5-6c45-42ec-8442-281b395bc099,Woolworths Supermarket,Pantry,Simply Wize Grissini Original Breadsticks 100g,064192,$2.00,$2.00 / 100G,https://www.woolworths.com.au/shop/productdetails/64192/simply-wize-grissini-original-breadsticks,https://cdn0.woolworths.media/content/wowproductimages/medium/064192.jpg,2020-09-21 17:27:05,Average product rating out of 5: 3.3. Product score is based on 3 ratings,3,,True
ff51b2a5-8ecc-4774-9a06-5ac5e357c4d0,Woolworths Supermarket,Pantry,Sam's Pantry Crispy Coconut With Golden Flakes Toasted Muesli 475g,058249,,,https://www.woolworths.com.au/shop/productdetails/58249/sam-s-pantry-crispy-coconut-with-golden-flakes-toasted-muesli,https://cdn0.woolworths.media/content/wowproductimages/medium/058249.jpg,2020-09-21 17:27:05,Average product rating out of 5: 3.9. Product score is based on 68 ratings,68,,False
03579f66-612f-497f-b26c-037ef6a464cc,Woolworths Supermarket,Pantry,Niulife Coco Bar Chocolate Raspberry 35g,065153,$3.00,$8.57 / 100G,https://www.woolworths.com.au/shop/productdetails/65153/niulife-coco-bar-chocolate-raspberry,https://cdn0.woolworths.media/content/wowproductimages/medium/065153.jpg,2020-09-21 17:27:05,,0,,True
e16bc184-779f-4585-b2e0-2fec3cd6568f,Woolworths Supermarket,Pantry,Sam's Pantry Super Berries & Cream Porridge Sachets 8 pack,078288,$5.00,$1.49 / 100G,https://www.woolworths.com.au/shop/productdetails/78288/sam-s-pantry-super-berries-cream-porridge-sachets,https://cdn0.woolworths.media/content/wowproductimages/medium/078288.jpg,2020-09-21 17:27:05,Average product rating out of 5: 3.4. Product score is based on 234 ratings,234,,True
00d57054-45b3-4ebf-a35b-671d3f13adf9,Woolworths Supermarket,Pantry,Irrewarra All Natural Granola Original 500g,304776,$12.70,$2.54 / 100G,https://www.woolworths.com.au/shop/productdetails/304776/irrewarra-all-natural-granola-original,https://cdn0.woolworths.media/content/wowproductimages/medium/304776.jpg,2020-09-21 17:27:05,,0,,True
904b8eda-5d8f-4382-9fd8-2cef7f645389,Woolworths Supermarket,Pantry,Woolworths Raspberry Jam 500g,334727,$2.40,$0.48 / 100G,https://www.woolworths.com.au/shop/productdetails/334727/woolworths-raspberry-jam,https://cdn0.woolworths.media/content/wowproductimages/medium/334727.jpg,2020-09-21 17:27:05,Average product rating out of 5: 4.2. Product score is based on 470 ratings,470,,True
cb36625c-fccd-40ad-9e34-efbcb394b702,Woolworths Supermarket,Pantry,Irrewarra All Natural Anzac Biscuits 210g,362228,$8.50,$4.05 / 100G,https://www.woolworths.com.au/shop/productdetails/362228/irrewarra-all-natural-anzac-biscuits,https://cdn0.woolworths.media/content/wowproductimages/medium/362228.jpg,2020-09-21 17:27:05,,0,,True
bde80727-e156-4543-a88e-a42f1d532bcb,Woolworths Supermarket,Pantry,Simon Johnson Green Curry Paste 100g,375677,$5.95,$5.95 / 100G,https://www.woolworths.com.au/shop/productdetails/375677/simon-johnson-green-curry-paste,https://cdn0.woolworths.media/content/wowproductimages/medium/375677.jpg,2020-09-21 17:27:05,,0,,True
01ca7a20-eb98-4be2-b057-4141011a70f1,Woolworths Supermarket,Pantry,Simon Johnson Butter Chicken Paste 100g,375680,$5.95,$5.95 / 100G,https://www.woolworths.com.au/shop/productdetails/375680/simon-johnson-butter-chicken-paste,https://cdn0.woolworths.media/content/wowproductimages/medium/375680.jpg,2020-09-21 17:27:05,,0,,True
f1798f2f-6f8b-431c-83d2-8a7d9b6bd3b4,Woolworths Supermarket,Pantry,Woolworths Champignon Pieces & Stems 184g,492072,$0.60,$3.26 / 1KG,https://www.woolworths.com.au/shop/productdetails/492072/woolworths-champignon-pieces-stems,https://cdn0.woolworths.media/content/wowproductimages/medium/492072.jpg,2020-09-21 17:27:05,Average product rating out of 5: 3.9. Product score is based on 372 ratings,372,,True
ffc936a6-3e31-4579-bf79-14d13da7bff9,Woolworths Supermarket,Pantry,Irrewarra Nut Granola All Natural 500g,535788,$14.10,$2.82 / 100G,https://www.woolworths.com.au/shop/productdetails/535788/irrewarra-nut-granola-all-natural,https://cdn0.woolworths.media/content/wowproductimages/medium/535788.jpg,2020-09-21 17:27:05,,0,,True
9269e162-d824-414c-8350-4e3b5a78fb41,Woolworths Supermarket,Pantry,Irrewarra Sourdough Chocolate & Oat Snaps 180g,546874,$9.60,$5.33 / 100G,https://www.woolworths.com.au/shop/productdetails/546874/irrewarra-sourdough-chocolate-oat-snaps,https://cdn0.woolworths.media/content/wowproductimages/medium/546874.jpg,2020-09-21 17:27:05,,0,,True
e5789754-a33a-4e36-89e6-269eeb794138,Woolworths Supermarket,Pantry,Woolworths Cashew Honey Snack Pots 160g,668948,$6.00,$3.75 / 100G,https://www.woolworths.com.au/shop/productdetails/668948/woolworths-cashew-honey-snack-pots,https://cdn0.woolworths.media/content/wowproductimages/medium/668948.jpg,2020-09-21 17:27:05,,0,2 for $10.00,True
69fb7bfb-4b3a-422b-89a9-4644db9e8efb,Woolworths Supermarket,Pantry,Woolworths Cashew Roasted & Salted Snack Pots 180g,669540,$6.00,$3.33 / 100G,https://www.woolworths.com.au/shop/productdetails/669540/woolworths-cashew-roasted-salted-snack-pots,https://cdn0.woolworths.media/content/wowproductimages/medium/669540.jpg,2020-09-21 17:27:05,,0,2 for $10.00,True
706b18b4-4b7a-4b6c-a591-d66dbf599b41,Woolworths Supermarket,Pantry,Woolworths Snack Pots Nut Mix Roasted & Salted 200g,685639,$6.00,$30.00 / 1KG,https://www.woolworths.com.au/shop/productdetails/685639/woolworths-snack-pots-nut-mix-roasted-salted,https://cdn0.woolworths.media/content/wowproductimages/medium/685639.jpg,2020-09-21 17:27:05,,0,2 for $10.00,True
4c4f83b0-eae6-4ccc-b0de-cdfd815a3d0c,Woolworths Supermarket,Pantry,Select Living Green Basil bunch,708456,$3.00,$0.33 / 10G,https://www.woolworths.com.au/shop/productdetails/708456/select-living-green-basil,https://cdn0.woolworths.media/content/wowproductimages/medium/708456.jpg,2020-09-21 17:27:05,,0,2 for $5.00,True
1c1ad8da-2dc3-4860-a175-d7ded4014f48,Woolworths Supermarket,Pantry,Valley Produce Company Crackerthins Original 100g,776771,$3.49,$34.90 / 1KG,https://www.woolworths.com.au/shop/productdetails/776771/valley-produce-company-crackerthins-original,https://cdn0.woolworths.media/content/wowproductimages/medium/776771.jpg,2020-09-21 17:27:05,,0,,True
31744bfa-45a1-46dd-b0f4-f8a90e4651b8,Woolworths Supermarket,Pantry,Sam's Pantry Fruit Toast-ed With Super Seeds Toasted Muesli 475g,058314,$3.50,$0.74 / 100G,https://www.woolworths.com.au/shop/productdetails/58314/sam-s-pantry-fruit-toast-ed-with-super-seeds-toasted-muesli,https://cdn0.woolworths.media/content/wowproductimages/medium/058314.jpg,2020-09-21 17:27:05,Average product rating out of 5: 3.7. Product score is based on 121 ratings,121,,True
f051d454-b30b-4edc-8fa5-532c554700f2,Woolworths Supermarket,Pantry,Niulife Coco Bar Salted Caramel 35g,063583,$3.00,$8.57 / 100G,https://www.woolworths.com.au/shop/productdetails/63583/niulife-coco-bar-salted-caramel,https://cdn0.woolworths.media/content/wowproductimages/medium/063583.jpg,2020-09-21 17:27:05,,0,,True
c5b14b24-cc60-4f44-a1b2-ed12a5217d54,Woolworths Supermarket,Pantry,Niulife Coco Bar Espresso Latte 35g,065490,$3.00,$8.57 / 100G,https://www.woolworths.com.au/shop/productdetails/65490/niulife-coco-bar-espresso-latte,https://cdn0.woolworths.media/content/wowproductimages/medium/065490.jpg,2020-09-21 17:27:05,,0,,True
c462e6db-ec4f-46b4-9433-0a1a30c0d435,Woolworths Supermarket,Pantry,Niulife Coco Bar Vanilla Bean 35g,065884,$3.00,$8.57 / 100G,https://www.woolworths.com.au/shop/productdetails/65884/niulife-coco-bar-vanilla-bean,https://cdn0.woolworths.media/content/wowproductimages/medium/065884.jpg,2020-09-21 17:27:05,,0,,True
1ca6a895-ed45-4edd-b5f1-145cdf70a726,Woolworths Supermarket,Pantry,Sam's Pantry Pink Lady Apple & Cinnamon Porridge Sachets 8 pack,078316,$5.00,$1.49 / 100G,https://www.woolworths.com.au/shop/productdetails/78316/sam-s-pantry-pink-lady-apple-cinnamon-porridge-sachets,https://cdn0.woolworths.media/content/wowproductimages/medium/078316.jpg,2020-09-21 17:27:05,Average product rating out of 5: 3.8. Product score is based on 27 ratings,27,,True
730dba23-c644-413a-b8c4-2274a299f336,Woolworths Supermarket,Pantry,Table Of Plenty Nicely Nutty Clusters 500g,085855,$5.50,$1.10 / 100G,https://www.woolworths.com.au/shop/productdetails/85855/table-of-plenty-nicely-nutty-clusters,https://cdn0.woolworths.media/content/wowproductimages/medium/085855.jpg,2020-09-21 17:27:05,,0,,True
1cb27ac3-3110-40b8-ba8e-e08dac11c49b,Woolworths Supermarket,Pantry,Freedom Foods Arnold's Farm Blueberry & Goji Berry Porridge Sachets 8 pack,086521,$5.00,$1.49 / 100G,https://www.woolworths.com.au/shop/productdetails/86521/freedom-foods-arnold-s-farm-blueberry-goji-berry-porridge-sachets,https://cdn0.woolworths.media/content/wowproductimages/medium/086521.jpg,2020-09-21 17:27:05,,0,,True
b12f24ea-eb4f-43d8-b35d-b3c7dcb9d4ad,Woolworths Supermarket,Pantry,Freedom Foods Arnold's Farm Honey Spice Porridge Sachets 8 pack,086583,$5.00,$1.49 / 100G,https://www.woolworths.com.au/shop/productdetails/86583/freedom-foods-arnold-s-farm-honey-spice-porridge-sachets,https://cdn0.woolworths.media/content/wowproductimages/medium/086583.jpg,2020-09-21 17:27:05,,0,,True
a32fa2d4-ce86-4850-ac98-7b41d73e2da3,Woolworths Supermarket,Pantry,Woolworths Champignon Whole 190g,492074,$0.60,$3.16 / 1KG,https://www.woolworths.com.au/shop/productdetails/492074/woolworths-champignon-whole,https://cdn0.woolworths.media/content/wowproductimages/medium/492074.jpg,2020-09-21 17:27:05,Average product rating out of 5: 3.8. Product score is based on 512 ratings,512,,True
e4588c39-613b-4f5e-b076-08ee4bd19225,Woolworths Supermarket,Pantry,Chupa Chups Assorted Flavour Lollipops 6 pack,090042,,,https://www.woolworths.com.au/shop/productdetails/90042/chupa-chups-assorted-flavour-lollipops,https://cdn0.woolworths.media/content/wowproductimages/medium/090042.jpg,2020-09-21 17:27:05,,0,,False
5a1309a6-b6e0-467c-b2dd-90bb000e5bda,Woolworths Supermarket,Pantry,Essentials Apricot Jam 500g,314405,$1.40,$0.28 / 100G,https://www.woolworths.com.au/shop/productdetails/314405/essentials-apricot-jam,https://cdn0.woolworths.media/content/wowproductimages/medium/314405.jpg,2020-09-21 17:27:05,,0,,True
02847521-d522-44fc-96c6-d41f9335bf33,Woolworths Supermarket,Pantry,Nestle Bars Original 10 pack,535778,$5.00,$2.38 / 100G,https://www.woolworths.com.au/shop/productdetails/535778/nestle-bars-original,https://cdn0.woolworths.media/content/wowproductimages/medium/535778.jpg,2020-09-21 17:27:05,,0,,True
60cfb881-b3f5-47d4-89b6-133d94f250d3,Woolworths Supermarket,Pantry,Chupa Chups Faces Flat Lollipops 35 pack,805411,$4.25,$2.02 / 100G,https://www.woolworths.com.au/shop/productdetails/805411/chupa-chups-faces-flat-lollipops,https://cdn0.woolworths.media/content/wowproductimages/medium/805411.jpg,2020-09-21 17:27:05,,0,,True
9a2d706a-e3d3-4355-9e2f-d0a52f121c7c,Woolworths Supermarket,Pantry,Maggi Multipack Instant Cups Noodle Beef 4 pack,253940,$5.00,$2.16 / 100G,https://www.woolworths.com.au/shop/productdetails/253940/maggi-multipack-instant-cups-noodle-beef,https://cdn0.woolworths.media/content/wowproductimages/medium/253940.jpg,2020-09-21 17:27:05,,0,Was $6.50 17/01/2018,True
e4365c91-1d04-47f5-b173-e5f08d215e10,Woolworths Supermarket,Pantry,Tynee Tips Black Loose Leaf Tea 250g,035243,$2.80,$1.12 / 100G,https://www.woolworths.com.au/shop/productdetails/35243/tynee-tips-black-loose-leaf-tea,https://cdn0.woolworths.media/content/wowproductimages/medium/035243.jpg,2020-09-21 17:27:05,,0,,True
fa045a70-823d-47ab-8d35-f17c611b1b54,Woolworths Supermarket,Pantry,Cockatoo Grove Organic Australian Extra Virgin Olive Oil 500ml,081782,$10.00,$2.00 / 100ML,https://www.woolworths.com.au/shop/productdetails/81782/cockatoo-grove-organic-australian-extra-virgin-olive-oil,https://cdn0.woolworths.media/content/wowproductimages/medium/081782.jpg,2020-09-21 17:27:05,,0,,True
fc2c789a-e2e0-4c56-9756-69fabed8436b,Woolworths Supermarket,Pantry,Absolutely Gluten Free Original Crackers 125g,789278,$9.50,$7.60 / 100G,https://www.woolworths.com.au/shop/productdetails/789278/absolutely-gluten-free-original-crackers,https://cdn0.woolworths.media/content/wowproductimages/medium/789278.jpg,2020-09-21 17:27:05,,0,,True
f54264a8-c24f-4447-8595-9cdfe350d9d1,Woolworths Supermarket,Pantry,Absolutely Gluten Free Everything Flatbread Cracker 150g,789301,$9.50,$6.33 / 100G,https://www.woolworths.com.au/shop/productdetails/789301/absolutely-gluten-free-everything-flatbread-cracker,https://cdn0.woolworths.media/content/wowproductimages/medium/789301.jpg,2020-09-21 17:27:05,,0,,True
144ddcb8-2d4e-44f7-b9e9-46c535fceed5,Woolworths Supermarket,Pantry,Irrewarra All Natural Granola 1kg,362230,$22.10,$2.21 / 100G,https://www.woolworths.com.au/shop/productdetails/362230/irrewarra-all-natural-granola,https://cdn0.woolworths.media/content/wowproductimages/medium/362230.jpg,2020-09-21 17:27:05,,0,,True
1c30a939-7e9f-4bf2-b3b2-b2474dd47f29,Woolworths Supermarket,Pantry,Irrewarra Sourdough Macadamia Oat Crunch Biscuits 140g,546875,$8.50,$6.07 / 100G,https://www.woolworths.com.au/shop/productdetails/546875/irrewarra-sourdough-macadamia-oat-crunch-biscuits,https://cdn0.woolworths.media/content/wowproductimages/medium/546875.jpg,2020-09-21 17:27:05,,0,,True
4dd453ed-dae1-45fb-ac1b-5fda32a2d292,Woolworths Supermarket,Pantry,Elementi Truffle Oil 100ml,720874,$13.99,$13.99 / 100ML,https://www.woolworths.com.au/shop/productdetails/720874/elementi-truffle-oil,https://cdn0.woolworths.media/content/wowproductimages/medium/720874.jpg,2020-09-21 17:27:05,,0,,True
6a0d1d43-da1e-4b09-8b7c-a1d1f8815c61,Woolworths Supermarket,Pantry,Irrewarra All Natural Granola Just Chunks 500g,888884,$12.70,$2.54 / 100G,https://www.woolworths.com.au/shop/productdetails/888884/irrewarra-all-natural-granola-just-chunks,https://cdn0.woolworths.media/content/wowproductimages/medium/888884.jpg,2020-09-21 17:27:05,,0,,True
24d9a72d-8673-4b88-ae65-73358b5a0e26,Woolworths Supermarket,Pantry,Woolworths Daily Balance Cereal 500g,852438,$2.40,$0.48 / 100G,https://www.woolworths.com.au/shop/productdetails/852438/woolworths-daily-balance-cereal,https://cdn0.woolworths.media/content/wowproductimages/medium/852438.jpg,2020-09-21 17:27:05,Average product rating out of 5: 3.2. Product score is based on 201 ratings,201,,True
0a21899d-1cad-4639-b386-355e18c19a2e,Woolworths Supermarket,Pantry,Woolworths Bay Leaf Fresh Herb 10g,707375,$3.00,$3.00 / 10G,https://www.woolworths.com.au/shop/productdetails/707375/woolworths-bay-leaf-fresh-herb,https://cdn0.woolworths.media/content/wowproductimages/medium/707375.jpg,2020-09-21 17:27:05,,0,2 for $5.00,True
95ee699d-08c1-4a0c-83d2-5a1c51b6b22e,Woolworths Supermarket,Pantry,Kooee Grass Fed Jerky Sea Salt 30g,546640,$5.95,,https://www.woolworths.com.au/shop/productdetails/546640/kooee-grass-fed-jerky-sea-salt,https://cdn0.woolworths.media/content/wowproductimages/medium/546640.jpg,2020-09-21 17:27:05,,0,,True
3756ea64-5b2c-41f6-b38b-fb154163d7f8,Woolworths Supermarket,Pantry,Gourmet Brands Dcc Strawberry Jam 330g,446396,$6.00,$1.82 / 100G,https://www.woolworths.com.au/shop/productdetails/446396/gourmet-brands-dcc-strawberry-jam,https://cdn0.woolworths.media/content/wowproductimages/medium/446396.jpg,2020-09-21 17:27:05,,0,,True
98b2c97a-0596-4dba-810e-00f4a4b1fbce,Woolworths Supermarket,Pantry,Gourmet Brands Dcc Servil Orange Marmalade 330g,446397,$6.00,$1.82 / 100G,https://www.woolworths.com.au/shop/productdetails/446397/gourmet-brands-dcc-servil-orange-marmalade,https://cdn0.woolworths.media/content/wowproductimages/medium/446397.jpg,2020-09-21 17:27:05,,0,,True
b094a0b3-e373-4145-90ba-0da4e902e6d1,Woolworths Supermarket,Pantry,Daylesford Triple Berry Jam 330g,446415,$6.00,$1.82 / 100G,https://www.woolworths.com.au/shop/productdetails/446415/daylesford-triple-berry-jam,https://cdn0.woolworths.media/content/wowproductimages/medium/446415.jpg,2020-09-21 17:27:05,,0,,True
27e1b5a3-6406-4e28-886a-687e405ca4bc,Woolworths Supermarket,Pantry,Gourmet Brands Dcc Apricot Jam 330g,446416,$6.00,$1.82 / 100G,https://www.woolworths.com.au/shop/productdetails/446416/gourmet-brands-dcc-apricot-jam,https://cdn0.woolworths.media/content/wowproductimages/medium/446416.jpg,2020-09-21 17:27:05,,0,,True
09d8825b-62c5-402d-9149-eadc98520f5b,Woolworths Supermarket,Pantry,Sovereign Hill Acid Drops 185g,622244,$10.00,$5.41 / 100G,https://www.woolworths.com.au/shop/productdetails/622244/sovereign-hill-acid-drops,https://cdn0.woolworths.media/content/wowproductimages/medium/622244.jpg,2020-09-21 17:27:05,,0,,True
17774203-580a-4e8f-a2d6-495f0197776e,Woolworths Supermarket,Pantry,Sovereign Hill Raspberry Drops 185g,622359,$10.00,$5.41 / 100G,https://www.woolworths.com.au/shop/productdetails/622359/sovereign-hill-raspberry-drops,https://cdn0.woolworths.media/content/wowproductimages/medium/622359.jpg,2020-09-21 17:27:05,,0,,True
3cbf236e-5c4e-471a-9cdc-649e58311c2d,Woolworths Supermarket,Pantry,Sovereign Hill Salted Caramel Drops 185g,622365,$10.00,$5.41 / 100G,https://www.woolworths.com.au/shop/productdetails/622365/sovereign-hill-salted-caramel-drops,https://cdn0.woolworths.media/content/wowproductimages/medium/622365.jpg,2020-09-21 17:27:05,,0,,True
1ea97c66-78d8-4967-a12c-1053deb92f3a,Woolworths Supermarket,Pantry,Sovereign Hill Mixed Lollies 185g,622550,$10.00,$5.41 / 100G,https://www.woolworths.com.au/shop/productdetails/622550/sovereign-hill-mixed-lollies,https://cdn0.woolworths.media/content/wowproductimages/medium/622550.jpg,2020-09-21 17:27:05,,0,,True
c82d1e0d-1a3a-49da-8f37-e0b549a32019,Woolworths Supermarket,Pantry,Sovereign Hill Humbugs 185g,622553,$10.00,$5.41 / 100G,https://www.woolworths.com.au/shop/productdetails/622553/sovereign-hill-humbugs,https://cdn0.woolworths.media/content/wowproductimages/medium/622553.jpg,2020-09-21 17:27:05,,0,,True
b904e9e8-0597-495e-a198-19020c85fe28,Woolworths Supermarket,Pantry,Sovereign Hill Eucalyptus Drops 185g,622556,$10.00,$5.41 / 100G,https://www.woolworths.com.au/shop/productdetails/622556/sovereign-hill-eucalyptus-drops,https://cdn0.woolworths.media/content/wowproductimages/medium/622556.jpg,2020-09-21 17:27:05,,0,,True
c2012054-c2c7-435f-8f14-fb1141d6b4f7,Woolworths Supermarket,Pantry,Kooee Grass Fed Jerky Smoked Chipotle 30g,546642,$5.95,,https://www.woolworths.com.au/shop/productdetails/546642/kooee-grass-fed-jerky-smoked-chipotle,https://cdn0.woolworths.media/content/wowproductimages/medium/546642.jpg,2020-09-21 17:27:05,,0,,True
af5cc117-102c-4def-bbe9-167f0f822dd5,Woolworths Supermarket,Pantry,Arnott's Savoy Cracked Pepper 225g,384251,$3.20,$1.42 / 100G,https://www.woolworths.com.au/shop/productdetails/384251/arnott-s-savoy-cracked-pepper,https://cdn0.woolworths.media/content/wowproductimages/medium/384251.jpg,2020-09-21 17:27:05,,0,,True
9e70958c-0d29-421a-8ad8-dd6f1a158f3a,Woolworths Supermarket,Pantry,Arnott's Savoy Original 225g,384252,$3.20,$1.42 / 100G,https://www.woolworths.com.au/shop/productdetails/384252/arnott-s-savoy-original,https://cdn0.woolworths.media/content/wowproductimages/medium/384252.jpg,2020-09-21 17:27:05,,0,,True
fb142e45-a243-4109-a678-3782d48a299e,Woolworths Supermarket,Pantry,Gourmet Brands Dcc Peach & Raspberry Jam 330g,446417,$6.00,$1.82 / 100G,https://www.woolworths.com.au/shop/productdetails/446417/gourmet-brands-dcc-peach-raspberry-jam,https://cdn0.woolworths.media/content/wowproductimages/medium/446417.jpg,2020-09-21 17:27:05,,0,,True
fff73065-1fa7-4504-8e12-01429d394e13,Woolworths Supermarket,Pantry,Cote Dor Chocolate Bouchees 25g x8 pack,002946,$5.00,$2.50 / 100G,https://www.woolworths.com.au/shop/productdetails/2946/cote-dor-chocolate-bouchees,https://cdn0.woolworths.media/content/wowproductimages/medium/002946.jpg,2020-09-21 17:27:05,,0,,True
1970780d-4347-4113-988f-f8fcf7b78cbf,Woolworths Supermarket,Pantry,M&m's Crispy Pouch 335g,105836,$6.00,$1.79 / 100G,https://www.woolworths.com.au/shop/productdetails/105836/m-m-s-crispy-pouch,https://cdn0.woolworths.media/content/wowproductimages/medium/105836.jpg,2020-09-21 17:27:05,,0,,True
93e7a4e7-6d94-42cd-b935-bb7fd0ad8575,Woolworths Supermarket,Pantry,Murray River Organics Mylk Chocolate Sultanas & Almonds 110g,114372,$3.50,$3.18 / 100G,https://www.woolworths.com.au/shop/productdetails/114372/murray-river-organics-mylk-chocolate-sultanas-almonds,https://cdn0.woolworths.media/content/wowproductimages/medium/114372.jpg,2020-09-21 17:27:05,,0,,True
ad6faaf6-2759-4e1a-83a4-df0df194640a,Woolworths Supermarket,Pantry,Murray River Organics Mylk Chocolate Sultanas 110g,114585,$3.50,$3.18 / 100G,https://www.woolworths.com.au/shop/productdetails/114585/murray-river-organics-mylk-chocolate-sultanas,https://cdn0.woolworths.media/content/wowproductimages/medium/114585.jpg,2020-09-21 17:27:05,,0,,True
a138b62a-2834-4011-bd79-cb61eca17ef8,Woolworths Supermarket,Pantry,Murray River Organics Mylk Chocolate Sultanas & Coffee Beans 110g,114588,$3.50,$3.18 / 100G,https://www.woolworths.com.au/shop/productdetails/114588/murray-river-organics-mylk-chocolate-sultanas-coffee-beans,https://cdn0.woolworths.media/content/wowproductimages/medium/114588.jpg,2020-09-21 17:27:05,,0,,True
a12a9592-6db5-4fae-a7da-8cd30fb8c636,Woolworths Supermarket,Pantry,Murray River Organics Mylk Chocolate Hazelnut & Sultanas 110g,114607,$3.50,$3.18 / 100G,https://www.woolworths.com.au/shop/productdetails/114607/murray-river-organics-mylk-chocolate-hazelnut-sultanas,https://cdn0.woolworths.media/content/wowproductimages/medium/114607.jpg,2020-09-21 17:27:05,,0,,True
6be0e2fa-23fa-4f0f-9e68-99533d73f23a,Woolworths Supermarket,Pantry,Murray River Organics Mylk Chocolate Diced Apricots 110g,115175,$3.50,$3.18 / 100G,https://www.woolworths.com.au/shop/productdetails/115175/murray-river-organics-mylk-chocolate-diced-apricots,https://cdn0.woolworths.media/content/wowproductimages/medium/115175.jpg,2020-09-21 17:27:05,,0,,True
7da793ad-fed0-4c69-9aca-d6a2e4849645,Woolworths Supermarket,Pantry,Yarra Valley Preserves Horseradish Mustard 100g,724365,$6.99,$6.99 / 100G,https://www.woolworths.com.au/shop/productdetails/724365/yarra-valley-preserves-horseradish-mustard,https://cdn0.woolworths.media/content/wowproductimages/medium/724365.jpg,2020-09-21 17:27:05,,0,,True
d928f5c9-139e-4832-8c97-39d949d1da62,Woolworths Supermarket,Pantry,Yarra Valley Preserves Mallee Honey Mustard 100g,724375,$6.99,$6.99 / 100G,https://www.woolworths.com.au/shop/productdetails/724375/yarra-valley-preserves-mallee-honey-mustard,https://cdn0.woolworths.media/content/wowproductimages/medium/724375.jpg,2020-09-21 17:27:05,,0,,True
84104491-9738-426b-b3cf-738401f8fbc8,Woolworths Supermarket,Pantry,Yarra Valley Preserves Mango & Port Chutney 230g,724388,$8.49,$36.91 / 1KG,https://www.woolworths.com.au/shop/productdetails/724388/yarra-valley-preserves-mango-port-chutney,https://cdn0.woolworths.media/content/wowproductimages/medium/724388.jpg,2020-09-21 17:27:05,,0,,True
699204a5-9232-4ec6-9c86-ed956b8aae82,Woolworths Supermarket,Pantry,Fletchers Pickles Sweet Mustard 395g,090483,$1.80,$4.56 / 1KG,https://www.woolworths.com.au/shop/productdetails/90483/fletchers-pickles-sweet-mustard,https://cdn0.woolworths.media/content/wowproductimages/medium/090483.jpg,2020-09-21 17:27:05,,0,,True
8566fc59-72f2-42aa-ab96-298d81ad1f6a,Woolworths Supermarket,Pantry,Fletchers Chutney Fruit 420g,378435,$2.30,$5.48 / 1KG,https://www.woolworths.com.au/shop/productdetails/378435/fletchers-chutney-fruit,https://cdn0.woolworths.media/content/wowproductimages/medium/378435.jpg,2020-09-21 17:27:05,,0,,True
27a803b0-e89d-47ed-97e1-7ab18595d4cf,Woolworths Supermarket,Pantry,White Crow Tomato Sauce Tomato 600ml,035728,$2.40,$0.40 / 100ML,https://www.woolworths.com.au/shop/productdetails/35728/white-crow-tomato-sauce-tomato,https://cdn0.woolworths.media/content/wowproductimages/medium/035728.jpg,2020-09-21 17:27:05,,0,,True
fff1cd30-6e02-494e-b2ce-fdefd7065a5b,Woolworths Supermarket,Pantry,Fletchers Onions Pickled White 510g,049854,$2.50,$4.90 / 1KG,https://www.woolworths.com.au/shop/productdetails/49854/fletchers-onions-pickled-white,https://cdn0.woolworths.media/content/wowproductimages/medium/049854.jpg,2020-09-21 17:27:05,,0,,True
0d89631c-7080-46a3-b597-2d649c58ae45,Woolworths Supermarket,Pantry,Kooka's Country Cookies Jam 500g,131494,$4.25,$0.85 / 100G,https://www.woolworths.com.au/shop/productdetails/131494/kooka-s-country-cookies-jam,https://cdn0.woolworths.media/content/wowproductimages/medium/131494.jpg,2020-09-21 17:27:05,,0,,True
0ac16b2d-da85-4989-912b-8ec557b1b1c6,Woolworths Supermarket,Pantry,White Crow Tomato Sauce Tomato 2l,175903,$5.40,$0.27 / 100ML,https://www.woolworths.com.au/shop/productdetails/175903/white-crow-tomato-sauce-tomato,https://cdn0.woolworths.media/content/wowproductimages/medium/175903.jpg,2020-09-21 17:27:05,,0,,True
63a13882-a6fd-4eda-ad10-69f20223e2b8,Woolworths Supermarket,Pantry,Lion Self Raising Flour 1kg,228554,$2.75,$2.75 / 1KG,https://www.woolworths.com.au/shop/productdetails/228554/lion-self-raising-flour,https://cdn0.woolworths.media/content/wowproductimages/medium/228554.jpg,2020-09-21 17:27:05,,0,,True
14dedeaf-631a-46da-bf33-cce1c520d731,Woolworths Supermarket,Pantry,Lion Plain Flour 1kg,228555,$2.75,$2.75 / 1KG,https://www.woolworths.com.au/shop/productdetails/228555/lion-plain-flour,https://cdn0.woolworths.media/content/wowproductimages/medium/228555.jpg,2020-09-21 17:27:05,,0,,True
f94de00f-faf6-455e-9f90-511b9b55e3f2,Woolworths Supermarket,Pantry,Arnott's Ginger Nut 250g,285910,$2.30,$0.92 / 100G,https://www.woolworths.com.au/shop/productdetails/285910/arnott-s-ginger-nut,https://cdn0.woolworths.media/content/wowproductimages/medium/285910.jpg,2020-09-21 17:27:05,,0,,True
f724400b-d5ba-4252-8cfb-b13fb0d46d10,Woolworths Supermarket,Pantry,Lion Plain Flour 2kg,762579,$4.59,$2.30 / 1KG,https://www.woolworths.com.au/shop/productdetails/762579/lion-plain-flour,https://cdn0.woolworths.media/content/wowproductimages/medium/762579.jpg,2020-09-21 17:27:05,,0,,True
e2c106c9-ed58-48db-8c0a-b4033e6ab79f,Woolworths Supermarket,Pantry,Lion Self Raising Flour 2kg,762616,$4.59,$2.30 / 1KG,https://www.woolworths.com.au/shop/productdetails/762616/lion-self-raising-flour,https://cdn0.woolworths.media/content/wowproductimages/medium/762616.jpg,2020-09-21 17:27:05,,0,,True
32e084ef-5423-4fd0-b665-13d76b997143,Woolworths Supermarket,Pantry,Woolworths Brown Rice Grain 1kg,777630,$2.50,$0.25 / 100G,https://www.woolworths.com.au/shop/productdetails/777630/woolworths-brown-rice-grain,https://cdn0.woolworths.media/content/wowproductimages/medium/777630.jpg,2020-09-21 17:27:05,,0,,True
5fbaae22-55a6-4ac9-b9aa-05a663c446e8,Woolworths Supermarket,Pantry,Mon Tomato Sauce 580ml,004718,$2.90,$0.50 / 100ML,https://www.woolworths.com.au/shop/productdetails/4718/mon-tomato-sauce,https://cdn0.woolworths.media/content/wowproductimages/medium/004718.jpg,2020-09-21 17:27:05,,0,,True
174bb32c-ad35-49cb-9506-ea83bb01828d,Woolworths Supermarket,Pantry,Kooee Natural Chicken Jerky Original 30g,112621,$5.95,$198.33 / 1KG,https://www.woolworths.com.au/shop/productdetails/112621/kooee-natural-chicken-jerky-original,https://cdn0.woolworths.media/content/wowproductimages/medium/112621.jpg,2020-09-21 17:27:05,,0,,True
f775362f-6a2b-4345-a8b9-2c112fdd0cc1,Woolworths Supermarket,Pantry,Kooka's Country Cookies Chocolate Jam 500g,158154,$4.25,$0.85 / 100G,https://www.woolworths.com.au/shop/productdetails/158154/kooka-s-country-cookies-chocolate-jam,https://cdn0.woolworths.media/content/wowproductimages/medium/158154.jpg,2020-09-21 17:27:05,,0,,True
d474cb7e-8bdc-409a-949c-9c5f71e8c65a,Woolworths Supermarket,Pantry,Kooka's Country Cookies Lemon 200g,347837,$2.00,$1.00 / 100G,https://www.woolworths.com.au/shop/productdetails/347837/kooka-s-country-cookies-lemon,https://cdn0.woolworths.media/content/wowproductimages/medium/347837.jpg,2020-09-21 17:27:05,,0,,True
bfc97b79-a114-47f9-9aec-23e7b21aee92,Woolworths Supermarket,Pantry,Arnott's Teddy Bear The Original 500g,036268,$4.30,$0.86 / 100G,https://www.woolworths.com.au/shop/productdetails/36268/arnott-s-teddy-bear-the-original,https://cdn0.woolworths.media/content/wowproductimages/medium/036268.jpg,2020-09-21 17:27:05,,0,,True
7471905a-e18c-4d7d-8989-55397cd157d8,Woolworths Supermarket,Pantry,Mingle Seasoning Garlic And Dill 50g each,068814,$5.95,$1.19 / 10G,https://www.woolworths.com.au/shop/productdetails/68814/mingle-seasoning-garlic-and-dill-50g,https://cdn0.woolworths.media/content/wowproductimages/medium/068814.jpg,2020-09-21 17:27:05,,0,,True
0e515d4e-e614-46bb-a829-042f6f05427b,Woolworths Supermarket,Pantry,Yarra Valley Preserves Balsamic Salad Splash 250ml,724336,$10.99,$4.40 / 100ML,https://www.woolworths.com.au/shop/productdetails/724336/yarra-valley-preserves-balsamic-salad-splash,https://cdn0.woolworths.media/content/wowproductimages/medium/724336.jpg,2020-09-21 17:27:05,,0,,True
5fe8a504-4af4-4521-903c-bb83fb458dc8,Woolworths Supermarket,Pantry,Yarra Valley Mango & Vanilla Bean Jam 230g,724368,$9.00,$3.91 / 100G,https://www.woolworths.com.au/shop/productdetails/724368/yarra-valley-mango-vanilla-bean-jam,https://cdn0.woolworths.media/content/wowproductimages/medium/724368.jpg,2020-09-21 17:27:05,,0,,True
7ea3fe82-9dda-4b0d-992a-f2a3cee397ed,Woolworths Supermarket,Pantry,Pure Peninsula Honey Local Flora 1kg,813889,$9.70,$1.94 / 100G,https://www.woolworths.com.au/shop/productdetails/813889/pure-peninsula-honey-local-flora,https://cdn0.woolworths.media/content/wowproductimages/medium/813889.jpg,2020-09-21 17:27:05,,0,,True
604cc73e-6798-449a-b8f0-8d1c67c2079f,Woolworths Supermarket,Pantry,Pure Peninsula Honey Eucalyptus 1kg,814001,$16.50,$1.65 / 100G,https://www.woolworths.com.au/shop/productdetails/814001/pure-peninsula-honey-eucalyptus,https://cdn0.woolworths.media/content/wowproductimages/medium/814001.jpg,2020-09-21 17:27:05,,0,,True
6b158f1e-8bd8-4980-9c15-f196cabc1cd9,Woolworths Supermarket,Pantry,Pure Peninsula Honey Yellow Box 400g,814002,$9.00,$2.25 / 100G,https://www.woolworths.com.au/shop/productdetails/814002/pure-peninsula-honey-yellow-box,https://cdn0.woolworths.media/content/wowproductimages/medium/814002.jpg,2020-09-21 17:27:05,,0,,True
e69b5758-85ed-4550-8ad6-ba22dffeeeca,Woolworths Supermarket,Pantry,Pure Peninsula Honey Manuka 250g,814003,$17.50,$7.00 / 100G,https://www.woolworths.com.au/shop/productdetails/814003/pure-peninsula-honey-manuka,https://cdn0.woolworths.media/content/wowproductimages/medium/814003.jpg,2020-09-21 17:27:05,,0,,True
3b0f4748-0238-41fd-947c-4fe84faa638e,Woolworths Supermarket,Pantry,Pure Peninsula Honey Red Gum 1kg,814004,$16.50,$1.65 / 100G,https://www.woolworths.com.au/shop/productdetails/814004/pure-peninsula-honey-red-gum,https://cdn0.woolworths.media/content/wowproductimages/medium/814004.jpg,2020-09-21 17:27:05,,0,,True
ba867238-432a-44a4-9405-0c8d23022c89,Woolworths Supermarket,Pantry,Pure Peninsula Honey Comb Chunk 150g,814005,$11.20,$7.47 / 100G,https://www.woolworths.com.au/shop/productdetails/814005/pure-peninsula-honey-comb-chunk,https://cdn0.woolworths.media/content/wowproductimages/medium/814005.jpg,2020-09-21 17:27:05,,0,,True
a3228b7a-12dd-4f35-a0a8-025d7f154cd7,Woolworths Supermarket,Pantry,Pure Peninsula Honey Yellow Box 500g,814006,$9.70,$1.94 / 100G,https://www.woolworths.com.au/shop/productdetails/814006/pure-peninsula-honey-yellow-box,https://cdn0.woolworths.media/content/wowproductimages/medium/814006.jpg,2020-09-21 17:27:05,,0,,True
432aa10e-5a5a-4a41-8233-bf4d037d489f,Woolworths Supermarket,Pantry,Pure Peninsula Honey Eucalyptus 500g,814011,$9.70,$1.94 / 100G,https://www.woolworths.com.au/shop/productdetails/814011/pure-peninsula-honey-eucalyptus,https://cdn0.woolworths.media/content/wowproductimages/medium/814011.jpg,2020-09-21 17:27:05,,0,,True
2c976418-8ae0-4f9f-a433-e6b52cbd04a4,Woolworths Supermarket,Pantry,Pure Peninsula Honey Yellow Box 250g,814012,$6.60,$2.64 / 100G,https://www.woolworths.com.au/shop/productdetails/814012/pure-peninsula-honey-yellow-box,https://cdn0.woolworths.media/content/wowproductimages/medium/814012.jpg,2020-09-21 17:27:05,,0,,True
dd89d361-c390-4853-a177-25bd4677dfce,Woolworths Supermarket,Pantry,Pure Peninsula Honey Red Gum 500g,814013,$9.70,$1.94 / 100G,https://www.woolworths.com.au/shop/productdetails/814013/pure-peninsula-honey-red-gum,https://cdn0.woolworths.media/content/wowproductimages/medium/814013.jpg,2020-09-21 17:27:05,,0,,True
c5f3016d-4afe-47cd-b3fa-1711fdbfd9f8,Woolworths Supermarket,Pantry,Pure Peninsula Honey Local Flora 400g,814014,$9.00,$2.25 / 100G,https://www.woolworths.com.au/shop/productdetails/814014/pure-peninsula-honey-local-flora,https://cdn0.woolworths.media/content/wowproductimages/medium/814014.jpg,2020-09-21 17:27:05,,0,,True
fc37028c-e0b4-4ccd-8fb4-19a7eaf098ee,Woolworths Supermarket,Pantry,Pure Peninsula Honey Yellow Box 1kg,814015,$16.50,$1.65 / 100G,https://www.woolworths.com.au/shop/productdetails/814015/pure-peninsula-honey-yellow-box,https://cdn0.woolworths.media/content/wowproductimages/medium/814015.jpg,2020-09-21 17:27:05,,0,,True
7248c0f5-d4dc-4172-8520-05a584f38be3,Woolworths Supermarket,Pantry,Barossa Bark Sesame 100g,720389,$12.69,$126.90 / 1KG,https://www.woolworths.com.au/shop/productdetails/720389/barossa-bark-sesame,https://cdn0.woolworths.media/content/wowproductimages/medium/720389.jpg,2020-09-21 17:27:05,,0,,True
7db6081c-6c19-45a3-b199-1f8ffd1e0753,Woolworths Supermarket,Pantry,Barossa Bark Salt & Pepper 100g,720388,$12.99,$129.90 / 1KG,https://www.woolworths.com.au/shop/productdetails/720388/barossa-bark-salt-pepper,https://cdn0.woolworths.media/content/wowproductimages/medium/720388.jpg,2020-09-21 17:27:05,,0,,True
ee4d1267-3787-4974-be69-d6c681bcaf19,Woolworths Supermarket,Pantry,Barossa Bark Nigella 100g,720387,$12.99,$129.90 / 1KG,https://www.woolworths.com.au/shop/productdetails/720387/barossa-bark-nigella,https://cdn0.woolworths.media/content/wowproductimages/medium/720387.jpg,2020-09-21 17:27:05,,0,,True
