supermarket,category,product_name,product_id,price,cup_price,product_url,img_url,viewed_date,ratings,rating_count,product_specials,available_in_stock
Woolworths Supermarket,Pet,Frankie & Friends Tidy Bag Refills 4 x25 pack,780115,$4.99,$0.04 / 1EA,https://www.woolworths.com.au/shop/productdetails/780115/frankie-friends-tidy-bag-refills,https://cdn0.woolworths.media/content/wowproductimages/medium/780115.jpg,2020-09-14 19:19:18,,0,,True
Woolworths Supermarket,Pet,Pedigree Dentastix Large Dental Dog Treat 28 pack,344052,$17.50,$0.63 / 1EA,https://www.woolworths.com.au/shop/productdetails/344052/pedigree-dentastix-large-dental-dog-treat,https://cdn0.woolworths.media/content/wowproductimages/medium/344052.jpg,2020-09-14 19:19:18,,0,,True
Woolworths Supermarket,Pet,Bow Wow Treat Pigs Ear 1pk,098589,$2.30,,https://www.woolworths.com.au/shop/productdetails/98589/bow-wow-treat-pigs-ear,https://cdn0.woolworths.media/content/wowproductimages/medium/098589.jpg,2020-09-14 19:19:18,,0,,True
Woolworths Supermarket,Pet,Paws Fresh Gourmet Chunky Mince Chilled Dog Food 600g,355561,$4.50,$0.75 / 100G,https://www.woolworths.com.au/shop/productdetails/355561/paws-fresh-gourmet-chunky-mince-chilled-dog-food,https://cdn0.woolworths.media/content/wowproductimages/medium/355561.jpg,2020-09-14 19:19:18,,0,,True
Woolworths Supermarket,Pet,Vitapet Jerhigh Treat Chicken Tenders 200g,750983,$11.95,$5.98 / 100G,https://www.woolworths.com.au/shop/productdetails/750983/vitapet-jerhigh-treat-chicken-tenders,https://cdn0.woolworths.media/content/wowproductimages/medium/750983.jpg,2020-09-14 19:19:18,,0,,True
Woolworths Supermarket,Pet,Vitapet Jerhigh Real Chicken Sticks 100g,232367,$4.90,$4.90 / 100G,https://www.woolworths.com.au/shop/productdetails/232367/vitapet-jerhigh-real-chicken-sticks,https://cdn0.woolworths.media/content/wowproductimages/medium/232367.jpg,2020-09-14 19:19:18,,0,,True
Woolworths Supermarket,Pet,Vitapet Jerhigh Treat Milk Sticks 100g,706582,$4.90,$4.90 / 100G,https://www.woolworths.com.au/shop/productdetails/706582/vitapet-jerhigh-treat-milk-sticks,https://cdn0.woolworths.media/content/wowproductimages/medium/706582.jpg,2020-09-14 19:19:18,,0,,True
Woolworths Supermarket,Pet,Pet Vet Joint & Mobility Chews 150g,009416,$16.00,$10.67 / 100G,https://www.woolworths.com.au/shop/productdetails/9416/pet-vet-joint-mobility-chews,https://cdn0.woolworths.media/content/wowproductimages/medium/009416.jpg,2020-09-14 19:19:18,,0,,True
Woolworths Supermarket,Pet,Fussy Cat Grain Free Fine Mince With Beef Chilled Cat Food 70g,026586,$2.20,$3.14 / 100G,https://www.woolworths.com.au/shop/productdetails/26586/fussy-cat-grain-free-fine-mince-with-beef-chilled-cat-food,https://cdn0.woolworths.media/content/wowproductimages/medium/026586.jpg,2020-09-14 19:19:18,,0,,True
Woolworths Supermarket,Pet,Whiskas 1+ Years Wet Cat Food Beef Mince 400g can,053224,$1.75,$0.44 / 100G,https://www.woolworths.com.au/shop/productdetails/53224/whiskas-1-years-wet-cat-food-beef-mince,https://cdn0.woolworths.media/content/wowproductimages/medium/053224.jpg,2020-09-14 19:19:18,,0,,True
Woolworths Supermarket,Pet,Whiskas 1+ Years Wet Cat Food Chicken Mince 400g can,078599,$1.75,$0.44 / 100G,https://www.woolworths.com.au/shop/productdetails/78599/whiskas-1-years-wet-cat-food-chicken-mince,https://cdn0.woolworths.media/content/wowproductimages/medium/078599.jpg,2020-09-14 19:19:18,,0,,True
Woolworths Supermarket,Pet,Fresh Pet Food Co Pets Mince 1kg,136980,$7.00,$0.70 / 100G,https://www.woolworths.com.au/shop/productdetails/136980/fresh-pet-food-co-pets-mince,https://cdn0.woolworths.media/content/wowproductimages/medium/136980.jpg,2020-09-14 19:19:18,,0,,True
Woolworths Supermarket,Pet,Vitapet Jerhigh Treat Real Chicken Bacon 100g,232368,$4.90,$4.90 / 100G,https://www.woolworths.com.au/shop/productdetails/232368/vitapet-jerhigh-treat-real-chicken-bacon,https://cdn0.woolworths.media/content/wowproductimages/medium/232368.jpg,2020-09-14 19:19:18,,0,,True
Woolworths Supermarket,Pet,Baxter's Dental Sticks Small Breed 7pk,481127,$3.00,$0.43 / 1EA,https://www.woolworths.com.au/shop/productdetails/481127/baxter-s-dental-sticks-small-breed,https://cdn0.woolworths.media/content/wowproductimages/medium/481127.jpg,2020-09-14 19:19:18,,0,Was $3.50 10/07/2017,True
Woolworths Supermarket,Pet,Bow Wow Treat Pig Ears Longer Chew 300g,731818,$18.99,$6.33 / 100G,https://www.woolworths.com.au/shop/productdetails/731818/bow-wow-treat-pig-ears-longer-chew,https://cdn0.woolworths.media/content/wowproductimages/medium/731818.jpg,2020-09-14 19:19:18,,0,,True
Woolworths Supermarket,Pet,Natures Goodness Adult Dog Food Roast Meat & Sweet Potato 2.15kg,741227,$4.50,$0.21 / 100G,https://www.woolworths.com.au/shop/productdetails/741227/natures-goodness-adult-dog-food-roast-meat-sweet-potato,https://cdn0.woolworths.media/content/wowproductimages/medium/741227.jpg,2020-09-14 19:19:18,,0,,True
Woolworths Supermarket,Pet,Oakwood Treatment Pet Odour Eliminator 200ml,764101,$9.99,$5.00 / 100ML,https://www.woolworths.com.au/shop/productdetails/764101/oakwood-treatment-pet-odour-eliminator,https://cdn0.woolworths.media/content/wowproductimages/medium/764101.jpg,2020-09-14 19:19:18,,0,,True
Woolworths Supermarket,Pet,Schmackos Strapz Beef Flavour Dog Treats 800g,785570,$20.00,$2.50 / 100G,https://www.woolworths.com.au/shop/productdetails/785570/schmackos-strapz-beef-flavour-dog-treats,https://cdn0.woolworths.media/content/wowproductimages/medium/785570.jpg,2020-09-14 19:19:18,,0,,True
Woolworths Supermarket,Pet,V.i.p Fussycat Steak Mince 450g,211232,$5.30,$1.18 / 100G,https://www.woolworths.com.au/shop/productdetails/211232/v-i-p-fussycat-steak-mince,https://cdn0.woolworths.media/content/wowproductimages/medium/211232.jpg,2020-09-14 19:19:18,,0,,True
Woolworths Supermarket,Pet,Pedigree Puppy With Chicken & Rice Dry Dog Food 2.5kg,001500,$8.40,$0.34 / 100G,https://www.woolworths.com.au/shop/productdetails/1500/pedigree-puppy-with-chicken-rice-dry-dog-food,https://cdn0.woolworths.media/content/wowproductimages/medium/001500.jpg,2020-09-14 19:19:18,,0,,True
Woolworths Supermarket,Pet,Rufus & Coco Vitality Plus 100g,006070,$20.00,$20.00 / 100G,https://www.woolworths.com.au/shop/productdetails/6070/rufus-coco-vitality-plus,https://cdn0.woolworths.media/content/wowproductimages/medium/006070.jpg,2020-09-14 19:19:18,,0,,True
Woolworths Supermarket,Pet,Rufus & Coco Laser Cat Toy each,006071,$12.00,$12.00 / 1EA,https://www.woolworths.com.au/shop/productdetails/6071/rufus-coco-laser-cat-toy,https://cdn0.woolworths.media/content/wowproductimages/medium/006071.jpg,2020-09-14 19:19:18,,0,,True
Woolworths Supermarket,Pet,Rufus & Coco Anxiety Aid 100g,006101,$25.00,$25.00 / 100G,https://www.woolworths.com.au/shop/productdetails/6101/rufus-coco-anxiety-aid,https://cdn0.woolworths.media/content/wowproductimages/medium/006101.jpg,2020-09-14 19:19:18,,0,,True
Woolworths Supermarket,Pet,Total Care Tough Tyre each,006743,$13.00,$13.00 / 1EA,https://www.woolworths.com.au/shop/productdetails/6743/total-care-tough-tyre,https://cdn0.woolworths.media/content/wowproductimages/medium/006743.jpg,2020-09-14 19:19:18,,0,,True
Woolworths Supermarket,Pet,Felix Meat Menus In Jelly 85g x27 pack,020725,$25.00,$1.09 / 100G,https://www.woolworths.com.au/shop/productdetails/20725/felix-meat-menus-in-jelly,https://cdn0.woolworths.media/content/wowproductimages/medium/020725.jpg,2020-09-14 19:19:18,,0,,True
Woolworths Supermarket,Pet,Dentalife Chicken Cat Treats 51g,693437,$3.00,$5.88 / 100G,https://www.woolworths.com.au/shop/productdetails/693437/dentalife-chicken-cat-treats,https://cdn0.woolworths.media/content/wowproductimages/medium/693437.jpg,2020-09-14 19:19:18,,0,,True
Woolworths Supermarket,Pet,Essentials Dog Food Lamb 1.2kg,201207,$1.79,$0.15 / 100G,https://www.woolworths.com.au/shop/productdetails/201207/essentials-dog-food-lamb,https://cdn0.woolworths.media/content/wowproductimages/medium/201207.jpg,2020-09-14 19:19:18,,0,,True
Woolworths Supermarket,Pet,Paws Fresh Gourmet Chunky Mince Chilled Dog Food 600g,355561,$4.50,$0.75 / 100G,https://www.woolworths.com.au/shop/productdetails/355561/paws-fresh-gourmet-chunky-mince-chilled-dog-food,https://cdn0.woolworths.media/content/wowproductimages/medium/355561.jpg,2020-09-14 19:19:18,,0,,True
Woolworths Supermarket,Pet,Smitten Cat Food Sardine Tuna & Prawn 1kg,481068,$2.80,$0.28 / 100G,https://www.woolworths.com.au/shop/productdetails/481068/smitten-cat-food-sardine-tuna-prawn,https://cdn0.woolworths.media/content/wowproductimages/medium/481068.jpg,2020-09-14 19:19:18,,0,,True
Woolworths Supermarket,Pet,Whiskas 1+ Years Favourites Tuna In Jelly Wet Cat Food Pouch 85g x12 pack,625692,$8.00,$0.78 / 100G,https://www.woolworths.com.au/shop/productdetails/625692/whiskas-1-years-favourites-tuna-in-jelly-wet-cat-food-pouch,https://cdn0.woolworths.media/content/wowproductimages/medium/625692.jpg,2020-09-14 19:19:18,,0,,True
Woolworths Supermarket,Pet,Friskies Indoor Delights 1kg,847696,$4.00,$0.40 / 100G,https://www.woolworths.com.au/shop/productdetails/847696/friskies-indoor-delights,https://cdn0.woolworths.media/content/wowproductimages/medium/847696.jpg,2020-09-14 19:19:18,,0,Was $4.49 14/11/16,True
Woolworths Supermarket,Pet,Fancy Feast Medleys Wild Salmon Florentine 85g,327228,$1.75,$2.06 / 100G,https://www.woolworths.com.au/shop/productdetails/327228/fancy-feast-medleys-wild-salmon-florentine,https://cdn0.woolworths.media/content/wowproductimages/medium/327228.jpg,2020-09-14 19:19:18,,0,,True
Woolworths Supermarket,Pet,Fancy Feast Cat Food Gravy Lovers Beef 85g,360616,$1.45,$1.71 / 100G,https://www.woolworths.com.au/shop/productdetails/360616/fancy-feast-cat-food-gravy-lovers-beef,https://cdn0.woolworths.media/content/wowproductimages/medium/360616.jpg,2020-09-14 19:19:18,,0,10 for $13.00 $1.53/100G,True
Woolworths Supermarket,Pet,"Baxter's Dog Food Casserole Chicken, Rice & Veg 700g",480256,$1.50,$0.21 / 100G,https://www.woolworths.com.au/shop/productdetails/480256/baxter-s-dog-food-casserole-chicken-rice-veg,https://cdn0.woolworths.media/content/wowproductimages/medium/480256.jpg,2020-09-14 19:19:18,,0,,True
Woolworths Supermarket,Pet,Smitten Cat Food Mince Chicken & Turkey 400g,481179,$0.85,$0.21 / 100G,https://www.woolworths.com.au/shop/productdetails/481179/smitten-cat-food-mince-chicken-turkey,https://cdn0.woolworths.media/content/wowproductimages/medium/481179.jpg,2020-09-14 19:19:18,,0,,True
Woolworths Supermarket,Pet,Frankie & Friends Wild Bird Food 10kg,204524,$17.50,$0.18 / 100G,https://www.woolworths.com.au/shop/productdetails/204524/frankie-friends-wild-bird-food,https://cdn0.woolworths.media/content/wowproductimages/medium/204524.jpg,2020-09-14 19:19:18,,0,,True
Woolworths Supermarket,Pet,Smitten Kitten Food Chicken & Tuna 1kg,481088,$2.80,$0.28 / 100G,https://www.woolworths.com.au/shop/productdetails/481088/smitten-kitten-food-chicken-tuna,https://cdn0.woolworths.media/content/wowproductimages/medium/481088.jpg,2020-09-14 19:19:18,,0,,True
Woolworths Supermarket,Pet,Friskies Seafood Sensations 2.5kg,847745,$9.00,$0.36 / 100G,https://www.woolworths.com.au/shop/productdetails/847745/friskies-seafood-sensations,https://cdn0.woolworths.media/content/wowproductimages/medium/847745.jpg,2020-09-14 19:19:18,,0,,True
Woolworths Supermarket,Pet,Friskies Seven Dry Cat Food Adult 1kg,624760,$4.00,$0.40 / 100G,https://www.woolworths.com.au/shop/productdetails/624760/friskies-seven-dry-cat-food-adult,https://cdn0.woolworths.media/content/wowproductimages/medium/624760.jpg,2020-09-14 19:19:18,,0,Was $4.49 14/11/2016,True
Woolworths Supermarket,Pet,Fancy Feast Adult Cat Food Grilled Chicken Prime Fillet 85g,179506,$1.45,$1.71 / 100G,https://www.woolworths.com.au/shop/productdetails/179506/fancy-feast-adult-cat-food-grilled-chicken-prime-fillet,https://cdn0.woolworths.media/content/wowproductimages/medium/179506.jpg,2020-09-14 19:19:18,,0,10 for $13.00 $1.53/100G,True
Woolworths Supermarket,Pet,Total Care Diamante Cat Collar each,360800,$7.99,,https://www.woolworths.com.au/shop/productdetails/360800/total-care-diamante-cat-collar,https://cdn0.woolworths.media/content/wowproductimages/medium/360800.jpg,2020-09-14 19:19:18,,0,,True
Woolworths Supermarket,Pet,Gourmet Delight Ocean Delights 80g x12 pack,065712,$8.00,$0.83 / 100G,https://www.woolworths.com.au/shop/productdetails/65712/gourmet-delight-ocean-delights,https://cdn0.woolworths.media/content/wowproductimages/medium/065712.jpg,2020-09-14 19:19:18,,0,,True
Woolworths Supermarket,Pet,Fancy Feast Savoury Salmon 85g,268308,$1.45,$1.71 / 100G,https://www.woolworths.com.au/shop/productdetails/268308/fancy-feast-savoury-salmon,https://cdn0.woolworths.media/content/wowproductimages/medium/268308.jpg,2020-09-14 19:19:18,,0,10 for $13.00 $1.53/100G,True
Woolworths Supermarket,Pet,Frankie & Friends Sunflower Seeds 1.5kg,009115,$5.50,$0.37 / 100G,https://www.woolworths.com.au/shop/productdetails/9115/frankie-friends-sunflower-seeds,https://cdn0.woolworths.media/content/wowproductimages/medium/009115.jpg,2020-09-14 19:19:18,,0,,True
Woolworths Supermarket,Pet,Pet Vet Skin Nails & Coat Chews 150g,009454,$16.00,$10.67 / 100G,https://www.woolworths.com.au/shop/productdetails/9454/pet-vet-skin-nails-coat-chews,https://cdn0.woolworths.media/content/wowproductimages/medium/009454.jpg,2020-09-14 19:19:18,,0,,True
Woolworths Supermarket,Pet,Pet Vet Stress Relief Chews 150g,009652,$16.00,$10.67 / 100G,https://www.woolworths.com.au/shop/productdetails/9652/pet-vet-stress-relief-chews,https://cdn0.woolworths.media/content/wowproductimages/medium/009652.jpg,2020-09-14 19:19:18,,0,,True
Woolworths Supermarket,Pet,Pet Vet Seniors Multi Chews 150g,009673,$16.00,$10.67 / 100G,https://www.woolworths.com.au/shop/productdetails/9673/pet-vet-seniors-multi-chews,https://cdn0.woolworths.media/content/wowproductimages/medium/009673.jpg,2020-09-14 19:19:18,,0,,True
Woolworths Supermarket,Pet,My Dog Adult Wet Dog Food Chicken & Turkey Banquet Can 400g,013825,$2.20,$0.55 / 100G,https://www.woolworths.com.au/shop/productdetails/13825/my-dog-adult-wet-dog-food-chicken-turkey-banquet-can,https://cdn0.woolworths.media/content/wowproductimages/medium/013825.jpg,2020-09-14 19:19:18,,0,,True
Woolworths Supermarket,Pet,Gourmet Delight Wet Cat Food With Lamb Mince In Gravy 6x85g,015923,$4.30,$5.06 / 100G,https://www.woolworths.com.au/shop/productdetails/15923/gourmet-delight-wet-cat-food-with-lamb-mince-in-gravy,https://cdn0.woolworths.media/content/wowproductimages/medium/015923.jpg,2020-09-14 19:19:18,,0,,True
Woolworths Supermarket,Pet,Ultimates Indulge Cat Superfood Beef Mince & Taurine 85g,017178,$1.50,$1.76 / 100G,https://www.woolworths.com.au/shop/productdetails/17178/ultimates-indulge-cat-superfood-beef-mince-taurine,https://cdn0.woolworths.media/content/wowproductimages/medium/017178.jpg,2020-09-14 19:19:18,,0,,True
Woolworths Supermarket,Pet,Ultimates Indulge Cat Superfoods Tuna Chicken Mince & Tumeric 85g,017185,$1.50,$1.76 / 100G,https://www.woolworths.com.au/shop/productdetails/17185/ultimates-indulge-cat-superfoods-tuna-chicken-mince-tumeric,https://cdn0.woolworths.media/content/wowproductimages/medium/017185.jpg,2020-09-14 19:19:18,,0,,True
Woolworths Supermarket,Pet,Ultimates Indulge Cat Superfoods Chicken Mince & Coconut Oil Biotin & Inulin 85g,019186,$1.50,$1.76 / 100G,https://www.woolworths.com.au/shop/productdetails/19186/ultimates-indulge-cat-superfoods-chicken-mince-coconut-oil-biotin-inulin,https://cdn0.woolworths.media/content/wowproductimages/medium/019186.jpg,2020-09-14 19:19:18,,0,,True
Woolworths Supermarket,Pet,Bird Munchies Cuttlefish Bone With Holder 15g,019475,$3.05,$20.33 / 100G,https://www.woolworths.com.au/shop/productdetails/19475/bird-munchies-cuttlefish-bone-with-holder,https://cdn0.woolworths.media/content/wowproductimages/medium/019475.jpg,2020-09-14 19:19:18,,0,,True
Woolworths Supermarket,Pet,Fancy Feast Gravy Lovers 12x85g,020441,$14.50,$1.42 / 100G,https://www.woolworths.com.au/shop/productdetails/20441/fancy-feast-gravy-lovers,https://cdn0.woolworths.media/content/wowproductimages/medium/020441.jpg,2020-09-14 19:19:18,,0,,True
Woolworths Supermarket,Pet,Purina One Wet Cat Food Pouch Ocean Fish 6x70g,020688,$9.50,$2.26 / 100G,https://www.woolworths.com.au/shop/productdetails/20688/purina-one-wet-cat-food-pouch-ocean-fish,https://cdn0.woolworths.media/content/wowproductimages/medium/020688.jpg,2020-09-14 19:19:18,,0,,True
Woolworths Supermarket,Pet,Purina One Wet Cat Food Pouch Urinary Care Chicken 6x70g,020689,$9.50,$2.26 / 100G,https://www.woolworths.com.au/shop/productdetails/20689/purina-one-wet-cat-food-pouch-urinary-care-chicken,https://cdn0.woolworths.media/content/wowproductimages/medium/020689.jpg,2020-09-14 19:19:18,,0,,True
Woolworths Supermarket,Pet,Fancy Feast Poultry & Salmon Grilled Collection Cans 85g x12 pack,020710,$14.50,$1.42 / 100G,https://www.woolworths.com.au/shop/productdetails/20710/fancy-feast-poultry-salmon-grilled-collection-cans,https://cdn0.woolworths.media/content/wowproductimages/medium/020710.jpg,2020-09-14 19:19:18,,0,,True
Woolworths Supermarket,Pet,Felix Ocean Menu In Jelly 2295g,020716,$25.00,$1.09 / 100G,https://www.woolworths.com.au/shop/productdetails/20716/felix-ocean-menu-in-jelly,https://cdn0.woolworths.media/content/wowproductimages/medium/020716.jpg,2020-09-14 19:19:18,,0,,True
Woolworths Supermarket,Pet,Felix Meat Menus In Jelly 85g x27 pack,020725,$25.00,$1.09 / 100G,https://www.woolworths.com.au/shop/productdetails/20725/felix-meat-menus-in-jelly,https://cdn0.woolworths.media/content/wowproductimages/medium/020725.jpg,2020-09-14 19:19:18,,0,,True
Woolworths Supermarket,Pet,Purina One Kitten Dry Food With Chicken 1.5kg,021147,$12.00,$0.80 / 100G,https://www.woolworths.com.au/shop/productdetails/21147/purina-one-kitten-dry-food-with-chicken,https://cdn0.woolworths.media/content/wowproductimages/medium/021147.jpg,2020-09-14 19:19:18,,0,,True
Woolworths Supermarket,Pet,Purina One Wet Cat Food Pouch Kitten Chicken 70g,021185,$1.50,$2.14 / 100G,https://www.woolworths.com.au/shop/productdetails/21185/purina-one-wet-cat-food-pouch-kitten-chicken,https://cdn0.woolworths.media/content/wowproductimages/medium/021185.jpg,2020-09-14 19:19:18,,0,,True
Woolworths Supermarket,Pet,Purina One Wet Cat Food Pouch Hairball Chicken 70g,021192,$1.50,$2.14 / 100G,https://www.woolworths.com.au/shop/productdetails/21192/purina-one-wet-cat-food-pouch-hairball-chicken,https://cdn0.woolworths.media/content/wowproductimages/medium/021192.jpg,2020-09-14 19:19:18,,0,,True
Woolworths Supermarket,Pet,Purina One Wet Cat Food Pouch Ocean Fish 70g,021203,$1.50,$2.14 / 100G,https://www.woolworths.com.au/shop/productdetails/21203/purina-one-wet-cat-food-pouch-ocean-fish,https://cdn0.woolworths.media/content/wowproductimages/medium/021203.jpg,2020-09-14 19:19:18,,0,,True
Woolworths Supermarket,Pet,Purina One Wet Cat Food Pouch Chicken 70g,021225,$1.50,$2.14 / 100G,https://www.woolworths.com.au/shop/productdetails/21225/purina-one-wet-cat-food-pouch-chicken,https://cdn0.woolworths.media/content/wowproductimages/medium/021225.jpg,2020-09-14 19:19:18,,0,,True
Woolworths Supermarket,Pet,Purina One Adult Cat Dry Food With Salmon & Tuna 3kg,021227,$20.00,$0.67 / 100G,https://www.woolworths.com.au/shop/productdetails/21227/purina-one-adult-cat-dry-food-with-salmon-tuna,https://cdn0.woolworths.media/content/wowproductimages/medium/021227.jpg,2020-09-14 19:19:18,,0,,True
Woolworths Supermarket,Pet,Breeders Choice Paper Cat Litter 6l,022970,$7.50,$1.25 / 1L,https://www.woolworths.com.au/shop/productdetails/22970/breeders-choice-paper-cat-litter,https://cdn0.woolworths.media/content/wowproductimages/medium/022970.jpg,2020-09-14 19:19:18,,0,2 for $12.00 $1.00/1L,True
Woolworths Supermarket,Pet,My Dog Country Lamb & Liver Loaf Classics Wet Dog Food Can 680g,023580,$2.70,$0.40 / 100G,https://www.woolworths.com.au/shop/productdetails/23580/my-dog-country-lamb-liver-loaf-classics-wet-dog-food-can,https://cdn0.woolworths.media/content/wowproductimages/medium/023580.jpg,2020-09-14 19:19:18,,0,,True
Woolworths Supermarket,Pet,Applaws It's All Good Dry Dog Food Chicken & Turkey 2.7kg,899673,$19.00,$0.70 / 100G,https://www.woolworths.com.au/shop/productdetails/899673/applaws-it-s-all-good-dry-dog-food-chicken-turkey,https://cdn0.woolworths.media/content/wowproductimages/medium/899673.jpg,2020-09-14 19:19:18,,0,,True
Woolworths Supermarket,Pet,Nature's Gift Casserole Kangaroo & Vegetables 700g,793023,$2.00,$0.29 / 100G,https://www.woolworths.com.au/shop/productdetails/793023/nature-s-gift-casserole-kangaroo-vegetables,https://cdn0.woolworths.media/content/wowproductimages/medium/793023.jpg,2020-09-14 19:19:18,,0,Was $2.80 02/10/2017,True
Woolworths Supermarket,Pet,Nature's Gift Meal Time Loaf With Kangaroo Rice & Veg Wet Dog Food 700g,323269,$2.00,$0.29 / 100G,https://www.woolworths.com.au/shop/productdetails/323269/nature-s-gift-meal-time-loaf-with-kangaroo-rice-veg-wet-dog-food,https://cdn0.woolworths.media/content/wowproductimages/medium/323269.jpg,2020-09-14 19:19:18,,0,Was $2.80 02/10/2017,True
Woolworths Supermarket,Pet,Smitten Cat Food Chicken Salmon & Tuna 1kg,481087,$2.80,$0.28 / 100G,https://www.woolworths.com.au/shop/productdetails/481087/smitten-cat-food-chicken-salmon-tuna,https://cdn0.woolworths.media/content/wowproductimages/medium/481087.jpg,2020-09-14 19:19:18,,0,,True
Woolworths Supermarket,Pet,Fussy Cat Grain Free Beef Mince Casserole Wet Cat Food 400g,064194,$1.80,$0.45 / 100G,https://www.woolworths.com.au/shop/productdetails/64194/fussy-cat-grain-free-beef-mince-casserole-wet-cat-food,https://cdn0.woolworths.media/content/wowproductimages/medium/064194.jpg,2020-09-14 19:19:18,,0,4 for $6.00 $0.38/100G,True
Woolworths Supermarket,Pet,Nature's Gift Meal Time Loaf Duck & Vegetables Dog Food 700g,657013,$2.00,$0.29 / 100G,https://www.woolworths.com.au/shop/productdetails/657013/nature-s-gift-meal-time-loaf-duck-vegetables-dog-food,https://cdn0.woolworths.media/content/wowproductimages/medium/657013.jpg,2020-09-14 19:19:18,,0,,True
Woolworths Supermarket,Pet,V.i.p Adult Dog Food Chicken Chunkers 1kg,158895,$4.25,$0.43 / 100G,https://www.woolworths.com.au/shop/productdetails/158895/v-i-p-adult-dog-food-chicken-chunkers,https://cdn0.woolworths.media/content/wowproductimages/medium/158895.jpg,2020-09-14 19:19:18,,0,Was $5.00 12/03/2018,True
Woolworths Supermarket,Pet,Paws Fresh Gourmet Chunky Mince Chilled Dog Food 600g,355561,$4.50,$0.75 / 100G,https://www.woolworths.com.au/shop/productdetails/355561/paws-fresh-gourmet-chunky-mince-chilled-dog-food,https://cdn0.woolworths.media/content/wowproductimages/medium/355561.jpg,2020-09-14 19:19:18,,0,,True
Woolworths Supermarket,Pet,V.i.p Fussycat Steak Mince 450g,211232,$5.30,$1.18 / 100G,https://www.woolworths.com.au/shop/productdetails/211232/v-i-p-fussycat-steak-mince,https://cdn0.woolworths.media/content/wowproductimages/medium/211232.jpg,2020-09-14 19:19:18,,0,,True
Woolworths Supermarket,Pet,Smitten Cat Food Beef Lamb & Vegetables 1kg,481065,$2.80,$0.28 / 100G,https://www.woolworths.com.au/shop/productdetails/481065/smitten-cat-food-beef-lamb-vegetables,https://cdn0.woolworths.media/content/wowproductimages/medium/481065.jpg,2020-09-14 19:19:18,,0,,True
Woolworths Supermarket,Pet,Dine Saucy Morsels With Tuna Mornay & Cheese Wet Cat Food Tray 7 pack,477637,$6.00,$1.01 / 100G,https://www.woolworths.com.au/shop/productdetails/477637/dine-saucy-morsels-with-tuna-mornay-cheese-wet-cat-food-tray,https://cdn0.woolworths.media/content/wowproductimages/medium/477637.jpg,2020-09-14 19:19:18,,0,,True
Woolworths Supermarket,Pet,Dentalife Chicken Cat Treats 51g,693437,$3.00,$5.88 / 100G,https://www.woolworths.com.au/shop/productdetails/693437/dentalife-chicken-cat-treats,https://cdn0.woolworths.media/content/wowproductimages/medium/693437.jpg,2020-09-14 19:19:18,,0,,True
Woolworths Supermarket,Pet,"Baxter's Dog Food Casserole Chicken, Rice & Veg 700g",480256,$1.50,$0.21 / 100G,https://www.woolworths.com.au/shop/productdetails/480256/baxter-s-dog-food-casserole-chicken-rice-veg,https://cdn0.woolworths.media/content/wowproductimages/medium/480256.jpg,2020-09-14 19:19:18,,0,,True
Woolworths Supermarket,Pet,Fussy Cat Grain Free Chicken & Turkey With Cranberry Wet Cat Food 400g,810160,$1.80,$0.45 / 100G,https://www.woolworths.com.au/shop/productdetails/810160/fussy-cat-grain-free-chicken-turkey-with-cranberry-wet-cat-food,https://cdn0.woolworths.media/content/wowproductimages/medium/810160.jpg,2020-09-14 19:19:18,,0,4 for $6.00 $0.38/100G,True
Woolworths Supermarket,Pet,Nature's Gift Meal Time Loaf Beef Barley & Vegetables Wet Dog Food 700g,071686,$2.00,$0.29 / 100G,https://www.woolworths.com.au/shop/productdetails/71686/nature-s-gift-meal-time-loaf-beef-barley-vegetables-wet-dog-food,https://cdn0.woolworths.media/content/wowproductimages/medium/071686.jpg,2020-09-14 19:19:18,,0,Was $2.80 02/10/2017,True
Woolworths Supermarket,Pet,V.i.p Adult Dog Food Lamb Chunkers 1kg,217233,$4.25,$0.43 / 100G,https://www.woolworths.com.au/shop/productdetails/217233/v-i-p-adult-dog-food-lamb-chunkers,https://cdn0.woolworths.media/content/wowproductimages/medium/217233.jpg,2020-09-14 19:19:18,,0,Was $5.00 12/03/2018,True
Woolworths Supermarket,Pet,Smitten Cat Food Mince Beef 400g,481178,$0.85,$0.21 / 100G,https://www.woolworths.com.au/shop/productdetails/481178/smitten-cat-food-mince-beef,https://cdn0.woolworths.media/content/wowproductimages/medium/481178.jpg,2020-09-14 19:19:18,Average product rating out of 5: 3.5. Product score is based on 272 ratings,272,,True
Woolworths Supermarket,Pet,Fussy Cat Grain Free Chicken Mince Casserole Wet Cat Food 400g,067483,$1.80,$0.45 / 100G,https://www.woolworths.com.au/shop/productdetails/67483/fussy-cat-grain-free-chicken-mince-casserole-wet-cat-food,https://cdn0.woolworths.media/content/wowproductimages/medium/067483.jpg,2020-09-14 19:19:18,,0,4 for $6.00 $0.38/100G,True
Woolworths Supermarket,Pet,Felix Meat Menus In Jelly 85g x27 pack,020725,$25.00,$1.09 / 100G,https://www.woolworths.com.au/shop/productdetails/20725/felix-meat-menus-in-jelly,https://cdn0.woolworths.media/content/wowproductimages/medium/020725.jpg,2020-09-14 19:19:18,,0,,True
Woolworths Supermarket,Pet,Felix As Good As It Looks Ocean Menus 12x85g,844355,$11.50,$1.13 / 100G,https://www.woolworths.com.au/shop/productdetails/844355/felix-as-good-as-it-looks-ocean-menus,https://cdn0.woolworths.media/content/wowproductimages/medium/844355.jpg,2020-09-14 19:19:18,,0,,True
Woolworths Supermarket,Pet,My Dog Tender Country Lamb & Liver Loaf Classics Wet Dog Food Can 400g,023625,$2.20,$0.55 / 100G,https://www.woolworths.com.au/shop/productdetails/23625/my-dog-tender-country-lamb-liver-loaf-classics-wet-dog-food-can,https://cdn0.woolworths.media/content/wowproductimages/medium/023625.jpg,2020-09-14 19:19:18,,0,,True
Woolworths Supermarket,Pet,Pedigree Loaf With Five Kinds Of Meat Wet Dog Food Can 1.2kg,025691,$3.50,$0.29 / 100G,https://www.woolworths.com.au/shop/productdetails/25691/pedigree-loaf-with-five-kinds-of-meat-wet-dog-food-can,https://cdn0.woolworths.media/content/wowproductimages/medium/025691.jpg,2020-09-14 19:19:18,,0,Was $4.00 10/08/2020,True
Woolworths Supermarket,Pet,Fussy Cat Grain Free Tartare With Kangaroo Chilled Cat Food 70g,026529,$2.20,$3.14 / 100G,https://www.woolworths.com.au/shop/productdetails/26529/fussy-cat-grain-free-tartare-with-kangaroo-chilled-cat-food,https://cdn0.woolworths.media/content/wowproductimages/medium/026529.jpg,2020-09-14 19:19:18,,0,,True
Woolworths Supermarket,Pet,Fussy Cat Fine Mince With Chicken Pot 70g,026673,$2.20,$3.14 / 100G,https://www.woolworths.com.au/shop/productdetails/26673/fussy-cat-fine-mince-with-chicken-pot,https://cdn0.woolworths.media/content/wowproductimages/medium/026673.jpg,2020-09-14 19:19:18,,0,,True
Woolworths Supermarket,Pet,Vitapet Jerhigh Milky Sticks 400g,027158,$16.50,$4.13 / 100G,https://www.woolworths.com.au/shop/productdetails/27158/vitapet-jerhigh-milky-sticks,https://cdn0.woolworths.media/content/wowproductimages/medium/027158.jpg,2020-09-14 19:19:18,,0,,True
Woolworths Supermarket,Pet,Pedigree Homestyle With Beef Pasta & Veggies Wet Dog Food Can 1.2kg,027652,$3.50,$0.29 / 100G,https://www.woolworths.com.au/shop/productdetails/27652/pedigree-homestyle-with-beef-pasta-veggies-wet-dog-food-can,https://cdn0.woolworths.media/content/wowproductimages/medium/027652.jpg,2020-09-14 19:19:18,,0,Was $4.00 10/08/2020,True
Woolworths Supermarket,Pet,Pedigree Homestyle With Lamb Pasta & Veggies Wet Dog Food Can 1.2kg,027668,$3.50,$0.29 / 100G,https://www.woolworths.com.au/shop/productdetails/27668/pedigree-homestyle-with-lamb-pasta-veggies-wet-dog-food-can,https://cdn0.woolworths.media/content/wowproductimages/medium/027668.jpg,2020-09-14 19:19:18,,0,Was $4.00 10/08/2020,True
Woolworths Supermarket,Pet,Bird Munchies Bird Food Gourmet Blend Parrot 1kg,030011,$5.30,$0.53 / 100G,https://www.woolworths.com.au/shop/productdetails/30011/bird-munchies-bird-food-gourmet-blend-parrot,https://cdn0.woolworths.media/content/wowproductimages/medium/030011.jpg,2020-09-14 19:19:18,,0,,True
Woolworths Supermarket,Pet,Chum Adult Dog Food Lamb 1.2kg,033030,$3.20,$0.27 / 100G,https://www.woolworths.com.au/shop/productdetails/33030/chum-adult-dog-food-lamb,https://cdn0.woolworths.media/content/wowproductimages/medium/033030.jpg,2020-09-14 19:19:18,,0,,True
Woolworths Supermarket,Pet,Lucky Dog Minced Beef Vegetables & Marrowbone 8kg,036631,$17.00,$0.21 / 100G,https://www.woolworths.com.au/shop/productdetails/36631/lucky-dog-minced-beef-vegetables-marrowbone,https://cdn0.woolworths.media/content/wowproductimages/medium/036631.jpg,2020-09-14 19:19:18,,0,Was $20.00 02/09/2019,True
Woolworths Supermarket,Pet,Whiskas 1+ Years Wet Cat Food Ocean Fish Loaf 400g can,038833,$1.75,$0.44 / 100G,https://www.woolworths.com.au/shop/productdetails/38833/whiskas-1-years-wet-cat-food-ocean-fish-loaf,https://cdn0.woolworths.media/content/wowproductimages/medium/038833.jpg,2020-09-14 19:19:18,,0,,True
Woolworths Supermarket,Pet,Peters Multigrain Mix Rabbit & Guinea Pig Food 2kg,040423,$6.45,$0.32 / 100G,https://www.woolworths.com.au/shop/productdetails/40423/peters-multigrain-mix-rabbit-guinea-pig-food,https://cdn0.woolworths.media/content/wowproductimages/medium/040423.jpg,2020-09-14 19:19:18,,0,,True
Woolworths Supermarket,Pet,Chum Adult Dog Food 3 Meats 1.2kg,042033,$3.20,$0.27 / 100G,https://www.woolworths.com.au/shop/productdetails/42033/chum-adult-dog-food-3-meats,https://cdn0.woolworths.media/content/wowproductimages/medium/042033.jpg,2020-09-14 19:19:18,,0,,True
Woolworths Supermarket,Pet,Pedigree Casserole With Beef & Gravy Wet Dog Food Can 1.2kg,045934,$3.50,$0.29 / 100G,https://www.woolworths.com.au/shop/productdetails/45934/pedigree-casserole-with-beef-gravy-wet-dog-food-can,https://cdn0.woolworths.media/content/wowproductimages/medium/045934.jpg,2020-09-14 19:19:18,,0,Was $4.00 10/08/2020,True
Woolworths Supermarket,Pet,Pedigree Casserole With Chicken & Gravy Wet Dog Food Can 1.2kg,045938,$3.50,$0.29 / 100G,https://www.woolworths.com.au/shop/productdetails/45938/pedigree-casserole-with-chicken-gravy-wet-dog-food-can,https://cdn0.woolworths.media/content/wowproductimages/medium/045938.jpg,2020-09-14 19:19:18,,0,Was $4.00 10/08/2020,True
Woolworths Supermarket,Pet,Golp Dog Yoghurt Vanilla Lactose Free 70g,052160,$2.00,$2.86 / 100G,https://www.woolworths.com.au/shop/productdetails/52160/golp-dog-yoghurt-vanilla-lactose-free,https://cdn0.woolworths.media/content/wowproductimages/medium/052160.jpg,2020-09-14 19:19:18,,0,,True
Woolworths Supermarket,Pet,Breeders Choice Paper Cat Litter 15l,053329,$16.50,$1.10 / 1L,https://www.woolworths.com.au/shop/productdetails/53329/breeders-choice-paper-cat-litter,https://cdn0.woolworths.media/content/wowproductimages/medium/053329.jpg,2020-09-14 19:19:18,,0,,True
Woolworths Supermarket,Pet,Ultimates Indulge Beef Mince In Gravy 400g,055060,$2.50,$0.63 / 100G,https://www.woolworths.com.au/shop/productdetails/55060/ultimates-indulge-beef-mince-in-gravy,https://cdn0.woolworths.media/content/wowproductimages/medium/055060.jpg,2020-09-14 19:19:18,,0,,True
Woolworths Supermarket,Pet,Ultimates Indulge Lamb Mince In Gravy 400g,055061,$2.50,$0.63 / 100G,https://www.woolworths.com.au/shop/productdetails/55061/ultimates-indulge-lamb-mince-in-gravy,https://cdn0.woolworths.media/content/wowproductimages/medium/055061.jpg,2020-09-14 19:19:18,,0,,True
Woolworths Supermarket,Pet,Ultimates Indulge Chicken Mince In Gravy 400g,055075,$2.50,$0.63 / 100G,https://www.woolworths.com.au/shop/productdetails/55075/ultimates-indulge-chicken-mince-in-gravy,https://cdn0.woolworths.media/content/wowproductimages/medium/055075.jpg,2020-09-14 19:19:18,,0,,True
Woolworths Supermarket,Pet,Ultimates Indulge Chicken Mince And Tuna 400g,055085,$2.50,$0.63 / 100G,https://www.woolworths.com.au/shop/productdetails/55085/ultimates-indulge-chicken-mince-and-tuna,https://cdn0.woolworths.media/content/wowproductimages/medium/055085.jpg,2020-09-14 19:19:18,,0,,True
Woolworths Supermarket,Pet,Ultimates Indulge Natural Chicken 1kg,055086,$8.00,$0.80 / 100G,https://www.woolworths.com.au/shop/productdetails/55086/ultimates-indulge-natural-chicken,https://cdn0.woolworths.media/content/wowproductimages/medium/055086.jpg,2020-09-14 19:19:18,,0,,True
Woolworths Supermarket,Pet,Ultimates Indulge Lamb Mince / Beef Mince With Gravy 12x100g,055678,$15.00,$1.25 / 100G,https://www.woolworths.com.au/shop/productdetails/55678/ultimates-indulge-lamb-mince-beef-mince-with-gravy,https://cdn0.woolworths.media/content/wowproductimages/medium/055678.jpg,2020-09-14 19:19:18,,0,,True
Woolworths Supermarket,Pet,Ultimates Indulge Chicken Mince And Sardine 400g,055682,$2.50,$0.63 / 100G,https://www.woolworths.com.au/shop/productdetails/55682/ultimates-indulge-chicken-mince-and-sardine,https://cdn0.woolworths.media/content/wowproductimages/medium/055682.jpg,2020-09-14 19:19:18,,0,,True
Woolworths Supermarket,Pet,Fussy Cat Grain Free Beef Mince Casserole Wet Cat Food 400g,064194,$1.80,$0.45 / 100G,https://www.woolworths.com.au/shop/productdetails/64194/fussy-cat-grain-free-beef-mince-casserole-wet-cat-food,https://cdn0.woolworths.media/content/wowproductimages/medium/064194.jpg,2020-09-14 19:19:18,,0,4 for $6.00 $0.38/100G,True
Woolworths Supermarket,Pet,Purina One Adult Cat Formula With Salmon & Tuna 1.5kg,852609,$12.00,$0.80 / 100G,https://www.woolworths.com.au/shop/productdetails/852609/purina-one-adult-cat-formula-with-salmon-tuna,https://cdn0.woolworths.media/content/wowproductimages/medium/852609.jpg,2020-09-14 19:19:18,,0,Was $14.00 17/07/2017,True
Woolworths Supermarket,Pet,Applaws It's All Good Dry Dog Food Chicken & Turkey 2.7kg,899673,$19.00,$0.70 / 100G,https://www.woolworths.com.au/shop/productdetails/899673/applaws-it-s-all-good-dry-dog-food-chicken-turkey,https://cdn0.woolworths.media/content/wowproductimages/medium/899673.jpg,2020-09-14 19:19:18,,0,,True
Woolworths Supermarket,Pet,Paws Fresh Gourmet Chunky Mince Chilled Dog Food 600g,355561,$4.50,$0.75 / 100G,https://www.woolworths.com.au/shop/productdetails/355561/paws-fresh-gourmet-chunky-mince-chilled-dog-food,https://cdn0.woolworths.media/content/wowproductimages/medium/355561.jpg,2020-09-14 19:19:18,,0,,True
Woolworths Supermarket,Pet,V.i.p Fussycat Steak Mince 450g,211232,$5.30,$1.18 / 100G,https://www.woolworths.com.au/shop/productdetails/211232/v-i-p-fussycat-steak-mince,https://cdn0.woolworths.media/content/wowproductimages/medium/211232.jpg,2020-09-14 19:19:18,,0,,True
Woolworths Supermarket,Pet,Nature's Gift Casserole Kangaroo & Vegetables 700g,793023,$2.00,$0.29 / 100G,https://www.woolworths.com.au/shop/productdetails/793023/nature-s-gift-casserole-kangaroo-vegetables,https://cdn0.woolworths.media/content/wowproductimages/medium/793023.jpg,2020-09-14 19:19:18,,0,Was $2.80 02/10/2017,True
Woolworths Supermarket,Pet,Nature's Gift Meal Time Loaf Duck & Vegetables Dog Food 700g,657013,$2.00,$0.29 / 100G,https://www.woolworths.com.au/shop/productdetails/657013/nature-s-gift-meal-time-loaf-duck-vegetables-dog-food,https://cdn0.woolworths.media/content/wowproductimages/medium/657013.jpg,2020-09-14 19:19:18,,0,,True
Woolworths Supermarket,Pet,Dentalife Chicken Cat Treats 51g,693437,$3.00,$5.88 / 100G,https://www.woolworths.com.au/shop/productdetails/693437/dentalife-chicken-cat-treats,https://cdn0.woolworths.media/content/wowproductimages/medium/693437.jpg,2020-09-14 19:19:18,,0,,True
Woolworths Supermarket,Pet,Natures Goodness Adult Dog Food Turkey With Vegetables 2.15kg,741258,$4.50,$0.21 / 100G,https://www.woolworths.com.au/shop/productdetails/741258/natures-goodness-adult-dog-food-turkey-with-vegetables,https://cdn0.woolworths.media/content/wowproductimages/medium/741258.jpg,2020-09-14 19:19:18,,0,,True
Woolworths Supermarket,Pet,Whiskas 1+ Years Favourites With Beef In Jelly Wet Cat Food Pouch 85g x12 pack,625159,$8.00,$0.78 / 100G,https://www.woolworths.com.au/shop/productdetails/625159/whiskas-1-years-favourites-with-beef-in-jelly-wet-cat-food-pouch,https://cdn0.woolworths.media/content/wowproductimages/medium/625159.jpg,2020-09-14 19:19:18,,0,,True
Woolworths Supermarket,Pet,V.i.p Adult Dog Food Lamb Chunkers 1kg,217233,$4.25,$0.43 / 100G,https://www.woolworths.com.au/shop/productdetails/217233/v-i-p-adult-dog-food-lamb-chunkers,https://cdn0.woolworths.media/content/wowproductimages/medium/217233.jpg,2020-09-14 19:19:18,,0,Was $5.00 12/03/2018,True
Woolworths Supermarket,Pet,V.i.p Adult Dog Food Chicken Chunkers 1kg,158895,$4.25,$0.43 / 100G,https://www.woolworths.com.au/shop/productdetails/158895/v-i-p-adult-dog-food-chicken-chunkers,https://cdn0.woolworths.media/content/wowproductimages/medium/158895.jpg,2020-09-14 19:19:18,,0,Was $5.00 12/03/2018,True
Woolworths Supermarket,Pet,Schmackos Strapz Variety Pack Chicken Liver & Beef Dog Treats 500g,657197,$12.90,$2.58 / 100G,https://www.woolworths.com.au/shop/productdetails/657197/schmackos-strapz-variety-pack-chicken-liver-beef-dog-treats,https://cdn0.woolworths.media/content/wowproductimages/medium/657197.jpg,2020-09-14 19:19:18,,0,,True
Woolworths Supermarket,Pet,Nature's Gift Meal Time Loaf With Kangaroo Rice & Veg Wet Dog Food 700g,323269,$2.00,$0.29 / 100G,https://www.woolworths.com.au/shop/productdetails/323269/nature-s-gift-meal-time-loaf-with-kangaroo-rice-veg-wet-dog-food,https://cdn0.woolworths.media/content/wowproductimages/medium/323269.jpg,2020-09-14 19:19:18,,0,Was $2.80 02/10/2017,True
Woolworths Supermarket,Pet,Felix As Good As It Looks Ocean Menus 12x85g,844355,$11.50,$1.13 / 100G,https://www.woolworths.com.au/shop/productdetails/844355/felix-as-good-as-it-looks-ocean-menus,https://cdn0.woolworths.media/content/wowproductimages/medium/844355.jpg,2020-09-14 19:19:18,,0,,True
Woolworths Supermarket,Pet,Supercoat Adult Dog Food Healthy Weight 7.5kg,516951,$29.00,$0.39 / 100G,https://www.woolworths.com.au/shop/productdetails/516951/supercoat-adult-dog-food-healthy-weight,https://cdn0.woolworths.media/content/wowproductimages/medium/516951.jpg,2020-09-14 19:19:18,,0,3 for $58.50 $0.26/100G,True
Woolworths Supermarket,Pet,Dine Saucy Morsels With Tuna Mornay & Cheese Wet Cat Food Tray 7 pack,477637,$6.00,$1.01 / 100G,https://www.woolworths.com.au/shop/productdetails/477637/dine-saucy-morsels-with-tuna-mornay-cheese-wet-cat-food-tray,https://cdn0.woolworths.media/content/wowproductimages/medium/477637.jpg,2020-09-14 19:19:18,,0,,True
Woolworths Supermarket,Pet,Felix Meat Menus In Jelly 85g x27 pack,020725,$25.00,$1.09 / 100G,https://www.woolworths.com.au/shop/productdetails/20725/felix-meat-menus-in-jelly,https://cdn0.woolworths.media/content/wowproductimages/medium/020725.jpg,2020-09-14 19:19:18,,0,,True
Woolworths Supermarket,Pet,Smitten Cat Food Mince Beef 400g,481178,$0.85,$0.21 / 100G,https://www.woolworths.com.au/shop/productdetails/481178/smitten-cat-food-mince-beef,https://cdn0.woolworths.media/content/wowproductimages/medium/481178.jpg,2020-09-14 19:19:18,Average product rating out of 5: 3.5. Product score is based on 272 ratings,272,,True
Woolworths Supermarket,Pet,Nature's Gift Meal Time Loaf Beef Barley & Vegetables Wet Dog Food 700g,071686,$2.00,$0.29 / 100G,https://www.woolworths.com.au/shop/productdetails/71686/nature-s-gift-meal-time-loaf-beef-barley-vegetables-wet-dog-food,https://cdn0.woolworths.media/content/wowproductimages/medium/071686.jpg,2020-09-14 19:19:18,,0,Was $2.80 02/10/2017,True
Woolworths Supermarket,Pet,Nature's Gift Meal Time Lamb Recipe With Pasta & Veg Wet Dog Food 700g,058867,$2.00,$0.29 / 100G,https://www.woolworths.com.au/shop/productdetails/58867/nature-s-gift-meal-time-lamb-recipe-with-pasta-veg-wet-dog-food,https://cdn0.woolworths.media/content/wowproductimages/medium/058867.jpg,2020-09-14 19:19:18,,0,Was $2.80 02/10/2017,True
Woolworths Supermarket,Pet,Vitarapid Joint Care Daily Dog Treat 210g,058873,$13.00,$6.19 / 100G,https://www.woolworths.com.au/shop/productdetails/58873/vitarapid-joint-care-daily-dog-treat,https://cdn0.woolworths.media/content/wowproductimages/medium/058873.jpg,2020-09-14 19:19:18,,0,,True
Woolworths Supermarket,Pet,Vitarapid Tranquil Daily Dog Treat 210g,058904,$13.00,$6.19 / 100G,https://www.woolworths.com.au/shop/productdetails/58904/vitarapid-tranquil-daily-dog-treat,https://cdn0.woolworths.media/content/wowproductimages/medium/058904.jpg,2020-09-14 19:19:18,,0,,True
Woolworths Supermarket,Pet,Bow Wow Grain Free Supersnacks Chicken Sweet Potato Carrot & Pumpkin 5 pack,059078,$5.00,$1.00 / 1EA,https://www.woolworths.com.au/shop/productdetails/59078/bow-wow-grain-free-supersnacks-chicken-sweet-potato-carrot-pumpkin,https://cdn0.woolworths.media/content/wowproductimages/medium/059078.jpg,2020-09-14 19:19:18,,0,,True
Woolworths Supermarket,Pet,Bow Wow Rabbit Ears 100g,059131,$7.00,$0.70 / 1EA,https://www.woolworths.com.au/shop/productdetails/59131/bow-wow-rabbit-ears,https://cdn0.woolworths.media/content/wowproductimages/medium/059131.jpg,2020-09-14 19:19:18,,0,,True
Woolworths Supermarket,Pet,Vitapet Rawhide Barrels Filled With Chicken Liver 400g,059134,$16.00,$4.00 / 100G,https://www.woolworths.com.au/shop/productdetails/59134/vitapet-rawhide-barrels-filled-with-chicken-liver,https://cdn0.woolworths.media/content/wowproductimages/medium/059134.jpg,2020-09-14 19:19:18,,0,,True
Woolworths Supermarket,Pet,Nature's Gift Casserole Gravy Style With Kangaroo & Veg Wet Dog Food 1.2kg,059206,$4.80,$0.40 / 100G,https://www.woolworths.com.au/shop/productdetails/59206/nature-s-gift-casserole-gravy-style-with-kangaroo-veg-wet-dog-food,https://cdn0.woolworths.media/content/wowproductimages/medium/059206.jpg,2020-09-14 19:19:18,,0,,True
Woolworths Supermarket,Pet,Nature's Gift Meal Time Chicken Rice & Vegetables 1.2kg,059217,$4.80,$0.40 / 100G,https://www.woolworths.com.au/shop/productdetails/59217/nature-s-gift-meal-time-chicken-rice-vegetables,https://cdn0.woolworths.media/content/wowproductimages/medium/059217.jpg,2020-09-14 19:19:18,,0,,True
Woolworths Supermarket,Pet,Ultimates Indulge Chicken & Tuna / Chicken & Sardines 12x100g,059353,$15.00,$1.25 / 100G,https://www.woolworths.com.au/shop/productdetails/59353/ultimates-indulge-chicken-tuna-chicken-sardines,https://cdn0.woolworths.media/content/wowproductimages/medium/059353.jpg,2020-09-14 19:19:18,,0,,True
Woolworths Supermarket,Pet,Dentalife Activfresh Small/medium 173g,059507,$6.50,$3.76 / 100G,https://www.woolworths.com.au/shop/productdetails/59507/dentalife-activfresh-small-medium,https://cdn0.woolworths.media/content/wowproductimages/medium/059507.jpg,2020-09-14 19:19:18,,0,,True
Woolworths Supermarket,Pet,Dentalife Activfresh Large 204g,059512,$6.50,$3.19 / 100G,https://www.woolworths.com.au/shop/productdetails/59512/dentalife-activfresh-large,https://cdn0.woolworths.media/content/wowproductimages/medium/059512.jpg,2020-09-14 19:19:18,,0,,True
Woolworths Supermarket,Pet,Nature's Gift Casserole Lamb Vegetables & Barley 1.2kg,059841,$4.80,$0.40 / 100G,https://www.woolworths.com.au/shop/productdetails/59841/nature-s-gift-casserole-lamb-vegetables-barley,https://cdn0.woolworths.media/content/wowproductimages/medium/059841.jpg,2020-09-14 19:19:18,,0,,True
Woolworths Supermarket,Pet,Vitapet Duck Tenders 100g,062153,$7.40,,https://www.woolworths.com.au/shop/productdetails/62153/vitapet-duck-tenders,https://cdn0.woolworths.media/content/wowproductimages/medium/062153.jpg,2020-09-14 19:19:18,,0,,True
Woolworths Supermarket,Pet,Fancy Feast Savory Centers Pate With Salmon 85g,063690,$2.00,$2.35 / 100G,https://www.woolworths.com.au/shop/productdetails/63690/fancy-feast-savory-centers-pate-with-salmon,https://cdn0.woolworths.media/content/wowproductimages/medium/063690.jpg,2020-09-14 19:19:18,,0,,True
Woolworths Supermarket,Pet,Fancy Feast Petit Cuisine With Grilled Cod & Grilled Salmon 50g x6 pack,063691,$4.00,$1.33 / 100G,https://www.woolworths.com.au/shop/productdetails/63691/fancy-feast-petit-cuisine-with-grilled-cod-grilled-salmon,https://cdn0.woolworths.media/content/wowproductimages/medium/063691.jpg,2020-09-14 19:19:18,,0,,True
Woolworths Supermarket,Pet,Fancy Feast Savory Centers Pate With Chicken 85g,063723,$2.00,$2.35 / 100G,https://www.woolworths.com.au/shop/productdetails/63723/fancy-feast-savory-centers-pate-with-chicken,https://cdn0.woolworths.media/content/wowproductimages/medium/063723.jpg,2020-09-14 19:19:18,,0,,True
Woolworths Supermarket,Pet,Fancy Feast Savory Centers Pate With Tuna 85g,063724,$2.00,$2.35 / 100G,https://www.woolworths.com.au/shop/productdetails/63724/fancy-feast-savory-centers-pate-with-tuna,https://cdn0.woolworths.media/content/wowproductimages/medium/063724.jpg,2020-09-14 19:19:18,,0,,True
Woolworths Supermarket,Pet,Fancy Feast Petit Cuisine With Chicken & Grilled Turkey 50g x6 pack,063725,$4.00,$1.33 / 100G,https://www.woolworths.com.au/shop/productdetails/63725/fancy-feast-petit-cuisine-with-chicken-grilled-turkey,https://cdn0.woolworths.media/content/wowproductimages/medium/063725.jpg,2020-09-14 19:19:18,,0,,True
Woolworths Supermarket,Pet,Fancy Feast Petit Cuisine With Grilled Tuna Salmon & Cod 50g x6 pack,063726,$4.00,$1.33 / 100G,https://www.woolworths.com.au/shop/productdetails/63726/fancy-feast-petit-cuisine-with-grilled-tuna-salmon-cod,https://cdn0.woolworths.media/content/wowproductimages/medium/063726.jpg,2020-09-14 19:19:18,,0,,True
Woolworths Supermarket,Pet,Fancy Feast Petit Cuisine With Grilled Turkey Chicken & Tuna 50g x6 pack,063732,$4.00,$1.33 / 100G,https://www.woolworths.com.au/shop/productdetails/63732/fancy-feast-petit-cuisine-with-grilled-turkey-chicken-tuna,https://cdn0.woolworths.media/content/wowproductimages/medium/063732.jpg,2020-09-14 19:19:18,,0,,True
Woolworths Supermarket,Pet,Fussy Cat Chicken Lamb & Rosemary 400g,063810,$1.80,$0.45 / 100G,https://www.woolworths.com.au/shop/productdetails/63810/fussy-cat-chicken-lamb-rosemary,https://cdn0.woolworths.media/content/wowproductimages/medium/063810.jpg,2020-09-14 19:19:18,,0,4 for $6.00 $0.38/100G,True
Woolworths Supermarket,Pet,Fussy Cat Grain Free Beef Mince Casserole Wet Cat Food 400g,064194,$1.80,$0.45 / 100G,https://www.woolworths.com.au/shop/productdetails/64194/fussy-cat-grain-free-beef-mince-casserole-wet-cat-food,https://cdn0.woolworths.media/content/wowproductimages/medium/064194.jpg,2020-09-14 19:19:18,,0,4 for $6.00 $0.38/100G,True
Woolworths Supermarket,Pet,Pedigree Adult With Real Beef Dry Dog Food 8kg,065367,$20.00,$0.25 / 100G,https://www.woolworths.com.au/shop/productdetails/65367/pedigree-adult-with-real-beef-dry-dog-food,https://cdn0.woolworths.media/content/wowproductimages/medium/065367.jpg,2020-09-14 19:19:18,,0,,True
Woolworths Supermarket,Pet,Gourmet Delight With Mackerel & Salmon 80g,065428,$1.20,$1.50 / 100G,https://www.woolworths.com.au/shop/productdetails/65428/gourmet-delight-with-mackerel-salmon,https://cdn0.woolworths.media/content/wowproductimages/medium/065428.jpg,2020-09-14 19:19:18,,0,,True
Woolworths Supermarket,Pet,Applaws It's All Good Dry Dog Food Chicken & Turkey 2.7kg,899673,$19.00,$0.70 / 100G,https://www.woolworths.com.au/shop/productdetails/899673/applaws-it-s-all-good-dry-dog-food-chicken-turkey,https://cdn0.woolworths.media/content/wowproductimages/medium/899673.jpg,2020-09-14 19:19:18,,0,,True
Woolworths Supermarket,Pet,Nature's Gift Meal Time Loaf With Kangaroo Rice & Veg Wet Dog Food 700g,323269,$2.00,$0.29 / 100G,https://www.woolworths.com.au/shop/productdetails/323269/nature-s-gift-meal-time-loaf-with-kangaroo-rice-veg-wet-dog-food,https://cdn0.woolworths.media/content/wowproductimages/medium/323269.jpg,2020-09-14 19:19:18,,0,Was $2.80 02/10/2017,True
Woolworths Supermarket,Pet,Dentalife Chicken Cat Treats 51g,693437,$3.00,$5.88 / 100G,https://www.woolworths.com.au/shop/productdetails/693437/dentalife-chicken-cat-treats,https://cdn0.woolworths.media/content/wowproductimages/medium/693437.jpg,2020-09-14 19:19:18,,0,,True
Woolworths Supermarket,Pet,Fussy Cat Grain Free Beef Mince Casserole Wet Cat Food 400g,064194,$1.80,$0.45 / 100G,https://www.woolworths.com.au/shop/productdetails/64194/fussy-cat-grain-free-beef-mince-casserole-wet-cat-food,https://cdn0.woolworths.media/content/wowproductimages/medium/064194.jpg,2020-09-14 19:19:18,,0,4 for $6.00 $0.38/100G,True
Woolworths Supermarket,Pet,"Baxter's Dog Food Casserole Chicken, Rice & Veg 700g",480256,$1.50,$0.21 / 100G,https://www.woolworths.com.au/shop/productdetails/480256/baxter-s-dog-food-casserole-chicken-rice-veg,https://cdn0.woolworths.media/content/wowproductimages/medium/480256.jpg,2020-09-14 19:19:18,,0,,True
Woolworths Supermarket,Pet,Nature's Gift Meal Time Loaf Duck & Vegetables Dog Food 700g,657013,$2.00,$0.29 / 100G,https://www.woolworths.com.au/shop/productdetails/657013/nature-s-gift-meal-time-loaf-duck-vegetables-dog-food,https://cdn0.woolworths.media/content/wowproductimages/medium/657013.jpg,2020-09-14 19:19:18,,0,,True
Woolworths Supermarket,Pet,V.i.p Adult Dog Food Lamb Chunkers 1kg,217233,$4.25,$0.43 / 100G,https://www.woolworths.com.au/shop/productdetails/217233/v-i-p-adult-dog-food-lamb-chunkers,https://cdn0.woolworths.media/content/wowproductimages/medium/217233.jpg,2020-09-14 19:19:18,,0,Was $5.00 12/03/2018,True
Woolworths Supermarket,Pet,Felix Meat Menus In Jelly 85g x27 pack,020725,$25.00,$1.09 / 100G,https://www.woolworths.com.au/shop/productdetails/20725/felix-meat-menus-in-jelly,https://cdn0.woolworths.media/content/wowproductimages/medium/020725.jpg,2020-09-14 19:19:18,,0,,True
Woolworths Supermarket,Pet,Smitten Cat Food Beef Lamb & Vegetables 1kg,481065,$2.80,$0.28 / 100G,https://www.woolworths.com.au/shop/productdetails/481065/smitten-cat-food-beef-lamb-vegetables,https://cdn0.woolworths.media/content/wowproductimages/medium/481065.jpg,2020-09-14 19:19:18,,0,,True
Woolworths Supermarket,Pet,Smitten Cat Food Mince Beef 400g,481178,$0.85,$0.21 / 100G,https://www.woolworths.com.au/shop/productdetails/481178/smitten-cat-food-mince-beef,https://cdn0.woolworths.media/content/wowproductimages/medium/481178.jpg,2020-09-14 19:19:18,Average product rating out of 5: 3.5. Product score is based on 272 ratings,272,,True
Woolworths Supermarket,Pet,V.i.p Adult Dog Food Chicken Chunkers 1kg,158895,$4.25,$0.43 / 100G,https://www.woolworths.com.au/shop/productdetails/158895/v-i-p-adult-dog-food-chicken-chunkers,https://cdn0.woolworths.media/content/wowproductimages/medium/158895.jpg,2020-09-14 19:19:18,,0,Was $5.00 12/03/2018,True
Woolworths Supermarket,Pet,Nature's Gift Meal Time Loaf Beef Barley & Vegetables Wet Dog Food 700g,071686,$2.00,$0.29 / 100G,https://www.woolworths.com.au/shop/productdetails/71686/nature-s-gift-meal-time-loaf-beef-barley-vegetables-wet-dog-food,https://cdn0.woolworths.media/content/wowproductimages/medium/071686.jpg,2020-09-14 19:19:18,,0,Was $2.80 02/10/2017,True
Woolworths Supermarket,Pet,Fussy Cat Grain Free Chicken & Turkey With Cranberry Wet Cat Food 400g,810160,$1.80,$0.45 / 100G,https://www.woolworths.com.au/shop/productdetails/810160/fussy-cat-grain-free-chicken-turkey-with-cranberry-wet-cat-food,https://cdn0.woolworths.media/content/wowproductimages/medium/810160.jpg,2020-09-14 19:19:18,,0,4 for $6.00 $0.38/100G,True
Woolworths Supermarket,Pet,Fussy Cat Grain Free Chicken Mince Casserole Wet Cat Food 400g,067483,$1.80,$0.45 / 100G,https://www.woolworths.com.au/shop/productdetails/67483/fussy-cat-grain-free-chicken-mince-casserole-wet-cat-food,https://cdn0.woolworths.media/content/wowproductimages/medium/067483.jpg,2020-09-14 19:19:18,,0,4 for $6.00 $0.38/100G,True
Woolworths Supermarket,Pet,Paws Fresh Gourmet Chunky Mince Chilled Dog Food 600g,355561,$4.50,$0.75 / 100G,https://www.woolworths.com.au/shop/productdetails/355561/paws-fresh-gourmet-chunky-mince-chilled-dog-food,https://cdn0.woolworths.media/content/wowproductimages/medium/355561.jpg,2020-09-14 19:19:18,,0,,True
Woolworths Supermarket,Pet,Smitten Cat Food Chicken Salmon & Tuna 1kg,481087,$2.80,$0.28 / 100G,https://www.woolworths.com.au/shop/productdetails/481087/smitten-cat-food-chicken-salmon-tuna,https://cdn0.woolworths.media/content/wowproductimages/medium/481087.jpg,2020-09-14 19:19:18,,0,,True
Woolworths Supermarket,Pet,Felix As Good As It Looks Ocean Menus 12x85g,844355,$11.50,$1.13 / 100G,https://www.woolworths.com.au/shop/productdetails/844355/felix-as-good-as-it-looks-ocean-menus,https://cdn0.woolworths.media/content/wowproductimages/medium/844355.jpg,2020-09-14 19:19:18,,0,,True
Woolworths Supermarket,Pet,V.i.p Fussycat Steak Mince 450g,211232,$5.30,$1.18 / 100G,https://www.woolworths.com.au/shop/productdetails/211232/v-i-p-fussycat-steak-mince,https://cdn0.woolworths.media/content/wowproductimages/medium/211232.jpg,2020-09-14 19:19:18,,0,,True
Woolworths Supermarket,Pet,Dine Saucy Morsels With Tuna Mornay & Cheese Wet Cat Food Tray 7 pack,477637,$6.00,$1.01 / 100G,https://www.woolworths.com.au/shop/productdetails/477637/dine-saucy-morsels-with-tuna-mornay-cheese-wet-cat-food-tray,https://cdn0.woolworths.media/content/wowproductimages/medium/477637.jpg,2020-09-14 19:19:18,,0,,True
Woolworths Supermarket,Pet,Nature's Gift Casserole Kangaroo & Vegetables 700g,793023,$2.00,$0.29 / 100G,https://www.woolworths.com.au/shop/productdetails/793023/nature-s-gift-casserole-kangaroo-vegetables,https://cdn0.woolworths.media/content/wowproductimages/medium/793023.jpg,2020-09-14 19:19:18,,0,Was $2.80 02/10/2017,True
Woolworths Supermarket,Pet,Gourmet Delight With Tuna Fillets Whitebait 80g,065429,$1.20,$1.50 / 100G,https://www.woolworths.com.au/shop/productdetails/65429/gourmet-delight-with-tuna-fillets-whitebait,https://cdn0.woolworths.media/content/wowproductimages/medium/065429.jpg,2020-09-14 19:19:18,,0,,True
Woolworths Supermarket,Pet,Gourmet Delight With Beef Mince In Gravy 80g,065443,$1.20,$1.50 / 100G,https://www.woolworths.com.au/shop/productdetails/65443/gourmet-delight-with-beef-mince-in-gravy,https://cdn0.woolworths.media/content/wowproductimages/medium/065443.jpg,2020-09-14 19:19:18,,0,,True
Woolworths Supermarket,Pet,Gourmet Delight Chicken Mince In Gravy 80g,065444,$1.20,$1.50 / 100G,https://www.woolworths.com.au/shop/productdetails/65444/gourmet-delight-chicken-mince-in-gravy,https://cdn0.woolworths.media/content/wowproductimages/medium/065444.jpg,2020-09-14 19:19:18,,0,,True
Woolworths Supermarket,Pet,Gourmet Delight With Snapper & Tuna In Gravy 80g,065445,$1.20,$1.50 / 100G,https://www.woolworths.com.au/shop/productdetails/65445/gourmet-delight-with-snapper-tuna-in-gravy,https://cdn0.woolworths.media/content/wowproductimages/medium/065445.jpg,2020-09-14 19:19:18,,0,,True
Woolworths Supermarket,Pet,Ultimates Indulge Beef Smoothie 90g,065616,$3.00,$3.33 / 100G,https://www.woolworths.com.au/shop/productdetails/65616/ultimates-indulge-beef-smoothie,https://cdn0.woolworths.media/content/wowproductimages/medium/065616.jpg,2020-09-14 19:19:18,,0,,True
Woolworths Supermarket,Pet,Ultimates Indulge Lamb Smoothie 90g,065644,$3.00,$3.33 / 100G,https://www.woolworths.com.au/shop/productdetails/65644/ultimates-indulge-lamb-smoothie,https://cdn0.woolworths.media/content/wowproductimages/medium/065644.jpg,2020-09-14 19:19:18,,0,,True
Woolworths Supermarket,Pet,Ultimates Indulge Chicken Smoothie 90g,065645,$3.00,$3.33 / 100G,https://www.woolworths.com.au/shop/productdetails/65645/ultimates-indulge-chicken-smoothie,https://cdn0.woolworths.media/content/wowproductimages/medium/065645.jpg,2020-09-14 19:19:18,,0,,True
Woolworths Supermarket,Pet,Gourmet Delight Meaty Feast 80g x12 pack,065714,$8.00,$0.83 / 100G,https://www.woolworths.com.au/shop/productdetails/65714/gourmet-delight-meaty-feast,https://cdn0.woolworths.media/content/wowproductimages/medium/065714.jpg,2020-09-14 19:19:18,,0,,True
Woolworths Supermarket,Pet,Fussy Cat Grain Free Chicken With Vegetables Dry Kitten Food 450g,066085,$5.00,$1.11 / 100G,https://www.woolworths.com.au/shop/productdetails/66085/fussy-cat-grain-free-chicken-with-vegetables-dry-kitten-food,https://cdn0.woolworths.media/content/wowproductimages/medium/066085.jpg,2020-09-14 19:19:18,,0,,True
Woolworths Supermarket,Pet,Applaws Cat Food Oceanfish With Salmon 450g,066131,$4.00,$0.89 / 100G,https://www.woolworths.com.au/shop/productdetails/66131/applaws-cat-food-oceanfish-with-salmon,https://cdn0.woolworths.media/content/wowproductimages/medium/066131.jpg,2020-09-14 19:19:18,,0,,True
Woolworths Supermarket,Pet,Purina One Indoor Cat Food 3kg,066621,$20.00,$0.67 / 100G,https://www.woolworths.com.au/shop/productdetails/66621/purina-one-indoor-cat-food,https://cdn0.woolworths.media/content/wowproductimages/medium/066621.jpg,2020-09-14 19:19:18,,0,,True
Woolworths Supermarket,Pet,My Dog Lamb Loaf Classics Wet Dog Food Tray 100g,066662,$1.00,$1.00 / 100G,https://www.woolworths.com.au/shop/productdetails/66662/my-dog-lamb-loaf-classics-wet-dog-food-tray,https://cdn0.woolworths.media/content/wowproductimages/medium/066662.jpg,2020-09-14 19:19:18,,0,,True
Woolworths Supermarket,Pet,Applaws Cat Food Pouch: Tuna & Salmon 70g,066971,$2.00,$2.86 / 100G,https://www.woolworths.com.au/shop/productdetails/66971/applaws-cat-food-pouch-tuna-salmon,https://cdn0.woolworths.media/content/wowproductimages/medium/066971.jpg,2020-09-14 19:19:18,,0,,True
Woolworths Supermarket,Pet,Applaws Kitten Food Tins: Tuna In Jelly 70g,067094,$2.00,$2.86 / 100G,https://www.woolworths.com.au/shop/productdetails/67094/applaws-kitten-food-tins-tuna-in-jelly,https://cdn0.woolworths.media/content/wowproductimages/medium/067094.jpg,2020-09-14 19:19:18,,0,,True
Woolworths Supermarket,Pet,Rufus & Coco Reel Fish Crunchers Cat Treats 30g,067326,$11.00,$36.67 / 100G,https://www.woolworths.com.au/shop/productdetails/67326/rufus-coco-reel-fish-crunchers-cat-treats,https://cdn0.woolworths.media/content/wowproductimages/medium/067326.jpg,2020-09-14 19:19:18,,0,,True
Woolworths Supermarket,Pet,Fussy Cat Grain Free Chicken Mince Casserole Wet Cat Food 400g,067483,$1.80,$0.45 / 100G,https://www.woolworths.com.au/shop/productdetails/67483/fussy-cat-grain-free-chicken-mince-casserole-wet-cat-food,https://cdn0.woolworths.media/content/wowproductimages/medium/067483.jpg,2020-09-14 19:19:18,,0,4 for $6.00 $0.38/100G,True
Woolworths Supermarket,Pet,Applaws Cat Food Pouch: Tuna & Mackerel 70g,068503,$2.00,$2.86 / 100G,https://www.woolworths.com.au/shop/productdetails/68503/applaws-cat-food-pouch-tuna-mackerel,https://cdn0.woolworths.media/content/wowproductimages/medium/068503.jpg,2020-09-14 19:19:18,,0,,True
Woolworths Supermarket,Pet,Gourmet Delight Tuna & Crab 80g,068537,$1.20,$1.50 / 100G,https://www.woolworths.com.au/shop/productdetails/68537/gourmet-delight-tuna-crab,https://cdn0.woolworths.media/content/wowproductimages/medium/068537.jpg,2020-09-14 19:19:18,,0,,True
Woolworths Supermarket,Pet,Applaws Dry Cat Food: Chicken 450g,068953,$4.00,$0.89 / 100G,https://www.woolworths.com.au/shop/productdetails/68953/applaws-dry-cat-food-chicken,https://cdn0.woolworths.media/content/wowproductimages/medium/068953.jpg,2020-09-14 19:19:18,,0,,True
Woolworths Supermarket,Pet,Nature's Gift Meal Time Loaf Chicken Rice& Vegetables Wet Dog Food 700g,071405,$2.00,$0.29 / 100G,https://www.woolworths.com.au/shop/productdetails/71405/nature-s-gift-meal-time-loaf-chicken-rice-vegetables-wet-dog-food,https://cdn0.woolworths.media/content/wowproductimages/medium/071405.jpg,2020-09-14 19:19:18,,0,Was $2.80 02/10/2017,True
Woolworths Supermarket,Pet,Nature's Gift Meal Time Loaf Beef Barley & Vegetables Wet Dog Food 700g,071686,$2.00,$0.29 / 100G,https://www.woolworths.com.au/shop/productdetails/71686/nature-s-gift-meal-time-loaf-beef-barley-vegetables-wet-dog-food,https://cdn0.woolworths.media/content/wowproductimages/medium/071686.jpg,2020-09-14 19:19:18,,0,Was $2.80 02/10/2017,True
Woolworths Supermarket,Pet,My Dog Beef And Veal Loaf Classics Wet Dog Food Can 680g,072128,$2.70,$0.40 / 100G,https://www.woolworths.com.au/shop/productdetails/72128/my-dog-beef-and-veal-loaf-classics-wet-dog-food-can,https://cdn0.woolworths.media/content/wowproductimages/medium/072128.jpg,2020-09-14 19:19:18,,0,,True
Woolworths Supermarket,Pet,My Dog Tender Chicken & Turkey Loaf Classics Wet Dog Food Can 680g,072129,$2.70,$0.40 / 100G,https://www.woolworths.com.au/shop/productdetails/72129/my-dog-tender-chicken-turkey-loaf-classics-wet-dog-food-can,https://cdn0.woolworths.media/content/wowproductimages/medium/072129.jpg,2020-09-14 19:19:18,,0,,True
Woolworths Supermarket,Pet,Peters Poultry Free Range Mix 5kg,074624,$10.99,$0.22 / 100G,https://www.woolworths.com.au/shop/productdetails/74624/peters-poultry-free-range-mix,https://cdn0.woolworths.media/content/wowproductimages/medium/074624.jpg,2020-09-14 19:19:18,,0,,True
Woolworths Supermarket,Pet,Fussy Cat Grain Free Beef Mince Casserole Wet Cat Food 400g,064194,$1.80,$0.45 / 100G,https://www.woolworths.com.au/shop/productdetails/64194/fussy-cat-grain-free-beef-mince-casserole-wet-cat-food,https://cdn0.woolworths.media/content/wowproductimages/medium/064194.jpg,2020-09-14 19:19:18,,0,4 for $6.00 $0.38/100G,True
Woolworths Supermarket,Pet,Purina One Adult Cat Formula With Salmon & Tuna 1.5kg,852609,$12.00,$0.80 / 100G,https://www.woolworths.com.au/shop/productdetails/852609/purina-one-adult-cat-formula-with-salmon-tuna,https://cdn0.woolworths.media/content/wowproductimages/medium/852609.jpg,2020-09-14 19:19:18,,0,Was $14.00 17/07/2017,True
Woolworths Supermarket,Pet,Nature's Gift Meal Time Loaf Beef Barley & Vegetables Wet Dog Food 700g,071686,$2.00,$0.29 / 100G,https://www.woolworths.com.au/shop/productdetails/71686/nature-s-gift-meal-time-loaf-beef-barley-vegetables-wet-dog-food,https://cdn0.woolworths.media/content/wowproductimages/medium/071686.jpg,2020-09-14 19:19:18,,0,Was $2.80 02/10/2017,True
Woolworths Supermarket,Pet,Smitten Cat Food Mince Beef 400g,481178,$0.85,$0.21 / 100G,https://www.woolworths.com.au/shop/productdetails/481178/smitten-cat-food-mince-beef,https://cdn0.woolworths.media/content/wowproductimages/medium/481178.jpg,2020-09-14 19:19:18,Average product rating out of 5: 3.5. Product score is based on 272 ratings,272,,True
Woolworths Supermarket,Pet,Dine Saucy Morsels With Tuna Mornay & Cheese Wet Cat Food Tray 7 pack,477637,$6.00,$1.01 / 100G,https://www.woolworths.com.au/shop/productdetails/477637/dine-saucy-morsels-with-tuna-mornay-cheese-wet-cat-food-tray,https://cdn0.woolworths.media/content/wowproductimages/medium/477637.jpg,2020-09-14 19:19:18,,0,,True
Woolworths Supermarket,Pet,Nature's Gift Meal Time Loaf With Kangaroo Rice & Veg Wet Dog Food 700g,323269,$2.00,$0.29 / 100G,https://www.woolworths.com.au/shop/productdetails/323269/nature-s-gift-meal-time-loaf-with-kangaroo-rice-veg-wet-dog-food,https://cdn0.woolworths.media/content/wowproductimages/medium/323269.jpg,2020-09-14 19:19:18,,0,Was $2.80 02/10/2017,True
Woolworths Supermarket,Pet,Nature's Gift Meal Time Loaf Duck & Vegetables Dog Food 700g,657013,$2.00,$0.29 / 100G,https://www.woolworths.com.au/shop/productdetails/657013/nature-s-gift-meal-time-loaf-duck-vegetables-dog-food,https://cdn0.woolworths.media/content/wowproductimages/medium/657013.jpg,2020-09-14 19:19:18,,0,,True
Woolworths Supermarket,Pet,Whiskas 1+ Years Favourites With Beef In Jelly Wet Cat Food Pouch 85g x12 pack,625159,$8.00,$0.78 / 100G,https://www.woolworths.com.au/shop/productdetails/625159/whiskas-1-years-favourites-with-beef-in-jelly-wet-cat-food-pouch,https://cdn0.woolworths.media/content/wowproductimages/medium/625159.jpg,2020-09-14 19:19:18,,0,,True
Woolworths Supermarket,Pet,V.i.p Adult Dog Food Chicken Chunkers 1kg,158895,$4.25,$0.43 / 100G,https://www.woolworths.com.au/shop/productdetails/158895/v-i-p-adult-dog-food-chicken-chunkers,https://cdn0.woolworths.media/content/wowproductimages/medium/158895.jpg,2020-09-14 19:19:18,,0,Was $5.00 12/03/2018,True
Woolworths Supermarket,Pet,Applaws It's All Good Dry Dog Food Chicken & Turkey 2.7kg,899673,$19.00,$0.70 / 100G,https://www.woolworths.com.au/shop/productdetails/899673/applaws-it-s-all-good-dry-dog-food-chicken-turkey,https://cdn0.woolworths.media/content/wowproductimages/medium/899673.jpg,2020-09-14 19:19:18,,0,,True
Woolworths Supermarket,Pet,Nature's Gift Casserole Kangaroo & Vegetables 700g,793023,$2.00,$0.29 / 100G,https://www.woolworths.com.au/shop/productdetails/793023/nature-s-gift-casserole-kangaroo-vegetables,https://cdn0.woolworths.media/content/wowproductimages/medium/793023.jpg,2020-09-14 19:19:18,,0,Was $2.80 02/10/2017,True
Woolworths Supermarket,Pet,Paws Fresh Gourmet Chunky Mince Chilled Dog Food 600g,355561,$4.50,$0.75 / 100G,https://www.woolworths.com.au/shop/productdetails/355561/paws-fresh-gourmet-chunky-mince-chilled-dog-food,https://cdn0.woolworths.media/content/wowproductimages/medium/355561.jpg,2020-09-14 19:19:18,,0,,True
Woolworths Supermarket,Pet,Felix Meat Menus In Jelly 85g x27 pack,020725,$25.00,$1.09 / 100G,https://www.woolworths.com.au/shop/productdetails/20725/felix-meat-menus-in-jelly,https://cdn0.woolworths.media/content/wowproductimages/medium/020725.jpg,2020-09-14 19:19:18,,0,,True
Woolworths Supermarket,Pet,Supercoat Adult Dog Food Healthy Weight 7.5kg,516951,$29.00,$0.39 / 100G,https://www.woolworths.com.au/shop/productdetails/516951/supercoat-adult-dog-food-healthy-weight,https://cdn0.woolworths.media/content/wowproductimages/medium/516951.jpg,2020-09-14 19:19:18,,0,3 for $58.50 $0.26/100G,True
Woolworths Supermarket,Pet,V.i.p Fussycat Steak Mince 450g,211232,$5.30,$1.18 / 100G,https://www.woolworths.com.au/shop/productdetails/211232/v-i-p-fussycat-steak-mince,https://cdn0.woolworths.media/content/wowproductimages/medium/211232.jpg,2020-09-14 19:19:18,,0,,True
Woolworths Supermarket,Pet,Dentalife Chicken Cat Treats 51g,693437,$3.00,$5.88 / 100G,https://www.woolworths.com.au/shop/productdetails/693437/dentalife-chicken-cat-treats,https://cdn0.woolworths.media/content/wowproductimages/medium/693437.jpg,2020-09-14 19:19:18,,0,,True
Woolworths Supermarket,Pet,Schmackos Strapz Variety Pack Chicken Liver & Beef Dog Treats 500g,657197,$12.90,$2.58 / 100G,https://www.woolworths.com.au/shop/productdetails/657197/schmackos-strapz-variety-pack-chicken-liver-beef-dog-treats,https://cdn0.woolworths.media/content/wowproductimages/medium/657197.jpg,2020-09-14 19:19:18,,0,,True
Woolworths Supermarket,Pet,Felix As Good As It Looks Ocean Menus 12x85g,844355,$11.50,$1.13 / 100G,https://www.woolworths.com.au/shop/productdetails/844355/felix-as-good-as-it-looks-ocean-menus,https://cdn0.woolworths.media/content/wowproductimages/medium/844355.jpg,2020-09-14 19:19:18,,0,,True
Woolworths Supermarket,Pet,Natures Goodness Adult Dog Food Turkey With Vegetables 2.15kg,741258,$4.50,$0.21 / 100G,https://www.woolworths.com.au/shop/productdetails/741258/natures-goodness-adult-dog-food-turkey-with-vegetables,https://cdn0.woolworths.media/content/wowproductimages/medium/741258.jpg,2020-09-14 19:19:18,,0,,True
Woolworths Supermarket,Pet,V.i.p Adult Dog Food Lamb Chunkers 1kg,217233,$4.25,$0.43 / 100G,https://www.woolworths.com.au/shop/productdetails/217233/v-i-p-adult-dog-food-lamb-chunkers,https://cdn0.woolworths.media/content/wowproductimages/medium/217233.jpg,2020-09-14 19:19:18,,0,Was $5.00 12/03/2018,True
Woolworths Supermarket,Pet,My Dog Chicken Supreme Loaf Classics Wet Dog Food Tray 100g,075953,$1.00,$1.00 / 100G,https://www.woolworths.com.au/shop/productdetails/75953/my-dog-chicken-supreme-loaf-classics-wet-dog-food-tray,https://cdn0.woolworths.media/content/wowproductimages/medium/075953.jpg,2020-09-14 19:19:18,,0,,True
Woolworths Supermarket,Pet,My Dog Beef And Liver Loaf Classics Wet Dog Food Tray 100g,075983,$1.00,$1.00 / 100G,https://www.woolworths.com.au/shop/productdetails/75983/my-dog-beef-and-liver-loaf-classics-wet-dog-food-tray,https://cdn0.woolworths.media/content/wowproductimages/medium/075983.jpg,2020-09-14 19:19:18,,0,,True
Woolworths Supermarket,Pet,My Dog Gourmet Beef Loaf Classics Wet Dog Food Tray 100g,076079,$1.00,$1.00 / 100G,https://www.woolworths.com.au/shop/productdetails/76079/my-dog-gourmet-beef-loaf-classics-wet-dog-food-tray,https://cdn0.woolworths.media/content/wowproductimages/medium/076079.jpg,2020-09-14 19:19:18,,0,,True
Woolworths Supermarket,Pet,Nature's Gift Meatballs Chicken Rice & Garden Veg Chilled Dog Food 700g,077866,$5.00,$0.71 / 100G,https://www.woolworths.com.au/shop/productdetails/77866/nature-s-gift-meatballs-chicken-rice-garden-veg-chilled-dog-food,https://cdn0.woolworths.media/content/wowproductimages/medium/077866.jpg,2020-09-14 19:19:18,,0,,True
Woolworths Supermarket,Pet,Whiskas 1+ Years Wet Cat Food Lamb Mince 400g can,078609,$1.75,$0.44 / 100G,https://www.woolworths.com.au/shop/productdetails/78609/whiskas-1-years-wet-cat-food-lamb-mince,https://cdn0.woolworths.media/content/wowproductimages/medium/078609.jpg,2020-09-14 19:19:18,,0,,True
Woolworths Supermarket,Pet,Nature's Gift Meatballs Kangaroo Potato & Peas Chilled Dog Food 700g,079406,$5.00,$0.71 / 100G,https://www.woolworths.com.au/shop/productdetails/79406/nature-s-gift-meatballs-kangaroo-potato-peas-chilled-dog-food,https://cdn0.woolworths.media/content/wowproductimages/medium/079406.jpg,2020-09-14 19:19:18,,0,,True
Woolworths Supermarket,Pet,Trill Food Pellets Small Birds 600g,080064,$9.99,$1.67 / 100G,https://www.woolworths.com.au/shop/productdetails/80064/trill-food-pellets-small-birds,https://cdn0.woolworths.media/content/wowproductimages/medium/080064.jpg,2020-09-14 19:19:18,,0,,True
Woolworths Supermarket,Pet,Trill Food Pellets Large Birds 600g,080065,$9.99,$1.67 / 100G,https://www.woolworths.com.au/shop/productdetails/80065/trill-food-pellets-large-birds,https://cdn0.woolworths.media/content/wowproductimages/medium/080065.jpg,2020-09-14 19:19:18,,0,,True
Woolworths Supermarket,Pet,Harmony Bird Food Insectivore Mix 500g,080066,$8.99,$1.80 / 100G,https://www.woolworths.com.au/shop/productdetails/80066/harmony-bird-food-insectivore-mix,https://cdn0.woolworths.media/content/wowproductimages/medium/080066.jpg,2020-09-14 19:19:18,,0,,True
Woolworths Supermarket,Pet,Trill Budgie Mix 1.8kg,080067,$6.00,$0.33 / 100G,https://www.woolworths.com.au/shop/productdetails/80067/trill-budgie-mix,https://cdn0.woolworths.media/content/wowproductimages/medium/080067.jpg,2020-09-14 19:19:18,,0,,True
Woolworths Supermarket,Pet,Trill Cockatiel Mix 1.8kg,080068,$6.00,$0.33 / 100G,https://www.woolworths.com.au/shop/productdetails/80068/trill-cockatiel-mix,https://cdn0.woolworths.media/content/wowproductimages/medium/080068.jpg,2020-09-14 19:19:18,,0,,True
Woolworths Supermarket,Pet,Trill Canary & Finch Mix 1.8kg,080087,$6.00,$0.33 / 100G,https://www.woolworths.com.au/shop/productdetails/80087/trill-canary-finch-mix,https://cdn0.woolworths.media/content/wowproductimages/medium/080087.jpg,2020-09-14 19:19:18,,0,,True
Woolworths Supermarket,Pet,Trill Small Parrot Mix 1.8kg,080088,$6.00,$0.33 / 100G,https://www.woolworths.com.au/shop/productdetails/80088/trill-small-parrot-mix,https://cdn0.woolworths.media/content/wowproductimages/medium/080088.jpg,2020-09-14 19:19:18,,0,,True
Woolworths Supermarket,Pet,Regal Meatball Toppers Beef Dog Food 750g,081292,$5.00,$0.67 / 100G,https://www.woolworths.com.au/shop/productdetails/81292/regal-meatball-toppers-beef-dog-food,https://cdn0.woolworths.media/content/wowproductimages/medium/081292.jpg,2020-09-14 19:19:18,,0,,True
Woolworths Supermarket,Pet,Pet Vet Digestive Wellness Chews 150g,082403,$16.00,$10.67 / 100G,https://www.woolworths.com.au/shop/productdetails/82403/pet-vet-digestive-wellness-chews,https://cdn0.woolworths.media/content/wowproductimages/medium/082403.jpg,2020-09-14 19:19:18,,0,,True
Woolworths Supermarket,Pet,Disney Mickey Mouse Treat Ball each,082584,$15.00,$15.00 / 1EA,https://www.woolworths.com.au/shop/productdetails/82584/disney-mickey-mouse-treat-ball,https://cdn0.woolworths.media/content/wowproductimages/medium/082584.jpg,2020-09-14 19:19:18,,0,,True
Woolworths Supermarket,Pet,Disney Mickey Mouse Dog Collar Small each,083837,$17.00,$17.00 / 1EA,https://www.woolworths.com.au/shop/productdetails/83837/disney-mickey-mouse-dog-collar-small,https://cdn0.woolworths.media/content/wowproductimages/medium/083837.jpg,2020-09-14 19:19:18,,0,,True
Woolworths Supermarket,Pet,Disney Mickey Mouse Dog Collar Medium each,083972,$18.00,$18.00 / 1EA,https://www.woolworths.com.au/shop/productdetails/83972/disney-mickey-mouse-dog-collar-medium,https://cdn0.woolworths.media/content/wowproductimages/medium/083972.jpg,2020-09-14 19:19:18,,0,,True
Woolworths Supermarket,Pet,Disney Mickey Mouse Plush Toy each,084332,$18.00,$18.00 / 1EA,https://www.woolworths.com.au/shop/productdetails/84332/disney-mickey-mouse-plush-toy,https://cdn0.woolworths.media/content/wowproductimages/medium/084332.jpg,2020-09-14 19:19:18,,0,,True
Woolworths Supermarket,Pet,Disney Mickey Mouse Rope Toy each,084334,$15.00,$15.00 / 1EA,https://www.woolworths.com.au/shop/productdetails/84334/disney-mickey-mouse-rope-toy,https://cdn0.woolworths.media/content/wowproductimages/medium/084334.jpg,2020-09-14 19:19:18,,0,,True
Woolworths Supermarket,Pet,Nerf Crunch Ball each,084695,$15.00,,https://www.woolworths.com.au/shop/productdetails/84695/nerf-crunch-ball,https://cdn0.woolworths.media/content/wowproductimages/medium/084695.jpg,2020-09-14 19:19:18,,0,,True
Woolworths Supermarket,Pet,Tonka Mega Tread Feeder Ball each,084703,$15.00,,https://www.woolworths.com.au/shop/productdetails/84703/tonka-mega-tread-feeder-ball,https://cdn0.woolworths.media/content/wowproductimages/medium/084703.jpg,2020-09-14 19:19:18,,0,,True
Woolworths Supermarket,Pet,Tonka Diamond Stack Feeder each,084704,$15.00,,https://www.woolworths.com.au/shop/productdetails/84704/tonka-diamond-stack-feeder,https://cdn0.woolworths.media/content/wowproductimages/medium/084704.jpg,2020-09-14 19:19:18,,0,,True
Woolworths Supermarket,Pet,Nerf Squeak Balls 4 pack,084706,$9.50,,https://www.woolworths.com.au/shop/productdetails/84706/nerf-squeak-balls,https://cdn0.woolworths.media/content/wowproductimages/medium/084706.jpg,2020-09-14 19:19:18,,0,,True
Woolworths Supermarket,Pet,Applaws It's All Good Dry Dog Food Chicken & Turkey 2.7kg,899673,$19.00,$0.70 / 100G,https://www.woolworths.com.au/shop/productdetails/899673/applaws-it-s-all-good-dry-dog-food-chicken-turkey,https://cdn0.woolworths.media/content/wowproductimages/medium/899673.jpg,2020-09-14 19:19:18,,0,,True
Woolworths Supermarket,Pet,Dine Saucy Morsels With Tuna Mornay & Cheese Wet Cat Food Tray 7 pack,477637,$6.00,$1.01 / 100G,https://www.woolworths.com.au/shop/productdetails/477637/dine-saucy-morsels-with-tuna-mornay-cheese-wet-cat-food-tray,https://cdn0.woolworths.media/content/wowproductimages/medium/477637.jpg,2020-09-14 19:19:18,,0,,True
Woolworths Supermarket,Pet,Nature's Gift Meal Time Loaf Duck & Vegetables Dog Food 700g,657013,$2.00,$0.29 / 100G,https://www.woolworths.com.au/shop/productdetails/657013/nature-s-gift-meal-time-loaf-duck-vegetables-dog-food,https://cdn0.woolworths.media/content/wowproductimages/medium/657013.jpg,2020-09-14 19:19:18,,0,,True
Woolworths Supermarket,Pet,Felix As Good As It Looks Ocean Menus 12x85g,844355,$11.50,$1.13 / 100G,https://www.woolworths.com.au/shop/productdetails/844355/felix-as-good-as-it-looks-ocean-menus,https://cdn0.woolworths.media/content/wowproductimages/medium/844355.jpg,2020-09-14 19:19:18,,0,,True
Woolworths Supermarket,Pet,Smitten Cat Food Mince Beef 400g,481178,$0.85,$0.21 / 100G,https://www.woolworths.com.au/shop/productdetails/481178/smitten-cat-food-mince-beef,https://cdn0.woolworths.media/content/wowproductimages/medium/481178.jpg,2020-09-14 19:19:18,Average product rating out of 5: 3.5. Product score is based on 272 ratings,272,,True
Woolworths Supermarket,Pet,Fussy Cat Grain Free Beef Mince Casserole Wet Cat Food 400g,064194,$1.80,$0.45 / 100G,https://www.woolworths.com.au/shop/productdetails/64194/fussy-cat-grain-free-beef-mince-casserole-wet-cat-food,https://cdn0.woolworths.media/content/wowproductimages/medium/064194.jpg,2020-09-14 19:19:18,,0,4 for $6.00 $0.38/100G,True
Woolworths Supermarket,Pet,Nature's Gift Meal Time Loaf Beef Barley & Vegetables Wet Dog Food 700g,071686,$2.00,$0.29 / 100G,https://www.woolworths.com.au/shop/productdetails/71686/nature-s-gift-meal-time-loaf-beef-barley-vegetables-wet-dog-food,https://cdn0.woolworths.media/content/wowproductimages/medium/071686.jpg,2020-09-14 19:19:18,,0,Was $2.80 02/10/2017,True
Woolworths Supermarket,Pet,Fussy Cat Grain Free Chicken Mince Casserole Wet Cat Food 400g,067483,$1.80,$0.45 / 100G,https://www.woolworths.com.au/shop/productdetails/67483/fussy-cat-grain-free-chicken-mince-casserole-wet-cat-food,https://cdn0.woolworths.media/content/wowproductimages/medium/067483.jpg,2020-09-14 19:19:18,,0,4 for $6.00 $0.38/100G,True
Woolworths Supermarket,Pet,Dentalife Chicken Cat Treats 51g,693437,$3.00,$5.88 / 100G,https://www.woolworths.com.au/shop/productdetails/693437/dentalife-chicken-cat-treats,https://cdn0.woolworths.media/content/wowproductimages/medium/693437.jpg,2020-09-14 19:19:18,,0,,True
Woolworths Supermarket,Pet,Nature's Gift Meal Time Loaf With Kangaroo Rice & Veg Wet Dog Food 700g,323269,$2.00,$0.29 / 100G,https://www.woolworths.com.au/shop/productdetails/323269/nature-s-gift-meal-time-loaf-with-kangaroo-rice-veg-wet-dog-food,https://cdn0.woolworths.media/content/wowproductimages/medium/323269.jpg,2020-09-14 19:19:18,,0,Was $2.80 02/10/2017,True
Woolworths Supermarket,Pet,Felix Meat Menus In Jelly 85g x27 pack,020725,$25.00,$1.09 / 100G,https://www.woolworths.com.au/shop/productdetails/20725/felix-meat-menus-in-jelly,https://cdn0.woolworths.media/content/wowproductimages/medium/020725.jpg,2020-09-14 19:19:18,,0,,True
Woolworths Supermarket,Pet,Paws Fresh Gourmet Chunky Mince Chilled Dog Food 600g,355561,$4.50,$0.75 / 100G,https://www.woolworths.com.au/shop/productdetails/355561/paws-fresh-gourmet-chunky-mince-chilled-dog-food,https://cdn0.woolworths.media/content/wowproductimages/medium/355561.jpg,2020-09-14 19:19:18,,0,,True
Woolworths Supermarket,Pet,V.i.p Adult Dog Food Chicken Chunkers 1kg,158895,$4.25,$0.43 / 100G,https://www.woolworths.com.au/shop/productdetails/158895/v-i-p-adult-dog-food-chicken-chunkers,https://cdn0.woolworths.media/content/wowproductimages/medium/158895.jpg,2020-09-14 19:19:18,,0,Was $5.00 12/03/2018,True
Woolworths Supermarket,Pet,Nature's Gift Casserole Kangaroo & Vegetables 700g,793023,$2.00,$0.29 / 100G,https://www.woolworths.com.au/shop/productdetails/793023/nature-s-gift-casserole-kangaroo-vegetables,https://cdn0.woolworths.media/content/wowproductimages/medium/793023.jpg,2020-09-14 19:19:18,,0,Was $2.80 02/10/2017,True
Woolworths Supermarket,Pet,Smitten Cat Food Beef Lamb & Vegetables 1kg,481065,$2.80,$0.28 / 100G,https://www.woolworths.com.au/shop/productdetails/481065/smitten-cat-food-beef-lamb-vegetables,https://cdn0.woolworths.media/content/wowproductimages/medium/481065.jpg,2020-09-14 19:19:18,,0,,True
Woolworths Supermarket,Pet,Smitten Cat Food Chicken Salmon & Tuna 1kg,481087,$2.80,$0.28 / 100G,https://www.woolworths.com.au/shop/productdetails/481087/smitten-cat-food-chicken-salmon-tuna,https://cdn0.woolworths.media/content/wowproductimages/medium/481087.jpg,2020-09-14 19:19:18,,0,,True
Woolworths Supermarket,Pet,V.i.p Adult Dog Food Lamb Chunkers 1kg,217233,$4.25,$0.43 / 100G,https://www.woolworths.com.au/shop/productdetails/217233/v-i-p-adult-dog-food-lamb-chunkers,https://cdn0.woolworths.media/content/wowproductimages/medium/217233.jpg,2020-09-14 19:19:18,,0,Was $5.00 12/03/2018,True
Woolworths Supermarket,Pet,Fussy Cat Grain Free Chicken & Turkey With Cranberry Wet Cat Food 400g,810160,$1.80,$0.45 / 100G,https://www.woolworths.com.au/shop/productdetails/810160/fussy-cat-grain-free-chicken-turkey-with-cranberry-wet-cat-food,https://cdn0.woolworths.media/content/wowproductimages/medium/810160.jpg,2020-09-14 19:19:18,,0,4 for $6.00 $0.38/100G,True
Woolworths Supermarket,Pet,"Baxter's Dog Food Casserole Chicken, Rice & Veg 700g",480256,$1.50,$0.21 / 100G,https://www.woolworths.com.au/shop/productdetails/480256/baxter-s-dog-food-casserole-chicken-rice-veg,https://cdn0.woolworths.media/content/wowproductimages/medium/480256.jpg,2020-09-14 19:19:18,,0,,True
Woolworths Supermarket,Pet,V.i.p Fussycat Steak Mince 450g,211232,$5.30,$1.18 / 100G,https://www.woolworths.com.au/shop/productdetails/211232/v-i-p-fussycat-steak-mince,https://cdn0.woolworths.media/content/wowproductimages/medium/211232.jpg,2020-09-14 19:19:18,,0,,True
Woolworths Supermarket,Pet,Exelpet Ezy-dose Dog Treatment Intestinal All Wormer 4 pack,085819,$21.00,$5.25 / 1EA,https://www.woolworths.com.au/shop/productdetails/85819/exelpet-ezy-dose-dog-treatment-intestinal-all-wormer,https://cdn0.woolworths.media/content/wowproductimages/medium/085819.jpg,2020-09-14 19:19:18,,0,,True
Woolworths Supermarket,Pet,Whiskas Kitten Mixed Favourites In Jelly 2-12 Months 12 pack,087727,$8.00,$0.78 / 100G,https://www.woolworths.com.au/shop/productdetails/87727/whiskas-kitten-mixed-favourites-in-jelly-2-12-months,https://cdn0.woolworths.media/content/wowproductimages/medium/087727.jpg,2020-09-14 19:19:18,,0,,True
Woolworths Supermarket,Pet,Fancy Feast Savory Centres Mixed Selection Multipack 85g x12 pack,087864,$15.00,$1.47 / 100G,https://www.woolworths.com.au/shop/productdetails/87864/fancy-feast-savory-centres-mixed-selection-multipack,https://cdn0.woolworths.media/content/wowproductimages/medium/087864.jpg,2020-09-14 19:19:18,,0,,True
Woolworths Supermarket,Pet,Fancy Feast Savory Centres Fish Selection Multipack 85g x12 pack,088162,$15.00,$1.47 / 100G,https://www.woolworths.com.au/shop/productdetails/88162/fancy-feast-savory-centres-fish-selection-multipack,https://cdn0.woolworths.media/content/wowproductimages/medium/088162.jpg,2020-09-14 19:19:18,,0,,True
Woolworths Supermarket,Pet,Whiskas Mixed Favourites In Jelly 7+ Years 12 pack,088204,$8.00,$0.78 / 100G,https://www.woolworths.com.au/shop/productdetails/88204/whiskas-mixed-favourites-in-jelly-7-years,https://cdn0.woolworths.media/content/wowproductimages/medium/088204.jpg,2020-09-14 19:19:18,,0,,True
Woolworths Supermarket,Pet,Ultimates Indulge Natural Meat & Grain Free 6 pack,089181,$8.50,$1.67 / 100G,https://www.woolworths.com.au/shop/productdetails/89181/ultimates-indulge-natural-meat-grain-free,https://cdn0.woolworths.media/content/wowproductimages/medium/089181.jpg,2020-09-14 19:19:18,,0,,True
Woolworths Supermarket,Pet,Baxter's Doggy Treats 375g,089620,$4.00,$1.07 / 100G,https://www.woolworths.com.au/shop/productdetails/89620/baxter-s-doggy-treats,https://cdn0.woolworths.media/content/wowproductimages/medium/089620.jpg,2020-09-14 19:19:18,,0,,True
Woolworths Supermarket,Pet,Ultimates Indulge Chicken Prawn & Tuna Flavours 6 pack,089797,$8.50,$1.67 / 100G,https://www.woolworths.com.au/shop/productdetails/89797/ultimates-indulge-chicken-prawn-tuna-flavours,https://cdn0.woolworths.media/content/wowproductimages/medium/089797.jpg,2020-09-14 19:19:18,,0,,True
Woolworths Supermarket,Pet,Ultimates Indulge Chicken & Whitemeat Flavours 6 pack,090062,$8.50,$1.67 / 100G,https://www.woolworths.com.au/shop/productdetails/90062/ultimates-indulge-chicken-whitemeat-flavours,https://cdn0.woolworths.media/content/wowproductimages/medium/090062.jpg,2020-09-14 19:19:18,,0,,True
Woolworths Supermarket,Pet,World's Best Cat Litter Multiplie Cat Clumping Litter 3.63kg,090482,$20.00,$5.51 / 1KG,https://www.woolworths.com.au/shop/productdetails/90482/world-s-best-cat-litter-multiplie-cat-clumping-litter,https://cdn0.woolworths.media/content/wowproductimages/medium/090482.jpg,2020-09-14 19:19:18,,0,,True
Woolworths Supermarket,Pet,Ultimates Indulge Beef & Lamb Mince Flavours 6 pack,091084,$8.50,$1.67 / 100G,https://www.woolworths.com.au/shop/productdetails/91084/ultimates-indulge-beef-lamb-mince-flavours,https://cdn0.woolworths.media/content/wowproductimages/medium/091084.jpg,2020-09-14 19:19:18,,0,,True
Woolworths Supermarket,Pet,Lucky Dog Adult Dog Food Mince Beef Veg Marrowbone 3kg,091819,$6.99,$0.23 / 100G,https://www.woolworths.com.au/shop/productdetails/91819/lucky-dog-adult-dog-food-mince-beef-veg-marrowbone,https://cdn0.woolworths.media/content/wowproductimages/medium/091819.jpg,2020-09-14 19:19:18,,0,Was $9.18 16/11/2014,True
Woolworths Supermarket,Pet,Snappy Tom Crystal Clean Lavender Cat Litter 2kg,092358,$10.00,$5.00 / 1KG,https://www.woolworths.com.au/shop/productdetails/92358/snappy-tom-crystal-clean-lavender-cat-litter,https://cdn0.woolworths.media/content/wowproductimages/medium/092358.jpg,2020-09-14 19:19:18,,0,,True
Woolworths Supermarket,Pet,Ultimates Indulge Superfoods Dry Natural Chicken 500g,092555,$5.50,$1.10 / 100G,https://www.woolworths.com.au/shop/productdetails/92555/ultimates-indulge-superfoods-dry-natural-chicken,https://cdn0.woolworths.media/content/wowproductimages/medium/092555.jpg,2020-09-14 19:19:18,,0,,True
Woolworths Supermarket,Pet,Fancy Feast Medleys Florentine Collection 85g x12 pack,092855,$17.50,$1.72 / 100G,https://www.woolworths.com.au/shop/productdetails/92855/fancy-feast-medleys-florentine-collection,https://cdn0.woolworths.media/content/wowproductimages/medium/092855.jpg,2020-09-14 19:19:18,,0,,True
Woolworths Supermarket,Pet,Ultimates Indulge Superfoods Dry Natural Salmon 500g,092934,$5.50,$1.10 / 100G,https://www.woolworths.com.au/shop/productdetails/92934/ultimates-indulge-superfoods-dry-natural-salmon,https://cdn0.woolworths.media/content/wowproductimages/medium/092934.jpg,2020-09-14 19:19:18,,0,,True
Woolworths Supermarket,Pet,Fancy Feast Medleys Tuscany Collection 12 pack,093034,$17.50,$1.72 / 100G,https://www.woolworths.com.au/shop/productdetails/93034/fancy-feast-medleys-tuscany-collection,https://cdn0.woolworths.media/content/wowproductimages/medium/093034.jpg,2020-09-14 19:19:18,,0,,True
Woolworths Supermarket,Pet,Baxter's Doggy Biscuits 1.5kg,093102,$8.00,$0.53 / 100G,https://www.woolworths.com.au/shop/productdetails/93102/baxter-s-doggy-biscuits,https://cdn0.woolworths.media/content/wowproductimages/medium/093102.jpg,2020-09-14 19:19:18,,0,,True
Woolworths Supermarket,Pet,Fussy Cat Dental Care Treats Kangaroo Grain Free 50g,094307,$4.50,$9.00 / 100G,https://www.woolworths.com.au/shop/productdetails/94307/fussy-cat-dental-care-treats-kangaroo-grain-free,https://cdn0.woolworths.media/content/wowproductimages/medium/094307.jpg,2020-09-14 19:19:18,,0,,True
Woolworths Supermarket,Pet,Chum Adult Dog Food Beef & Kidney 1.2kg,094373,$3.20,$0.27 / 100G,https://www.woolworths.com.au/shop/productdetails/94373/chum-adult-dog-food-beef-kidney,https://cdn0.woolworths.media/content/wowproductimages/medium/094373.jpg,2020-09-14 19:19:18,,0,,True
Woolworths Supermarket,Pet,Fussy Cat Dental Care Treats Chicken Grain Free 50g,095180,$4.50,$9.00 / 100G,https://www.woolworths.com.au/shop/productdetails/95180/fussy-cat-dental-care-treats-chicken-grain-free,https://cdn0.woolworths.media/content/wowproductimages/medium/095180.jpg,2020-09-14 19:19:18,,0,,True
Woolworths Supermarket,Pet,Fussy Cat Grain Free Kangaroo & Chicken With Carrots 85g,095755,$1.19,$1.40 / 100G,https://www.woolworths.com.au/shop/productdetails/95755/fussy-cat-grain-free-kangaroo-chicken-with-carrots,https://cdn0.woolworths.media/content/wowproductimages/medium/095755.jpg,2020-09-14 19:19:18,,0,5 for $5.00 $1.18/100G,True
Woolworths Supermarket,Pet,Fussy Cat Grain Free Oceanfish & Chicken With Sweet Potato 85g,095804,$1.19,$1.40 / 100G,https://www.woolworths.com.au/shop/productdetails/95804/fussy-cat-grain-free-oceanfish-chicken-with-sweet-potato,https://cdn0.woolworths.media/content/wowproductimages/medium/095804.jpg,2020-09-14 19:19:18,,0,5 for $5.00 $1.18/100G,True
Woolworths Supermarket,Pet,Fussy Cat Grain Free Lamb & Chicken With Peas 85g,095916,$1.19,$1.40 / 100G,https://www.woolworths.com.au/shop/productdetails/95916/fussy-cat-grain-free-lamb-chicken-with-peas,https://cdn0.woolworths.media/content/wowproductimages/medium/095916.jpg,2020-09-14 19:19:18,,0,5 for $5.00 $1.18/100G,True
Woolworths Supermarket,Pet,Applaws It's All Good Dry Dog Food Chicken & Turkey 2.7kg,899673,$19.00,$0.70 / 100G,https://www.woolworths.com.au/shop/productdetails/899673/applaws-it-s-all-good-dry-dog-food-chicken-turkey,https://cdn0.woolworths.media/content/wowproductimages/medium/899673.jpg,2020-09-14 19:19:18,,0,,True
Woolworths Supermarket,Pet,Nature's Gift Meal Time Loaf Beef Barley & Vegetables Wet Dog Food 700g,071686,$2.00,$0.29 / 100G,https://www.woolworths.com.au/shop/productdetails/71686/nature-s-gift-meal-time-loaf-beef-barley-vegetables-wet-dog-food,https://cdn0.woolworths.media/content/wowproductimages/medium/071686.jpg,2020-09-14 19:19:18,,0,Was $2.80 02/10/2017,True
Woolworths Supermarket,Pet,Dine Saucy Morsels With Tuna Mornay & Cheese Wet Cat Food Tray 7 pack,477637,$6.00,$1.01 / 100G,https://www.woolworths.com.au/shop/productdetails/477637/dine-saucy-morsels-with-tuna-mornay-cheese-wet-cat-food-tray,https://cdn0.woolworths.media/content/wowproductimages/medium/477637.jpg,2020-09-14 19:19:18,,0,,True
Woolworths Supermarket,Pet,Fussy Cat Grain Free Chicken Mince Casserole Wet Cat Food 400g,067483,$1.80,$0.45 / 100G,https://www.woolworths.com.au/shop/productdetails/67483/fussy-cat-grain-free-chicken-mince-casserole-wet-cat-food,https://cdn0.woolworths.media/content/wowproductimages/medium/067483.jpg,2020-09-14 19:19:18,,0,4 for $6.00 $0.38/100G,True
Woolworths Supermarket,Pet,"Baxter's Dog Food Casserole Chicken, Rice & Veg 700g",480256,$1.50,$0.21 / 100G,https://www.woolworths.com.au/shop/productdetails/480256/baxter-s-dog-food-casserole-chicken-rice-veg,https://cdn0.woolworths.media/content/wowproductimages/medium/480256.jpg,2020-09-14 19:19:18,,0,,True
Woolworths Supermarket,Pet,Felix Meat Menus In Jelly 85g x27 pack,020725,$25.00,$1.09 / 100G,https://www.woolworths.com.au/shop/productdetails/20725/felix-meat-menus-in-jelly,https://cdn0.woolworths.media/content/wowproductimages/medium/020725.jpg,2020-09-14 19:19:18,,0,,True
Woolworths Supermarket,Pet,Fussy Cat Grain Free Beef Mince Casserole Wet Cat Food 400g,064194,$1.80,$0.45 / 100G,https://www.woolworths.com.au/shop/productdetails/64194/fussy-cat-grain-free-beef-mince-casserole-wet-cat-food,https://cdn0.woolworths.media/content/wowproductimages/medium/064194.jpg,2020-09-14 19:19:18,,0,4 for $6.00 $0.38/100G,True
Woolworths Supermarket,Pet,Smitten Cat Food Beef Lamb & Vegetables 1kg,481065,$2.80,$0.28 / 100G,https://www.woolworths.com.au/shop/productdetails/481065/smitten-cat-food-beef-lamb-vegetables,https://cdn0.woolworths.media/content/wowproductimages/medium/481065.jpg,2020-09-14 19:19:18,,0,,True
Woolworths Supermarket,Pet,Smitten Cat Food Mince Beef 400g,481178,$0.85,$0.21 / 100G,https://www.woolworths.com.au/shop/productdetails/481178/smitten-cat-food-mince-beef,https://cdn0.woolworths.media/content/wowproductimages/medium/481178.jpg,2020-09-14 19:19:18,Average product rating out of 5: 3.5. Product score is based on 272 ratings,272,,True
Woolworths Supermarket,Pet,V.i.p Adult Dog Food Lamb Chunkers 1kg,217233,$4.25,$0.43 / 100G,https://www.woolworths.com.au/shop/productdetails/217233/v-i-p-adult-dog-food-lamb-chunkers,https://cdn0.woolworths.media/content/wowproductimages/medium/217233.jpg,2020-09-14 19:19:18,,0,Was $5.00 12/03/2018,True
Woolworths Supermarket,Pet,V.i.p Adult Dog Food Chicken Chunkers 1kg,158895,$4.25,$0.43 / 100G,https://www.woolworths.com.au/shop/productdetails/158895/v-i-p-adult-dog-food-chicken-chunkers,https://cdn0.woolworths.media/content/wowproductimages/medium/158895.jpg,2020-09-14 19:19:18,,0,Was $5.00 12/03/2018,True
Woolworths Supermarket,Pet,Nature's Gift Meal Time Loaf Duck & Vegetables Dog Food 700g,657013,$2.00,$0.29 / 100G,https://www.woolworths.com.au/shop/productdetails/657013/nature-s-gift-meal-time-loaf-duck-vegetables-dog-food,https://cdn0.woolworths.media/content/wowproductimages/medium/657013.jpg,2020-09-14 19:19:18,,0,,True
Woolworths Supermarket,Pet,Nature's Gift Casserole Kangaroo & Vegetables 700g,793023,$2.00,$0.29 / 100G,https://www.woolworths.com.au/shop/productdetails/793023/nature-s-gift-casserole-kangaroo-vegetables,https://cdn0.woolworths.media/content/wowproductimages/medium/793023.jpg,2020-09-14 19:19:18,,0,Was $2.80 02/10/2017,True
Woolworths Supermarket,Pet,Fussy Cat Grain Free Chicken & Turkey With Cranberry Wet Cat Food 400g,810160,$1.80,$0.45 / 100G,https://www.woolworths.com.au/shop/productdetails/810160/fussy-cat-grain-free-chicken-turkey-with-cranberry-wet-cat-food,https://cdn0.woolworths.media/content/wowproductimages/medium/810160.jpg,2020-09-14 19:19:18,,0,4 for $6.00 $0.38/100G,True
Woolworths Supermarket,Pet,Dentalife Chicken Cat Treats 51g,693437,$3.00,$5.88 / 100G,https://www.woolworths.com.au/shop/productdetails/693437/dentalife-chicken-cat-treats,https://cdn0.woolworths.media/content/wowproductimages/medium/693437.jpg,2020-09-14 19:19:18,,0,,True
Woolworths Supermarket,Pet,Paws Fresh Gourmet Chunky Mince Chilled Dog Food 600g,355561,$4.50,$0.75 / 100G,https://www.woolworths.com.au/shop/productdetails/355561/paws-fresh-gourmet-chunky-mince-chilled-dog-food,https://cdn0.woolworths.media/content/wowproductimages/medium/355561.jpg,2020-09-14 19:19:18,,0,,True
Woolworths Supermarket,Pet,Smitten Cat Food Chicken Salmon & Tuna 1kg,481087,$2.80,$0.28 / 100G,https://www.woolworths.com.au/shop/productdetails/481087/smitten-cat-food-chicken-salmon-tuna,https://cdn0.woolworths.media/content/wowproductimages/medium/481087.jpg,2020-09-14 19:19:18,,0,,True
Woolworths Supermarket,Pet,Nature's Gift Meal Time Loaf With Kangaroo Rice & Veg Wet Dog Food 700g,323269,$2.00,$0.29 / 100G,https://www.woolworths.com.au/shop/productdetails/323269/nature-s-gift-meal-time-loaf-with-kangaroo-rice-veg-wet-dog-food,https://cdn0.woolworths.media/content/wowproductimages/medium/323269.jpg,2020-09-14 19:19:18,,0,Was $2.80 02/10/2017,True
Woolworths Supermarket,Pet,Felix As Good As It Looks Ocean Menus 12x85g,844355,$11.50,$1.13 / 100G,https://www.woolworths.com.au/shop/productdetails/844355/felix-as-good-as-it-looks-ocean-menus,https://cdn0.woolworths.media/content/wowproductimages/medium/844355.jpg,2020-09-14 19:19:18,,0,,True
Woolworths Supermarket,Pet,V.i.p Fussycat Steak Mince 450g,211232,$5.30,$1.18 / 100G,https://www.woolworths.com.au/shop/productdetails/211232/v-i-p-fussycat-steak-mince,https://cdn0.woolworths.media/content/wowproductimages/medium/211232.jpg,2020-09-14 19:19:18,,0,,True
Woolworths Supermarket,Pet,Pedigree Adult With Real Beef Dry Dog Food 3kg,098751,$8.40,$0.28 / 100G,https://www.woolworths.com.au/shop/productdetails/98751/pedigree-adult-with-real-beef-dry-dog-food,https://cdn0.woolworths.media/content/wowproductimages/medium/098751.jpg,2020-09-14 19:19:18,,0,,True
Woolworths Supermarket,Pet,Pet Munchies Rabbit & Guinea Pig Treats 300g,101694,$2.29,$0.76 / 100G,https://www.woolworths.com.au/shop/productdetails/101694/pet-munchies-rabbit-guinea-pig-treats,https://cdn0.woolworths.media/content/wowproductimages/medium/101694.jpg,2020-09-14 19:19:18,,0,,True
Woolworths Supermarket,Pet,Crave Wet Dog Food Beef Pate 100g,107507,$1.90,$1.90 / 100G,https://www.woolworths.com.au/shop/productdetails/107507/crave-wet-dog-food-beef-pate,https://cdn0.woolworths.media/content/wowproductimages/medium/107507.jpg,2020-09-14 19:19:18,,0,,True
Woolworths Supermarket,Pet,Greenies Teenie Dog Dental Treat 340g,107925,$20.00,$5.88 / 100G,https://www.woolworths.com.au/shop/productdetails/107925/greenies-teenie-dog-dental-treat,https://cdn0.woolworths.media/content/wowproductimages/medium/107925.jpg,2020-09-14 19:19:18,,0,,True
Woolworths Supermarket,Pet,4 Legs Chicken With Vegetables Dog Meatballs 870g,107926,$6.00,$0.69 / 100G,https://www.woolworths.com.au/shop/productdetails/107926/4-legs-chicken-with-vegetables-dog-meatballs,https://cdn0.woolworths.media/content/wowproductimages/medium/107926.jpg,2020-09-14 19:19:18,,0,,True
Woolworths Supermarket,Pet,Greenies Petite Dog Dental Treat 170g,108400,$15.00,$8.82 / 100G,https://www.woolworths.com.au/shop/productdetails/108400/greenies-petite-dog-dental-treat,https://cdn0.woolworths.media/content/wowproductimages/medium/108400.jpg,2020-09-14 19:19:18,,0,,True
Woolworths Supermarket,Pet,Love'em Puppy Rewards Dog Treats 200g,108469,$6.00,$3.00 / 100G,https://www.woolworths.com.au/shop/productdetails/108469/love-em-puppy-rewards-dog-treats,https://cdn0.woolworths.media/content/wowproductimages/medium/108469.jpg,2020-09-14 19:19:18,,0,,True
Woolworths Supermarket,Pet,Greenies Original Dog Dental Treat Large 170g,108600,$15.00,$8.82 / 100G,https://www.woolworths.com.au/shop/productdetails/108600/greenies-original-dog-dental-treat-large,https://cdn0.woolworths.media/content/wowproductimages/medium/108600.jpg,2020-09-14 19:19:18,,0,,True
Woolworths Supermarket,Pet,Schmackos Strapz Beef Dog Treats 200g,108619,$4.00,$2.00 / 100G,https://www.woolworths.com.au/shop/productdetails/108619/schmackos-strapz-beef-dog-treats,https://cdn0.woolworths.media/content/wowproductimages/medium/108619.jpg,2020-09-14 19:19:18,,0,,True
Woolworths Supermarket,Pet,Prime Pantry Chicken With Broccoli & Apple Dog Roll 1.7kg,108621,$8.00,$0.47 / 100G,https://www.woolworths.com.au/shop/productdetails/108621/prime-pantry-chicken-with-broccoli-apple-dog-roll,https://cdn0.woolworths.media/content/wowproductimages/medium/108621.jpg,2020-09-14 19:19:18,,0,,True
Woolworths Supermarket,Pet,Crave Wet Dog Food Chicken Pate 100g,108825,$1.90,$1.90 / 100G,https://www.woolworths.com.au/shop/productdetails/108825/crave-wet-dog-food-chicken-pate,https://cdn0.woolworths.media/content/wowproductimages/medium/108825.jpg,2020-09-14 19:19:18,,0,,True
Woolworths Supermarket,Pet,Homebrand Cat Litter Clay 15l,109102,$7.05,$0.47 / 1L,https://www.woolworths.com.au/shop/productdetails/109102/homebrand-cat-litter-clay,https://cdn0.woolworths.media/content/wowproductimages/medium/109102.jpg,2020-09-14 19:19:18,,0,,True
Woolworths Supermarket,Pet,4 Legs Beef With Vegetables Dog Meatballs 870g,109151,$6.00,$0.69 / 100G,https://www.woolworths.com.au/shop/productdetails/109151/4-legs-beef-with-vegetables-dog-meatballs,https://cdn0.woolworths.media/content/wowproductimages/medium/109151.jpg,2020-09-14 19:19:18,,0,,True
Woolworths Supermarket,Pet,Crave Wet Dog Food Chicken Pate 400g,109274,$3.50,$0.88 / 100G,https://www.woolworths.com.au/shop/productdetails/109274/crave-wet-dog-food-chicken-pate,https://cdn0.woolworths.media/content/wowproductimages/medium/109274.jpg,2020-09-14 19:19:18,,0,,True
Woolworths Supermarket,Pet,Vitapet Chewz Rabbit Ears With Chicken Paste 220g,109411,$18.00,$8.18 / 100G,https://www.woolworths.com.au/shop/productdetails/109411/vitapet-chewz-rabbit-ears-with-chicken-paste,https://cdn0.woolworths.media/content/wowproductimages/medium/109411.jpg,2020-09-14 19:19:18,,0,,True
Woolworths Supermarket,Pet,Greenies Original Dog Dental Treat Regular 170g,109487,$15.00,$8.82 / 100G,https://www.woolworths.com.au/shop/productdetails/109487/greenies-original-dog-dental-treat-regular,https://cdn0.woolworths.media/content/wowproductimages/medium/109487.jpg,2020-09-14 19:19:18,,0,,True
Woolworths Supermarket,Pet,Optimum Salmon & Rice Wet Dog Food 6 pack,109747,$8.75,$1.46 / 100G,https://www.woolworths.com.au/shop/productdetails/109747/optimum-salmon-rice-wet-dog-food,https://cdn0.woolworths.media/content/wowproductimages/medium/109747.jpg,2020-09-14 19:19:18,,0,,True
Woolworths Supermarket,Pet,Crave Wet Dog Food Turkey Pate 100g,109835,$1.90,$1.90 / 100G,https://www.woolworths.com.au/shop/productdetails/109835/crave-wet-dog-food-turkey-pate,https://cdn0.woolworths.media/content/wowproductimages/medium/109835.jpg,2020-09-14 19:19:18,,0,,True
Woolworths Supermarket,Pet,Crave Wet Dog Food Beef Pate 400g,109954,$3.50,$0.88 / 100G,https://www.woolworths.com.au/shop/productdetails/109954/crave-wet-dog-food-beef-pate,https://cdn0.woolworths.media/content/wowproductimages/medium/109954.jpg,2020-09-14 19:19:18,,0,,True
Woolworths Supermarket,Pet,Crave Dry Dog Food Beef & Lamb 2.8kg,109955,$25.00,$0.89 / 100G,https://www.woolworths.com.au/shop/productdetails/109955/crave-dry-dog-food-beef-lamb,https://cdn0.woolworths.media/content/wowproductimages/medium/109955.jpg,2020-09-14 19:19:18,,0,,True
Woolworths Supermarket,Pet,Greenies Original Dog Dental Treat Regular 340g,109956,$20.00,$5.88 / 100G,https://www.woolworths.com.au/shop/productdetails/109956/greenies-original-dog-dental-treat-regular,https://cdn0.woolworths.media/content/wowproductimages/medium/109956.jpg,2020-09-14 19:19:18,,0,,True
Woolworths Supermarket,Pet,4 Legs Wellness Chicken & Salmon Dog Roll 1.4kg,109961,$5.00,$0.36 / 100G,https://www.woolworths.com.au/shop/productdetails/109961/4-legs-wellness-chicken-salmon-dog-roll,https://cdn0.woolworths.media/content/wowproductimages/medium/109961.jpg,2020-09-14 19:19:18,,0,,True
Woolworths Supermarket,Pet,4 Legs Chicken & Salmon Meatballs Dog Food 1.3kg,110296,$7.50,$0.58 / 100G,https://www.woolworths.com.au/shop/productdetails/110296/4-legs-chicken-salmon-meatballs-dog-food,https://cdn0.woolworths.media/content/wowproductimages/medium/110296.jpg,2020-09-14 19:19:18,,0,,True
Woolworths Supermarket,Pet,Crave Wet Dog Food Turkey & Lamb 100g,110469,$1.90,$1.90 / 100G,https://www.woolworths.com.au/shop/productdetails/110469/crave-wet-dog-food-turkey-lamb,https://cdn0.woolworths.media/content/wowproductimages/medium/110469.jpg,2020-09-14 19:19:18,,0,,True
Woolworths Supermarket,Pet,Fussy Cat Grain Free Beef Mince Casserole Wet Cat Food 400g,064194,$1.80,$0.45 / 100G,https://www.woolworths.com.au/shop/productdetails/64194/fussy-cat-grain-free-beef-mince-casserole-wet-cat-food,https://cdn0.woolworths.media/content/wowproductimages/medium/064194.jpg,2020-09-14 19:19:18,,0,4 for $6.00 $0.38/100G,True
Woolworths Supermarket,Pet,Smitten Cat Food Mince Beef 400g,481178,$0.85,$0.21 / 100G,https://www.woolworths.com.au/shop/productdetails/481178/smitten-cat-food-mince-beef,https://cdn0.woolworths.media/content/wowproductimages/medium/481178.jpg,2020-09-14 19:19:18,Average product rating out of 5: 3.5. Product score is based on 272 ratings,272,,True
Woolworths Supermarket,Pet,Nature's Gift Meal Time Loaf Beef Barley & Vegetables Wet Dog Food 700g,071686,$2.00,$0.29 / 100G,https://www.woolworths.com.au/shop/productdetails/71686/nature-s-gift-meal-time-loaf-beef-barley-vegetables-wet-dog-food,https://cdn0.woolworths.media/content/wowproductimages/medium/071686.jpg,2020-09-14 19:19:18,,0,Was $2.80 02/10/2017,True
Woolworths Supermarket,Pet,Schmackos Strapz Variety Pack Chicken Liver & Beef Dog Treats 500g,657197,$12.90,$2.58 / 100G,https://www.woolworths.com.au/shop/productdetails/657197/schmackos-strapz-variety-pack-chicken-liver-beef-dog-treats,https://cdn0.woolworths.media/content/wowproductimages/medium/657197.jpg,2020-09-14 19:19:18,,0,,True
Woolworths Supermarket,Pet,V.i.p Fussycat Steak Mince 450g,211232,$5.30,$1.18 / 100G,https://www.woolworths.com.au/shop/productdetails/211232/v-i-p-fussycat-steak-mince,https://cdn0.woolworths.media/content/wowproductimages/medium/211232.jpg,2020-09-14 19:19:18,,0,,True
Woolworths Supermarket,Pet,Nature's Gift Meal Time Loaf With Kangaroo Rice & Veg Wet Dog Food 700g,323269,$2.00,$0.29 / 100G,https://www.woolworths.com.au/shop/productdetails/323269/nature-s-gift-meal-time-loaf-with-kangaroo-rice-veg-wet-dog-food,https://cdn0.woolworths.media/content/wowproductimages/medium/323269.jpg,2020-09-14 19:19:18,,0,Was $2.80 02/10/2017,True
Woolworths Supermarket,Pet,Whiskas 1+ Years Favourites With Beef In Jelly Wet Cat Food Pouch 85g x12 pack,625159,$8.00,$0.78 / 100G,https://www.woolworths.com.au/shop/productdetails/625159/whiskas-1-years-favourites-with-beef-in-jelly-wet-cat-food-pouch,https://cdn0.woolworths.media/content/wowproductimages/medium/625159.jpg,2020-09-14 19:19:18,,0,,True
Woolworths Supermarket,Pet,Dentalife Chicken Cat Treats 51g,693437,$3.00,$5.88 / 100G,https://www.woolworths.com.au/shop/productdetails/693437/dentalife-chicken-cat-treats,https://cdn0.woolworths.media/content/wowproductimages/medium/693437.jpg,2020-09-14 19:19:18,,0,,True
Woolworths Supermarket,Pet,Felix As Good As It Looks Ocean Menus 12x85g,844355,$11.50,$1.13 / 100G,https://www.woolworths.com.au/shop/productdetails/844355/felix-as-good-as-it-looks-ocean-menus,https://cdn0.woolworths.media/content/wowproductimages/medium/844355.jpg,2020-09-14 19:19:18,,0,,True
Woolworths Supermarket,Pet,Paws Fresh Gourmet Chunky Mince Chilled Dog Food 600g,355561,$4.50,$0.75 / 100G,https://www.woolworths.com.au/shop/productdetails/355561/paws-fresh-gourmet-chunky-mince-chilled-dog-food,https://cdn0.woolworths.media/content/wowproductimages/medium/355561.jpg,2020-09-14 19:19:18,,0,,True
Woolworths Supermarket,Pet,Nature's Gift Casserole Kangaroo & Vegetables 700g,793023,$2.00,$0.29 / 100G,https://www.woolworths.com.au/shop/productdetails/793023/nature-s-gift-casserole-kangaroo-vegetables,https://cdn0.woolworths.media/content/wowproductimages/medium/793023.jpg,2020-09-14 19:19:18,,0,Was $2.80 02/10/2017,True
Woolworths Supermarket,Pet,V.i.p Adult Dog Food Lamb Chunkers 1kg,217233,$4.25,$0.43 / 100G,https://www.woolworths.com.au/shop/productdetails/217233/v-i-p-adult-dog-food-lamb-chunkers,https://cdn0.woolworths.media/content/wowproductimages/medium/217233.jpg,2020-09-14 19:19:18,,0,Was $5.00 12/03/2018,True
Woolworths Supermarket,Pet,Felix Meat Menus In Jelly 85g x27 pack,020725,$25.00,$1.09 / 100G,https://www.woolworths.com.au/shop/productdetails/20725/felix-meat-menus-in-jelly,https://cdn0.woolworths.media/content/wowproductimages/medium/020725.jpg,2020-09-14 19:19:18,,0,,True
Woolworths Supermarket,Pet,Nature's Gift Meal Time Loaf Duck & Vegetables Dog Food 700g,657013,$2.00,$0.29 / 100G,https://www.woolworths.com.au/shop/productdetails/657013/nature-s-gift-meal-time-loaf-duck-vegetables-dog-food,https://cdn0.woolworths.media/content/wowproductimages/medium/657013.jpg,2020-09-14 19:19:18,,0,,True
Woolworths Supermarket,Pet,Natures Goodness Adult Dog Food Turkey With Vegetables 2.15kg,741258,$4.50,$0.21 / 100G,https://www.woolworths.com.au/shop/productdetails/741258/natures-goodness-adult-dog-food-turkey-with-vegetables,https://cdn0.woolworths.media/content/wowproductimages/medium/741258.jpg,2020-09-14 19:19:18,,0,,True
Woolworths Supermarket,Pet,Supercoat Adult Dog Food Healthy Weight 7.5kg,516951,$29.00,$0.39 / 100G,https://www.woolworths.com.au/shop/productdetails/516951/supercoat-adult-dog-food-healthy-weight,https://cdn0.woolworths.media/content/wowproductimages/medium/516951.jpg,2020-09-14 19:19:18,,0,3 for $58.50 $0.26/100G,True
Woolworths Supermarket,Pet,V.i.p Adult Dog Food Chicken Chunkers 1kg,158895,$4.25,$0.43 / 100G,https://www.woolworths.com.au/shop/productdetails/158895/v-i-p-adult-dog-food-chicken-chunkers,https://cdn0.woolworths.media/content/wowproductimages/medium/158895.jpg,2020-09-14 19:19:18,,0,Was $5.00 12/03/2018,True
Woolworths Supermarket,Pet,Applaws It's All Good Dry Dog Food Chicken & Turkey 2.7kg,899673,$19.00,$0.70 / 100G,https://www.woolworths.com.au/shop/productdetails/899673/applaws-it-s-all-good-dry-dog-food-chicken-turkey,https://cdn0.woolworths.media/content/wowproductimages/medium/899673.jpg,2020-09-14 19:19:18,,0,,True
Woolworths Supermarket,Pet,Dine Saucy Morsels With Tuna Mornay & Cheese Wet Cat Food Tray 7 pack,477637,$6.00,$1.01 / 100G,https://www.woolworths.com.au/shop/productdetails/477637/dine-saucy-morsels-with-tuna-mornay-cheese-wet-cat-food-tray,https://cdn0.woolworths.media/content/wowproductimages/medium/477637.jpg,2020-09-14 19:19:18,,0,,True
Woolworths Supermarket,Pet,Purina One Adult Cat Formula With Salmon & Tuna 1.5kg,852609,$12.00,$0.80 / 100G,https://www.woolworths.com.au/shop/productdetails/852609/purina-one-adult-cat-formula-with-salmon-tuna,https://cdn0.woolworths.media/content/wowproductimages/medium/852609.jpg,2020-09-14 19:19:18,,0,Was $14.00 17/07/2017,True
Woolworths Supermarket,Pet,Optimum Chicken Rice & Vegetables Wet Puppy Food 6 pack,110471,$8.75,$1.46 / 100G,https://www.woolworths.com.au/shop/productdetails/110471/optimum-chicken-rice-vegetables-wet-puppy-food,https://cdn0.woolworths.media/content/wowproductimages/medium/110471.jpg,2020-09-14 19:19:18,,0,,True
Woolworths Supermarket,Pet,My Dog Chicken Supreme Meaty Loaf Wet Dog Food 24 pack,110527,$24.00,$1.00 / 100G,https://www.woolworths.com.au/shop/productdetails/110527/my-dog-chicken-supreme-meaty-loaf-wet-dog-food,https://cdn0.woolworths.media/content/wowproductimages/medium/110527.jpg,2020-09-14 19:19:18,,0,,True
Woolworths Supermarket,Pet,Crave Wet Dog Food Chicken & Beef Pate 400g,110537,$3.50,$0.88 / 100G,https://www.woolworths.com.au/shop/productdetails/110537/crave-wet-dog-food-chicken-beef-pate,https://cdn0.woolworths.media/content/wowproductimages/medium/110537.jpg,2020-09-14 19:19:18,,0,,True
Woolworths Supermarket,Pet,Greenies Teenie Dog Dental Treat 170g,110556,$15.00,$8.82 / 100G,https://www.woolworths.com.au/shop/productdetails/110556/greenies-teenie-dog-dental-treat,https://cdn0.woolworths.media/content/wowproductimages/medium/110556.jpg,2020-09-14 19:19:18,,0,,True
Woolworths Supermarket,Pet,Optimum Chicken & Rice Wet Dog Food 6 pack,110564,$8.75,$1.46 / 100G,https://www.woolworths.com.au/shop/productdetails/110564/optimum-chicken-rice-wet-dog-food,https://cdn0.woolworths.media/content/wowproductimages/medium/110564.jpg,2020-09-14 19:19:18,,0,,True
Woolworths Supermarket,Pet,Schmackos Strapz Bbq Lamb Flavour Dog Treat 200g,110584,$4.00,$2.00 / 100G,https://www.woolworths.com.au/shop/productdetails/110584/schmackos-strapz-bbq-lamb-flavour-dog-treat,https://cdn0.woolworths.media/content/wowproductimages/medium/110584.jpg,2020-09-14 19:19:18,,0,,True
Woolworths Supermarket,Pet,Crave Dry Dog Food Chicken & Salmon 2.8kg,110682,$25.00,$0.89 / 100G,https://www.woolworths.com.au/shop/productdetails/110682/crave-dry-dog-food-chicken-salmon,https://cdn0.woolworths.media/content/wowproductimages/medium/110682.jpg,2020-09-14 19:19:18,,0,,True
Woolworths Supermarket,Pet,Optimum Lamb & Rice Wet Dog Food 6 pack,110683,$8.75,$1.46 / 100G,https://www.woolworths.com.au/shop/productdetails/110683/optimum-lamb-rice-wet-dog-food,https://cdn0.woolworths.media/content/wowproductimages/medium/110683.jpg,2020-09-14 19:19:18,,0,,True
Woolworths Supermarket,Pet,Schmackos Strapz Chicken Dog Treats 200g,110692,$4.00,$2.00 / 100G,https://www.woolworths.com.au/shop/productdetails/110692/schmackos-strapz-chicken-dog-treats,https://cdn0.woolworths.media/content/wowproductimages/medium/110692.jpg,2020-09-14 19:19:18,,0,,True
Woolworths Supermarket,Pet,Schmackos Strapz Liver Dog Treats 200g,110702,$4.00,$2.00 / 100G,https://www.woolworths.com.au/shop/productdetails/110702/schmackos-strapz-liver-dog-treats,https://cdn0.woolworths.media/content/wowproductimages/medium/110702.jpg,2020-09-14 19:19:18,,0,,True
Woolworths Supermarket,Pet,Ultimates Indulge Dry Dog Food Natural Beef 1kg,110703,$8.00,$0.80 / 100G,https://www.woolworths.com.au/shop/productdetails/110703/ultimates-indulge-dry-dog-food-natural-beef,https://cdn0.woolworths.media/content/wowproductimages/medium/110703.jpg,2020-09-14 19:19:18,,0,,True
Woolworths Supermarket,Pet,My Dog Gourmet Beef Meaty Loaf Wet Dog Food 24 pack,110879,$24.00,$1.00 / 100G,https://www.woolworths.com.au/shop/productdetails/110879/my-dog-gourmet-beef-meaty-loaf-wet-dog-food,https://cdn0.woolworths.media/content/wowproductimages/medium/110879.jpg,2020-09-14 19:19:18,,0,,True
Woolworths Supermarket,Pet,Prime Pantry Kangaroo Jerky Dog Treat 100g,111353,$6.85,$6.85 / 100G,https://www.woolworths.com.au/shop/productdetails/111353/prime-pantry-kangaroo-jerky-dog-treat,https://cdn0.woolworths.media/content/wowproductimages/medium/111353.jpg,2020-09-14 19:19:18,,0,,True
Woolworths Supermarket,Pet,Pedigree High Protein Beef & Lamb Adult Dry Dog Food 7kg,111367,$20.00,$0.29 / 100G,https://www.woolworths.com.au/shop/productdetails/111367/pedigree-high-protein-beef-lamb-adult-dry-dog-food,https://cdn0.woolworths.media/content/wowproductimages/medium/111367.jpg,2020-09-14 19:19:18,,0,,True
Woolworths Supermarket,Pet,Love'em Beef Liver Dog Treats 200g,111447,$10.00,$5.00 / 100G,https://www.woolworths.com.au/shop/productdetails/111447/love-em-beef-liver-dog-treats,https://cdn0.woolworths.media/content/wowproductimages/medium/111447.jpg,2020-09-14 19:19:18,,0,,True
Woolworths Supermarket,Pet,Schmackos Marrobones Dog Treats 737g,111453,$8.50,$1.15 / 100G,https://www.woolworths.com.au/shop/productdetails/111453/schmackos-marrobones-dog-treats,https://cdn0.woolworths.media/content/wowproductimages/medium/111453.jpg,2020-09-14 19:19:18,,0,,True
Woolworths Supermarket,Pet,4 Legs Wellness Kangaroo Dog Meatballs 870g,111462,$6.00,$0.69 / 100G,https://www.woolworths.com.au/shop/productdetails/111462/4-legs-wellness-kangaroo-dog-meatballs,https://cdn0.woolworths.media/content/wowproductimages/medium/111462.jpg,2020-09-14 19:19:18,,0,,True
Woolworths Supermarket,Pet,Prime Pantry Chicken Jerky Dog Treat 100g,111662,$6.85,$6.85 / 100G,https://www.woolworths.com.au/shop/productdetails/111662/prime-pantry-chicken-jerky-dog-treat,https://cdn0.woolworths.media/content/wowproductimages/medium/111662.jpg,2020-09-14 19:19:18,,0,,True
Woolworths Supermarket,Pet,4 Legs Natural Chicken Gravy Dog Food 500g,111674,$4.50,$0.90 / 100G,https://www.woolworths.com.au/shop/productdetails/111674/4-legs-natural-chicken-gravy-dog-food,https://cdn0.woolworths.media/content/wowproductimages/medium/111674.jpg,2020-09-14 19:19:18,,0,,True
Woolworths Supermarket,Pet,"Regal Premium Pet Mince Chicken, Beef & Roo 3.2kg",112690,$17.50,$0.55 / 100G,https://www.woolworths.com.au/shop/productdetails/112690/regal-premium-pet-mince-chicken-beef-roo,https://cdn0.woolworths.media/content/wowproductimages/medium/112690.jpg,2020-09-14 19:19:18,,0,,True
Woolworths Supermarket,Pet,Love'em Lamb Jerky With Rosemary Dog Treats,112700,$5.00,$2.50 / 100G,https://www.woolworths.com.au/shop/productdetails/112700/love-em-lamb-jerky-with-rosemary-dog-treats,https://cdn0.woolworths.media/content/wowproductimages/medium/112700.jpg,2020-09-14 19:19:18,,0,,True
Woolworths Supermarket,Pet,Prime Pantry Snapper With Vegetables Dog Food Roll 1.7kg,113122,$9.50,$0.56 / 100G,https://www.woolworths.com.au/shop/productdetails/113122/prime-pantry-snapper-with-vegetables-dog-food-roll,https://cdn0.woolworths.media/content/wowproductimages/medium/113122.jpg,2020-09-14 19:19:18,,0,,True
Woolworths Supermarket,Pet,Love'em Chicken Straps Dog Treats 150g,113968,$6.00,$4.00 / 100G,https://www.woolworths.com.au/shop/productdetails/113968/love-em-chicken-straps-dog-treats,https://cdn0.woolworths.media/content/wowproductimages/medium/113968.jpg,2020-09-14 19:19:18,,0,,True
Woolworths Supermarket,Pet,Love'em Pork Liver Dog Treats 200g,114236,$10.00,$5.00 / 100G,https://www.woolworths.com.au/shop/productdetails/114236/love-em-pork-liver-dog-treats,https://cdn0.woolworths.media/content/wowproductimages/medium/114236.jpg,2020-09-14 19:19:18,,0,,True
Woolworths Supermarket,Pet,Applaws It's All Good Dry Dog Food Chicken & Turkey 2.7kg,899673,$19.00,$0.70 / 100G,https://www.woolworths.com.au/shop/productdetails/899673/applaws-it-s-all-good-dry-dog-food-chicken-turkey,https://cdn0.woolworths.media/content/wowproductimages/medium/899673.jpg,2020-09-14 19:19:18,,0,,True
Woolworths Supermarket,Pet,V.i.p Fussycat Steak Mince 450g,211232,$5.30,$1.18 / 100G,https://www.woolworths.com.au/shop/productdetails/211232/v-i-p-fussycat-steak-mince,https://cdn0.woolworths.media/content/wowproductimages/medium/211232.jpg,2020-09-14 19:19:18,,0,,True
Woolworths Supermarket,Pet,Felix As Good As It Looks Ocean Menus 12x85g,844355,$11.50,$1.13 / 100G,https://www.woolworths.com.au/shop/productdetails/844355/felix-as-good-as-it-looks-ocean-menus,https://cdn0.woolworths.media/content/wowproductimages/medium/844355.jpg,2020-09-14 19:19:18,,0,,True
Woolworths Supermarket,Pet,Smitten Cat Food Chicken Salmon & Tuna 1kg,481087,$2.80,$0.28 / 100G,https://www.woolworths.com.au/shop/productdetails/481087/smitten-cat-food-chicken-salmon-tuna,https://cdn0.woolworths.media/content/wowproductimages/medium/481087.jpg,2020-09-14 19:19:18,,0,,True
Woolworths Supermarket,Pet,Smitten Cat Food Mince Beef 400g,481178,$0.85,$0.21 / 100G,https://www.woolworths.com.au/shop/productdetails/481178/smitten-cat-food-mince-beef,https://cdn0.woolworths.media/content/wowproductimages/medium/481178.jpg,2020-09-14 19:19:18,Average product rating out of 5: 3.5. Product score is based on 272 ratings,272,,True
Woolworths Supermarket,Pet,Dentalife Chicken Cat Treats 51g,693437,$3.00,$5.88 / 100G,https://www.woolworths.com.au/shop/productdetails/693437/dentalife-chicken-cat-treats,https://cdn0.woolworths.media/content/wowproductimages/medium/693437.jpg,2020-09-14 19:19:18,,0,,True
Woolworths Supermarket,Pet,Nature's Gift Casserole Kangaroo & Vegetables 700g,793023,$2.00,$0.29 / 100G,https://www.woolworths.com.au/shop/productdetails/793023/nature-s-gift-casserole-kangaroo-vegetables,https://cdn0.woolworths.media/content/wowproductimages/medium/793023.jpg,2020-09-14 19:19:18,,0,Was $2.80 02/10/2017,True
Woolworths Supermarket,Pet,Paws Fresh Gourmet Chunky Mince Chilled Dog Food 600g,355561,$4.50,$0.75 / 100G,https://www.woolworths.com.au/shop/productdetails/355561/paws-fresh-gourmet-chunky-mince-chilled-dog-food,https://cdn0.woolworths.media/content/wowproductimages/medium/355561.jpg,2020-09-14 19:19:18,,0,,True
Woolworths Supermarket,Pet,Fussy Cat Grain Free Chicken & Turkey With Cranberry Wet Cat Food 400g,810160,$1.80,$0.45 / 100G,https://www.woolworths.com.au/shop/productdetails/810160/fussy-cat-grain-free-chicken-turkey-with-cranberry-wet-cat-food,https://cdn0.woolworths.media/content/wowproductimages/medium/810160.jpg,2020-09-14 19:19:18,,0,4 for $6.00 $0.38/100G,True
Woolworths Supermarket,Pet,V.i.p Adult Dog Food Chicken Chunkers 1kg,158895,$4.25,$0.43 / 100G,https://www.woolworths.com.au/shop/productdetails/158895/v-i-p-adult-dog-food-chicken-chunkers,https://cdn0.woolworths.media/content/wowproductimages/medium/158895.jpg,2020-09-14 19:19:18,,0,Was $5.00 12/03/2018,True
Woolworths Supermarket,Pet,Fussy Cat Grain Free Beef Mince Casserole Wet Cat Food 400g,064194,$1.80,$0.45 / 100G,https://www.woolworths.com.au/shop/productdetails/64194/fussy-cat-grain-free-beef-mince-casserole-wet-cat-food,https://cdn0.woolworths.media/content/wowproductimages/medium/064194.jpg,2020-09-14 19:19:18,,0,4 for $6.00 $0.38/100G,True
Woolworths Supermarket,Pet,Fussy Cat Grain Free Chicken Mince Casserole Wet Cat Food 400g,067483,$1.80,$0.45 / 100G,https://www.woolworths.com.au/shop/productdetails/67483/fussy-cat-grain-free-chicken-mince-casserole-wet-cat-food,https://cdn0.woolworths.media/content/wowproductimages/medium/067483.jpg,2020-09-14 19:19:18,,0,4 for $6.00 $0.38/100G,True
Woolworths Supermarket,Pet,Felix Meat Menus In Jelly 85g x27 pack,020725,$25.00,$1.09 / 100G,https://www.woolworths.com.au/shop/productdetails/20725/felix-meat-menus-in-jelly,https://cdn0.woolworths.media/content/wowproductimages/medium/020725.jpg,2020-09-14 19:19:18,,0,,True
Woolworths Supermarket,Pet,V.i.p Adult Dog Food Lamb Chunkers 1kg,217233,$4.25,$0.43 / 100G,https://www.woolworths.com.au/shop/productdetails/217233/v-i-p-adult-dog-food-lamb-chunkers,https://cdn0.woolworths.media/content/wowproductimages/medium/217233.jpg,2020-09-14 19:19:18,,0,Was $5.00 12/03/2018,True
Woolworths Supermarket,Pet,Nature's Gift Meal Time Loaf Duck & Vegetables Dog Food 700g,657013,$2.00,$0.29 / 100G,https://www.woolworths.com.au/shop/productdetails/657013/nature-s-gift-meal-time-loaf-duck-vegetables-dog-food,https://cdn0.woolworths.media/content/wowproductimages/medium/657013.jpg,2020-09-14 19:19:18,,0,,True
Woolworths Supermarket,Pet,Nature's Gift Meal Time Loaf Beef Barley & Vegetables Wet Dog Food 700g,071686,$2.00,$0.29 / 100G,https://www.woolworths.com.au/shop/productdetails/71686/nature-s-gift-meal-time-loaf-beef-barley-vegetables-wet-dog-food,https://cdn0.woolworths.media/content/wowproductimages/medium/071686.jpg,2020-09-14 19:19:18,,0,Was $2.80 02/10/2017,True
Woolworths Supermarket,Pet,"Baxter's Dog Food Casserole Chicken, Rice & Veg 700g",480256,$1.50,$0.21 / 100G,https://www.woolworths.com.au/shop/productdetails/480256/baxter-s-dog-food-casserole-chicken-rice-veg,https://cdn0.woolworths.media/content/wowproductimages/medium/480256.jpg,2020-09-14 19:19:18,,0,,True
Woolworths Supermarket,Pet,Smitten Cat Food Beef Lamb & Vegetables 1kg,481065,$2.80,$0.28 / 100G,https://www.woolworths.com.au/shop/productdetails/481065/smitten-cat-food-beef-lamb-vegetables,https://cdn0.woolworths.media/content/wowproductimages/medium/481065.jpg,2020-09-14 19:19:18,,0,,True
Woolworths Supermarket,Pet,Nature's Gift Meal Time Loaf With Kangaroo Rice & Veg Wet Dog Food 700g,323269,$2.00,$0.29 / 100G,https://www.woolworths.com.au/shop/productdetails/323269/nature-s-gift-meal-time-loaf-with-kangaroo-rice-veg-wet-dog-food,https://cdn0.woolworths.media/content/wowproductimages/medium/323269.jpg,2020-09-14 19:19:18,,0,Was $2.80 02/10/2017,True
Woolworths Supermarket,Pet,Dine Saucy Morsels With Tuna Mornay & Cheese Wet Cat Food Tray 7 pack,477637,$6.00,$1.01 / 100G,https://www.woolworths.com.au/shop/productdetails/477637/dine-saucy-morsels-with-tuna-mornay-cheese-wet-cat-food-tray,https://cdn0.woolworths.media/content/wowproductimages/medium/477637.jpg,2020-09-14 19:19:18,,0,,True
Woolworths Supermarket,Pet,Regal Meatball Toppers Chicken With Rice Dog Food 750g,115174,$5.00,$0.67 / 100G,https://www.woolworths.com.au/shop/productdetails/115174/regal-meatball-toppers-chicken-with-rice-dog-food,https://cdn0.woolworths.media/content/wowproductimages/medium/115174.jpg,2020-09-14 19:19:18,,0,,True
Woolworths Supermarket,Pet,Love'em Beef Jerky With Tomato Dog Treats 200g,115181,$5.00,$2.50 / 100G,https://www.woolworths.com.au/shop/productdetails/115181/love-em-beef-jerky-with-tomato-dog-treats,https://cdn0.woolworths.media/content/wowproductimages/medium/115181.jpg,2020-09-14 19:19:18,,0,,True
Woolworths Supermarket,Pet,Bow Wow Kangaroo Super Snacks Dog Treat 20 pack,116560,$15.00,$0.75 / 1EA,https://www.woolworths.com.au/shop/productdetails/116560/bow-wow-kangaroo-super-snacks-dog-treat,https://cdn0.woolworths.media/content/wowproductimages/medium/116560.jpg,2020-09-14 19:19:18,,0,,True
Woolworths Supermarket,Pet,Love'em Beef & Liver Dog Treat 90g,116707,$6.00,$6.67 / 100G,https://www.woolworths.com.au/shop/productdetails/116707/love-em-beef-liver-dog-treat,https://cdn0.woolworths.media/content/wowproductimages/medium/116707.jpg,2020-09-14 19:19:18,,0,,True
Woolworths Supermarket,Pet,Love'em Beef Straps Dog Treats 150g,116932,$6.00,$4.00 / 100G,https://www.woolworths.com.au/shop/productdetails/116932/love-em-beef-straps-dog-treats,https://cdn0.woolworths.media/content/wowproductimages/medium/116932.jpg,2020-09-14 19:19:18,,0,,True
Woolworths Supermarket,Pet,Love'em Pork Liver Dog Treats 90g,117184,$6.00,$6.67 / 100G,https://www.woolworths.com.au/shop/productdetails/117184/love-em-pork-liver-dog-treats,https://cdn0.woolworths.media/content/wowproductimages/medium/117184.jpg,2020-09-14 19:19:18,,0,,True
Woolworths Supermarket,Pet,Bow Wow Chicken Super Snacks Dog Treat 20 pack,117692,$15.00,$0.75 / 1EA,https://www.woolworths.com.au/shop/productdetails/117692/bow-wow-chicken-super-snacks-dog-treat,https://cdn0.woolworths.media/content/wowproductimages/medium/117692.jpg,2020-09-14 19:19:18,,0,,True
Woolworths Supermarket,Pet,Catsan Cat Litter Ultra 7kg,117763,$12.00,$1.71 / 1KG,https://www.woolworths.com.au/shop/productdetails/117763/catsan-cat-litter-ultra,https://cdn0.woolworths.media/content/wowproductimages/medium/117763.jpg,2020-09-14 19:19:18,,0,,True
Woolworths Supermarket,Pet,Exelpet Treatment Intestinal Allwormer Cat 2 tablets,125961,$13.00,$6.50 / 1EA,https://www.woolworths.com.au/shop/productdetails/125961/exelpet-treatment-intestinal-allwormer-cat,https://cdn0.woolworths.media/content/wowproductimages/medium/125961.jpg,2020-09-14 19:19:18,,0,,True
Woolworths Supermarket,Pet,Exelpet Treatment Capstar Cat/small Dog 6 tablets,137603,$20.00,$3.33 / 1EA,https://www.woolworths.com.au/shop/productdetails/137603/exelpet-treatment-capstar-cat-small-dog,https://cdn0.woolworths.media/content/wowproductimages/medium/137603.jpg,2020-09-14 19:19:18,,0,,True
Woolworths Supermarket,Pet,Schmackos Strapz With Chicken Dog Treats 500g,152419,$12.90,$2.58 / 100G,https://www.woolworths.com.au/shop/productdetails/152419/schmackos-strapz-with-chicken-dog-treats,https://cdn0.woolworths.media/content/wowproductimages/medium/152419.jpg,2020-09-14 19:19:18,,0,,True
Woolworths Supermarket,Pet,Schmackos Strapz With Beef Dog Treats 500g,152420,,,https://www.woolworths.com.au/shop/productdetails/152420/schmackos-strapz-with-beef-dog-treats,https://cdn0.woolworths.media/content/wowproductimages/medium/152420.jpg,2020-09-14 19:19:18,,0,,False
Woolworths Supermarket,Pet,Lucky Dog Adult Dog Food Mini Beef Veg Pasta Plus Milk 3kg,155429,$6.99,$0.23 / 100G,https://www.woolworths.com.au/shop/productdetails/155429/lucky-dog-adult-dog-food-mini-beef-veg-pasta-plus-milk,https://cdn0.woolworths.media/content/wowproductimages/medium/155429.jpg,2020-09-14 19:19:18,,0,Was $9.18 16/11/2014,True
Woolworths Supermarket,Pet,Whiskas 1+ Years Dry Cat Food Sardine & Prawn 1kg,158237,$5.50,$0.55 / 100G,https://www.woolworths.com.au/shop/productdetails/158237/whiskas-1-years-dry-cat-food-sardine-prawn,https://cdn0.woolworths.media/content/wowproductimages/medium/158237.jpg,2020-09-14 19:19:18,,0,,True
Woolworths Supermarket,Pet,V.i.p Adult Dog Food Chicken Chunkers 1kg,158895,$4.25,$0.43 / 100G,https://www.woolworths.com.au/shop/productdetails/158895/v-i-p-adult-dog-food-chicken-chunkers,https://cdn0.woolworths.media/content/wowproductimages/medium/158895.jpg,2020-09-14 19:19:18,,0,Was $5.00 12/03/2018,True
Woolworths Supermarket,Pet,Dux Litter Large Tray each,166865,$6.30,,https://www.woolworths.com.au/shop/productdetails/166865/dux-litter-large-tray,https://cdn0.woolworths.media/content/wowproductimages/medium/166865.jpg,2020-09-14 19:19:18,,0,,True
Woolworths Supermarket,Pet,My Dog Gourmet Beef Loaf Classics Wet Dog Food Can 400g,169449,$2.20,$0.55 / 100G,https://www.woolworths.com.au/shop/productdetails/169449/my-dog-gourmet-beef-loaf-classics-wet-dog-food-can,https://cdn0.woolworths.media/content/wowproductimages/medium/169449.jpg,2020-09-14 19:19:18,,0,,True
Woolworths Supermarket,Pet,My Dog Chicken Supreme With Cheese & Toppings Wet Dog Food Tray 100g,169465,$1.00,$1.00 / 100G,https://www.woolworths.com.au/shop/productdetails/169465/my-dog-chicken-supreme-with-cheese-toppings-wet-dog-food-tray,https://cdn0.woolworths.media/content/wowproductimages/medium/169465.jpg,2020-09-14 19:19:18,,0,,True
Woolworths Supermarket,Pet,Whiskas 1+ Years Dry Cat Food Chicken & Rabbit 1kg,171877,$5.50,$0.55 / 100G,https://www.woolworths.com.au/shop/productdetails/171877/whiskas-1-years-dry-cat-food-chicken-rabbit,https://cdn0.woolworths.media/content/wowproductimages/medium/171877.jpg,2020-09-14 19:19:18,,0,,True
Woolworths Supermarket,Pet,Fancy Feast Royale Adult Cat Food Fine Flakes Of Tuna 85g,171900,$2.00,$2.35 / 100G,https://www.woolworths.com.au/shop/productdetails/171900/fancy-feast-royale-adult-cat-food-fine-flakes-of-tuna,https://cdn0.woolworths.media/content/wowproductimages/medium/171900.jpg,2020-09-14 19:19:18,,0,,True
Woolworths Supermarket,Pet,Fancy Feast Adult Cat Food Tuna Whitemeat 85g,171901,$2.00,$2.35 / 100G,https://www.woolworths.com.au/shop/productdetails/171901/fancy-feast-adult-cat-food-tuna-whitemeat,https://cdn0.woolworths.media/content/wowproductimages/medium/171901.jpg,2020-09-14 19:19:18,,0,,True
Woolworths Supermarket,Pet,Fancy Feast Adult Cat Food Virgin Flaked Tuna 85g,171902,$2.00,$2.35 / 100G,https://www.woolworths.com.au/shop/productdetails/171902/fancy-feast-adult-cat-food-virgin-flaked-tuna,https://cdn0.woolworths.media/content/wowproductimages/medium/171902.jpg,2020-09-14 19:19:18,,0,,True
Woolworths Supermarket,Pet,Fancy Feast Royale Adult Cat Food Tuna Whole Prawn 85g,171905,$2.00,$2.35 / 100G,https://www.woolworths.com.au/shop/productdetails/171905/fancy-feast-royale-adult-cat-food-tuna-whole-prawn,https://cdn0.woolworths.media/content/wowproductimages/medium/171905.jpg,2020-09-14 19:19:18,,0,,True
Woolworths Supermarket,Pet,Trill Bird Honey Stick Variety Budgerigar 105g,173906,$3.99,$3.80 / 100G,https://www.woolworths.com.au/shop/productdetails/173906/trill-bird-honey-stick-variety-budgerigar,https://cdn0.woolworths.media/content/wowproductimages/medium/173906.jpg,2020-09-14 19:19:18,,0,,True
Woolworths Supermarket,Pet,Applaws It's All Good Dry Dog Food Chicken & Turkey 2.7kg,899673,$19.00,$0.70 / 100G,https://www.woolworths.com.au/shop/productdetails/899673/applaws-it-s-all-good-dry-dog-food-chicken-turkey,https://cdn0.woolworths.media/content/wowproductimages/medium/899673.jpg,2020-09-14 19:19:18,,0,,True
Woolworths Supermarket,Pet,Nature's Gift Casserole Kangaroo & Vegetables 700g,793023,$2.00,$0.29 / 100G,https://www.woolworths.com.au/shop/productdetails/793023/nature-s-gift-casserole-kangaroo-vegetables,https://cdn0.woolworths.media/content/wowproductimages/medium/793023.jpg,2020-09-14 19:19:18,,0,Was $2.80 02/10/2017,True
Woolworths Supermarket,Pet,Dentalife Chicken Cat Treats 51g,693437,$3.00,$5.88 / 100G,https://www.woolworths.com.au/shop/productdetails/693437/dentalife-chicken-cat-treats,https://cdn0.woolworths.media/content/wowproductimages/medium/693437.jpg,2020-09-14 19:19:18,,0,,True
Woolworths Supermarket,Pet,Felix As Good As It Looks Ocean Menus 12x85g,844355,$11.50,$1.13 / 100G,https://www.woolworths.com.au/shop/productdetails/844355/felix-as-good-as-it-looks-ocean-menus,https://cdn0.woolworths.media/content/wowproductimages/medium/844355.jpg,2020-09-14 19:19:18,,0,,True
Woolworths Supermarket,Pet,"Baxter's Dog Food Casserole Chicken, Rice & Veg 700g",480256,$1.50,$0.21 / 100G,https://www.woolworths.com.au/shop/productdetails/480256/baxter-s-dog-food-casserole-chicken-rice-veg,https://cdn0.woolworths.media/content/wowproductimages/medium/480256.jpg,2020-09-14 19:19:18,,0,,True
Woolworths Supermarket,Pet,Felix Meat Menus In Jelly 85g x27 pack,020725,$25.00,$1.09 / 100G,https://www.woolworths.com.au/shop/productdetails/20725/felix-meat-menus-in-jelly,https://cdn0.woolworths.media/content/wowproductimages/medium/020725.jpg,2020-09-14 19:19:18,,0,,True
Woolworths Supermarket,Pet,Smitten Cat Food Mince Beef 400g,481178,$0.85,$0.21 / 100G,https://www.woolworths.com.au/shop/productdetails/481178/smitten-cat-food-mince-beef,https://cdn0.woolworths.media/content/wowproductimages/medium/481178.jpg,2020-09-14 19:19:18,Average product rating out of 5: 3.5. Product score is based on 272 ratings,272,,True
Woolworths Supermarket,Pet,Fussy Cat Grain Free Chicken Mince Casserole Wet Cat Food 400g,067483,$1.80,$0.45 / 100G,https://www.woolworths.com.au/shop/productdetails/67483/fussy-cat-grain-free-chicken-mince-casserole-wet-cat-food,https://cdn0.woolworths.media/content/wowproductimages/medium/067483.jpg,2020-09-14 19:19:18,,0,4 for $6.00 $0.38/100G,True
Woolworths Supermarket,Pet,Dine Saucy Morsels With Tuna Mornay & Cheese Wet Cat Food Tray 7 pack,477637,$6.00,$1.01 / 100G,https://www.woolworths.com.au/shop/productdetails/477637/dine-saucy-morsels-with-tuna-mornay-cheese-wet-cat-food-tray,https://cdn0.woolworths.media/content/wowproductimages/medium/477637.jpg,2020-09-14 19:19:18,,0,,True
Woolworths Supermarket,Pet,V.i.p Adult Dog Food Lamb Chunkers 1kg,217233,$4.25,$0.43 / 100G,https://www.woolworths.com.au/shop/productdetails/217233/v-i-p-adult-dog-food-lamb-chunkers,https://cdn0.woolworths.media/content/wowproductimages/medium/217233.jpg,2020-09-14 19:19:18,,0,Was $5.00 12/03/2018,True
Woolworths Supermarket,Pet,V.i.p Fussycat Steak Mince 450g,211232,$5.30,$1.18 / 100G,https://www.woolworths.com.au/shop/productdetails/211232/v-i-p-fussycat-steak-mince,https://cdn0.woolworths.media/content/wowproductimages/medium/211232.jpg,2020-09-14 19:19:18,,0,,True
Woolworths Supermarket,Pet,V.i.p Adult Dog Food Chicken Chunkers 1kg,158895,$4.25,$0.43 / 100G,https://www.woolworths.com.au/shop/productdetails/158895/v-i-p-adult-dog-food-chicken-chunkers,https://cdn0.woolworths.media/content/wowproductimages/medium/158895.jpg,2020-09-14 19:19:18,,0,Was $5.00 12/03/2018,True
Woolworths Supermarket,Pet,Fussy Cat Grain Free Beef Mince Casserole Wet Cat Food 400g,064194,$1.80,$0.45 / 100G,https://www.woolworths.com.au/shop/productdetails/64194/fussy-cat-grain-free-beef-mince-casserole-wet-cat-food,https://cdn0.woolworths.media/content/wowproductimages/medium/064194.jpg,2020-09-14 19:19:18,,0,4 for $6.00 $0.38/100G,True
Woolworths Supermarket,Pet,Nature's Gift Meal Time Loaf Beef Barley & Vegetables Wet Dog Food 700g,071686,$2.00,$0.29 / 100G,https://www.woolworths.com.au/shop/productdetails/71686/nature-s-gift-meal-time-loaf-beef-barley-vegetables-wet-dog-food,https://cdn0.woolworths.media/content/wowproductimages/medium/071686.jpg,2020-09-14 19:19:18,,0,Was $2.80 02/10/2017,True
Woolworths Supermarket,Pet,Fussy Cat Grain Free Chicken & Turkey With Cranberry Wet Cat Food 400g,810160,$1.80,$0.45 / 100G,https://www.woolworths.com.au/shop/productdetails/810160/fussy-cat-grain-free-chicken-turkey-with-cranberry-wet-cat-food,https://cdn0.woolworths.media/content/wowproductimages/medium/810160.jpg,2020-09-14 19:19:18,,0,4 for $6.00 $0.38/100G,True
Woolworths Supermarket,Pet,Smitten Cat Food Beef Lamb & Vegetables 1kg,481065,$2.80,$0.28 / 100G,https://www.woolworths.com.au/shop/productdetails/481065/smitten-cat-food-beef-lamb-vegetables,https://cdn0.woolworths.media/content/wowproductimages/medium/481065.jpg,2020-09-14 19:19:18,,0,,True
Woolworths Supermarket,Pet,Smitten Cat Food Chicken Salmon & Tuna 1kg,481087,$2.80,$0.28 / 100G,https://www.woolworths.com.au/shop/productdetails/481087/smitten-cat-food-chicken-salmon-tuna,https://cdn0.woolworths.media/content/wowproductimages/medium/481087.jpg,2020-09-14 19:19:18,,0,,True
Woolworths Supermarket,Pet,Nature's Gift Meal Time Loaf Duck & Vegetables Dog Food 700g,657013,$2.00,$0.29 / 100G,https://www.woolworths.com.au/shop/productdetails/657013/nature-s-gift-meal-time-loaf-duck-vegetables-dog-food,https://cdn0.woolworths.media/content/wowproductimages/medium/657013.jpg,2020-09-14 19:19:18,,0,,True
Woolworths Supermarket,Pet,Paws Fresh Gourmet Chunky Mince Chilled Dog Food 600g,355561,$4.50,$0.75 / 100G,https://www.woolworths.com.au/shop/productdetails/355561/paws-fresh-gourmet-chunky-mince-chilled-dog-food,https://cdn0.woolworths.media/content/wowproductimages/medium/355561.jpg,2020-09-14 19:19:18,,0,,True
Woolworths Supermarket,Pet,Nature's Gift Meal Time Loaf With Kangaroo Rice & Veg Wet Dog Food 700g,323269,$2.00,$0.29 / 100G,https://www.woolworths.com.au/shop/productdetails/323269/nature-s-gift-meal-time-loaf-with-kangaroo-rice-veg-wet-dog-food,https://cdn0.woolworths.media/content/wowproductimages/medium/323269.jpg,2020-09-14 19:19:18,,0,Was $2.80 02/10/2017,True
Woolworths Supermarket,Pet,Peters Rabbit & Guinea Pig Lucerne Pellets 2kg,174485,$6.40,$0.32 / 100G,https://www.woolworths.com.au/shop/productdetails/174485/peters-rabbit-guinea-pig-lucerne-pellets,https://cdn0.woolworths.media/content/wowproductimages/medium/174485.jpg,2020-09-14 19:19:18,,0,,True
Woolworths Supermarket,Pet,Peters Alfalfa & Fruit Rabbit & Guinea Pig Food 2kg,174486,$6.55,$0.33 / 100G,https://www.woolworths.com.au/shop/productdetails/174486/peters-alfalfa-fruit-rabbit-guinea-pig-food,https://cdn0.woolworths.media/content/wowproductimages/medium/174486.jpg,2020-09-14 19:19:18,,0,,True
Woolworths Supermarket,Pet,Homebrand Fish Flakes 50g,176674,$5.30,$10.60 / 100G,https://www.woolworths.com.au/shop/productdetails/176674/homebrand-fish-flakes,https://cdn0.woolworths.media/content/wowproductimages/medium/176674.jpg,2020-09-14 19:19:18,,0,,True
Woolworths Supermarket,Pet,Schmackos Strapz With Liver Dog Treats 500g,177392,$12.90,$2.58 / 100G,https://www.woolworths.com.au/shop/productdetails/177392/schmackos-strapz-with-liver-dog-treats,https://cdn0.woolworths.media/content/wowproductimages/medium/177392.jpg,2020-09-14 19:19:18,,0,,True
Woolworths Supermarket,Pet,Fancy Feast Adult Cat Food Grilled Tuna Prime Fillet 85g,179502,$1.45,$1.71 / 100G,https://www.woolworths.com.au/shop/productdetails/179502/fancy-feast-adult-cat-food-grilled-tuna-prime-fillet,https://cdn0.woolworths.media/content/wowproductimages/medium/179502.jpg,2020-09-14 19:19:18,,0,10 for $13.00 $1.53/100G,True
Woolworths Supermarket,Pet,Fancy Feast Adult Cat Food Grilled Chicken Prime Fillet 85g,179506,$1.45,$1.71 / 100G,https://www.woolworths.com.au/shop/productdetails/179506/fancy-feast-adult-cat-food-grilled-chicken-prime-fillet,https://cdn0.woolworths.media/content/wowproductimages/medium/179506.jpg,2020-09-14 19:19:18,,0,10 for $13.00 $1.53/100G,True
Woolworths Supermarket,Pet,Exelpet Cat/kitten Treatment Spot On Flea Control 0.6ml,182401,$18.00,$18.00 / 1EA,https://www.woolworths.com.au/shop/productdetails/182401/exelpet-cat-kitten-treatment-spot-on-flea-control,https://cdn0.woolworths.media/content/wowproductimages/medium/182401.jpg,2020-09-14 19:19:18,,0,,True
Woolworths Supermarket,Pet,Dux Guinea Pig & Rabbit Meal 2kg,183873,$7.00,$0.35 / 100G,https://www.woolworths.com.au/shop/productdetails/183873/dux-guinea-pig-rabbit-meal,https://cdn0.woolworths.media/content/wowproductimages/medium/183873.jpg,2020-09-14 19:19:18,,0,,True
Woolworths Supermarket,Pet,Breeders Choice Paper Cat Litter 24l,183885,$23.00,$0.96 / 1L,https://www.woolworths.com.au/shop/productdetails/183885/breeders-choice-paper-cat-litter,https://cdn0.woolworths.media/content/wowproductimages/medium/183885.jpg,2020-09-14 19:19:18,,0,,True
Woolworths Supermarket,Pet,Nature's Gift Adult Dog Food Gourmet Loaf Style Real Chicken 100g,186035,$1.00,$1.00 / 100G,https://www.woolworths.com.au/shop/productdetails/186035/nature-s-gift-adult-dog-food-gourmet-loaf-style-real-chicken,https://cdn0.woolworths.media/content/wowproductimages/medium/186035.jpg,2020-09-14 19:19:18,,0,Was $1.20 02/10/2017,True
Woolworths Supermarket,Pet,Nature's Gift Adult Dog Food Gourmet Loaf Style Succulent Lamb 100g,186036,$1.00,$1.00 / 100G,https://www.woolworths.com.au/shop/productdetails/186036/nature-s-gift-adult-dog-food-gourmet-loaf-style-succulent-lamb,https://cdn0.woolworths.media/content/wowproductimages/medium/186036.jpg,2020-09-14 19:19:18,,0,Was $1.20 02/10/2017,True
Woolworths Supermarket,Pet,Nature's Gift Gourmet Loaf Style Prime Beef In Gravy Wet Dog Food 100g,186037,$1.00,$1.00 / 100G,https://www.woolworths.com.au/shop/productdetails/186037/nature-s-gift-gourmet-loaf-style-prime-beef-in-gravy-wet-dog-food,https://cdn0.woolworths.media/content/wowproductimages/medium/186037.jpg,2020-09-14 19:19:18,,0,Was $1.20 02/10/2017,True
Woolworths Supermarket,Pet,Bow Wow Treat Oinkers 4pk,186150,$4.50,$1.13 / 1EA,https://www.woolworths.com.au/shop/productdetails/186150/bow-wow-treat-oinkers,https://cdn0.woolworths.media/content/wowproductimages/medium/186150.jpg,2020-09-14 19:19:18,,0,,True
Woolworths Supermarket,Pet,Frankie & Friends Goldfish Granulated Food 100g,198805,$2.99,$2.99 / 100G,https://www.woolworths.com.au/shop/productdetails/198805/frankie-friends-goldfish-granulated-food,https://cdn0.woolworths.media/content/wowproductimages/medium/198805.jpg,2020-09-14 19:19:18,,0,,True
Woolworths Supermarket,Pet,Essentials Dog Food Lamb 1.2kg,201207,$1.79,$0.15 / 100G,https://www.woolworths.com.au/shop/productdetails/201207/essentials-dog-food-lamb,https://cdn0.woolworths.media/content/wowproductimages/medium/201207.jpg,2020-09-14 19:19:18,,0,,True
Woolworths Supermarket,Pet,Essentials Dog Food Beef 1.2kg,201210,$1.79,$0.15 / 100G,https://www.woolworths.com.au/shop/productdetails/201210/essentials-dog-food-beef,https://cdn0.woolworths.media/content/wowproductimages/medium/201210.jpg,2020-09-14 19:19:18,Average product rating out of 5: 3.5. Product score is based on 701 ratings,701,,True
Woolworths Supermarket,Pet,Essentials Cat Litter Clay Clumping 4.5l,201220,$2.80,$0.62 / 1KG,https://www.woolworths.com.au/shop/productdetails/201220/essentials-cat-litter-clay-clumping,https://cdn0.woolworths.media/content/wowproductimages/medium/201220.jpg,2020-09-14 19:19:18,,0,,True
Woolworths Supermarket,Pet,Harmony Bird Food Lorikeet & Honey Eater 500g,204495,$8.00,$1.60 / 100G,https://www.woolworths.com.au/shop/productdetails/204495/harmony-bird-food-lorikeet-honey-eater,https://cdn0.woolworths.media/content/wowproductimages/medium/204495.jpg,2020-09-14 19:19:18,,0,,True
Woolworths Supermarket,Pet,Harmony Bird Food Wild Bird Mix 4kg,204498,$9.00,$0.23 / 100G,https://www.woolworths.com.au/shop/productdetails/204498/harmony-bird-food-wild-bird-mix,https://cdn0.woolworths.media/content/wowproductimages/medium/204498.jpg,2020-09-14 19:19:18,,0,,True
Woolworths Supermarket,Pet,Trill Bird Honey Stick Variety Cockatiels 105g,204507,$3.99,$3.80 / 100G,https://www.woolworths.com.au/shop/productdetails/204507/trill-bird-honey-stick-variety-cockatiels,https://cdn0.woolworths.media/content/wowproductimages/medium/204507.jpg,2020-09-14 19:19:18,,0,,True
Woolworths Supermarket,Pet,Trill Bird Millet Sprays 150g,204515,$4.79,$3.19 / 100G,https://www.woolworths.com.au/shop/productdetails/204515/trill-bird-millet-sprays,https://cdn0.woolworths.media/content/wowproductimages/medium/204515.jpg,2020-09-14 19:19:18,,0,,True
Woolworths Supermarket,Pet,Frankie & Friends Wild Bird Food 10kg,204524,$17.50,$0.18 / 100G,https://www.woolworths.com.au/shop/productdetails/204524/frankie-friends-wild-bird-food,https://cdn0.woolworths.media/content/wowproductimages/medium/204524.jpg,2020-09-14 19:19:18,,0,,True
Woolworths Supermarket,Pet,Pedigree Dentastix Medium Dental Dog Treat 7 pack,206801,$4.00,$0.57 / 1EA,https://www.woolworths.com.au/shop/productdetails/206801/pedigree-dentastix-medium-dental-dog-treat,https://cdn0.woolworths.media/content/wowproductimages/medium/206801.jpg,2020-09-14 19:19:18,,0,,True
Woolworths Supermarket,Pet,Optimum Puppy With Chicken Rice & Vegetables Wet Dog Food 700g,214645,$3.75,$0.54 / 100G,https://www.woolworths.com.au/shop/productdetails/214645/optimum-puppy-with-chicken-rice-vegetables-wet-dog-food,https://cdn0.woolworths.media/content/wowproductimages/medium/214645.jpg,2020-09-14 19:19:18,,0,,True
Woolworths Supermarket,Pet,Applaws It's All Good Dry Dog Food Chicken & Turkey 2.7kg,899673,$19.00,$0.70 / 100G,https://www.woolworths.com.au/shop/productdetails/899673/applaws-it-s-all-good-dry-dog-food-chicken-turkey,https://cdn0.woolworths.media/content/wowproductimages/medium/899673.jpg,2020-09-14 19:19:18,,0,,True
Woolworths Supermarket,Pet,V.i.p Fussycat Steak Mince 450g,211232,$5.30,$1.18 / 100G,https://www.woolworths.com.au/shop/productdetails/211232/v-i-p-fussycat-steak-mince,https://cdn0.woolworths.media/content/wowproductimages/medium/211232.jpg,2020-09-14 19:19:18,,0,,True
Woolworths Supermarket,Pet,Smitten Cat Food Chicken Salmon & Tuna 1kg,481087,$2.80,$0.28 / 100G,https://www.woolworths.com.au/shop/productdetails/481087/smitten-cat-food-chicken-salmon-tuna,https://cdn0.woolworths.media/content/wowproductimages/medium/481087.jpg,2020-09-14 19:19:18,,0,,True
Woolworths Supermarket,Pet,Felix Meat Menus In Jelly 85g x27 pack,020725,$25.00,$1.09 / 100G,https://www.woolworths.com.au/shop/productdetails/20725/felix-meat-menus-in-jelly,https://cdn0.woolworths.media/content/wowproductimages/medium/020725.jpg,2020-09-14 19:19:18,,0,,True
Woolworths Supermarket,Pet,Dentalife Chicken Cat Treats 51g,693437,$3.00,$5.88 / 100G,https://www.woolworths.com.au/shop/productdetails/693437/dentalife-chicken-cat-treats,https://cdn0.woolworths.media/content/wowproductimages/medium/693437.jpg,2020-09-14 19:19:18,,0,,True
Woolworths Supermarket,Pet,Nature's Gift Meal Time Loaf Beef Barley & Vegetables Wet Dog Food 700g,071686,$2.00,$0.29 / 100G,https://www.woolworths.com.au/shop/productdetails/71686/nature-s-gift-meal-time-loaf-beef-barley-vegetables-wet-dog-food,https://cdn0.woolworths.media/content/wowproductimages/medium/071686.jpg,2020-09-14 19:19:18,,0,Was $2.80 02/10/2017,True
Woolworths Supermarket,Pet,Paws Fresh Gourmet Chunky Mince Chilled Dog Food 600g,355561,$4.50,$0.75 / 100G,https://www.woolworths.com.au/shop/productdetails/355561/paws-fresh-gourmet-chunky-mince-chilled-dog-food,https://cdn0.woolworths.media/content/wowproductimages/medium/355561.jpg,2020-09-14 19:19:18,,0,,True
Woolworths Supermarket,Pet,Nature's Gift Meal Time Loaf Duck & Vegetables Dog Food 700g,657013,$2.00,$0.29 / 100G,https://www.woolworths.com.au/shop/productdetails/657013/nature-s-gift-meal-time-loaf-duck-vegetables-dog-food,https://cdn0.woolworths.media/content/wowproductimages/medium/657013.jpg,2020-09-14 19:19:18,,0,,True
Woolworths Supermarket,Pet,Smitten Cat Food Beef Lamb & Vegetables 1kg,481065,$2.80,$0.28 / 100G,https://www.woolworths.com.au/shop/productdetails/481065/smitten-cat-food-beef-lamb-vegetables,https://cdn0.woolworths.media/content/wowproductimages/medium/481065.jpg,2020-09-14 19:19:18,,0,,True
Woolworths Supermarket,Pet,Smitten Cat Food Mince Beef 400g,481178,$0.85,$0.21 / 100G,https://www.woolworths.com.au/shop/productdetails/481178/smitten-cat-food-mince-beef,https://cdn0.woolworths.media/content/wowproductimages/medium/481178.jpg,2020-09-14 19:19:18,Average product rating out of 5: 3.5. Product score is based on 272 ratings,272,,True
Woolworths Supermarket,Pet,Nature's Gift Casserole Kangaroo & Vegetables 700g,793023,$2.00,$0.29 / 100G,https://www.woolworths.com.au/shop/productdetails/793023/nature-s-gift-casserole-kangaroo-vegetables,https://cdn0.woolworths.media/content/wowproductimages/medium/793023.jpg,2020-09-14 19:19:18,,0,Was $2.80 02/10/2017,True
Woolworths Supermarket,Pet,"Baxter's Dog Food Casserole Chicken, Rice & Veg 700g",480256,$1.50,$0.21 / 100G,https://www.woolworths.com.au/shop/productdetails/480256/baxter-s-dog-food-casserole-chicken-rice-veg,https://cdn0.woolworths.media/content/wowproductimages/medium/480256.jpg,2020-09-14 19:19:18,,0,,True
Woolworths Supermarket,Pet,V.i.p Adult Dog Food Chicken Chunkers 1kg,158895,$4.25,$0.43 / 100G,https://www.woolworths.com.au/shop/productdetails/158895/v-i-p-adult-dog-food-chicken-chunkers,https://cdn0.woolworths.media/content/wowproductimages/medium/158895.jpg,2020-09-14 19:19:18,,0,Was $5.00 12/03/2018,True
Woolworths Supermarket,Pet,Fussy Cat Grain Free Chicken & Turkey With Cranberry Wet Cat Food 400g,810160,$1.80,$0.45 / 100G,https://www.woolworths.com.au/shop/productdetails/810160/fussy-cat-grain-free-chicken-turkey-with-cranberry-wet-cat-food,https://cdn0.woolworths.media/content/wowproductimages/medium/810160.jpg,2020-09-14 19:19:18,,0,4 for $6.00 $0.38/100G,True
Woolworths Supermarket,Pet,Fussy Cat Grain Free Beef Mince Casserole Wet Cat Food 400g,064194,$1.80,$0.45 / 100G,https://www.woolworths.com.au/shop/productdetails/64194/fussy-cat-grain-free-beef-mince-casserole-wet-cat-food,https://cdn0.woolworths.media/content/wowproductimages/medium/064194.jpg,2020-09-14 19:19:18,,0,4 for $6.00 $0.38/100G,True
Woolworths Supermarket,Pet,Fussy Cat Grain Free Chicken Mince Casserole Wet Cat Food 400g,067483,$1.80,$0.45 / 100G,https://www.woolworths.com.au/shop/productdetails/67483/fussy-cat-grain-free-chicken-mince-casserole-wet-cat-food,https://cdn0.woolworths.media/content/wowproductimages/medium/067483.jpg,2020-09-14 19:19:18,,0,4 for $6.00 $0.38/100G,True
Woolworths Supermarket,Pet,V.i.p Adult Dog Food Lamb Chunkers 1kg,217233,$4.25,$0.43 / 100G,https://www.woolworths.com.au/shop/productdetails/217233/v-i-p-adult-dog-food-lamb-chunkers,https://cdn0.woolworths.media/content/wowproductimages/medium/217233.jpg,2020-09-14 19:19:18,,0,Was $5.00 12/03/2018,True
Woolworths Supermarket,Pet,Felix As Good As It Looks Ocean Menus 12x85g,844355,$11.50,$1.13 / 100G,https://www.woolworths.com.au/shop/productdetails/844355/felix-as-good-as-it-looks-ocean-menus,https://cdn0.woolworths.media/content/wowproductimages/medium/844355.jpg,2020-09-14 19:19:18,,0,,True
Woolworths Supermarket,Pet,Nature's Gift Meal Time Loaf With Kangaroo Rice & Veg Wet Dog Food 700g,323269,$2.00,$0.29 / 100G,https://www.woolworths.com.au/shop/productdetails/323269/nature-s-gift-meal-time-loaf-with-kangaroo-rice-veg-wet-dog-food,https://cdn0.woolworths.media/content/wowproductimages/medium/323269.jpg,2020-09-14 19:19:18,,0,Was $2.80 02/10/2017,True
Woolworths Supermarket,Pet,Dine Saucy Morsels With Tuna Mornay & Cheese Wet Cat Food Tray 7 pack,477637,$6.00,$1.01 / 100G,https://www.woolworths.com.au/shop/productdetails/477637/dine-saucy-morsels-with-tuna-mornay-cheese-wet-cat-food-tray,https://cdn0.woolworths.media/content/wowproductimages/medium/477637.jpg,2020-09-14 19:19:18,,0,,True
Woolworths Supermarket,Pet,Optimum Adult Wet Dog Food Beef & Rice Can 700g,214646,$3.75,$0.54 / 100G,https://www.woolworths.com.au/shop/productdetails/214646/optimum-adult-wet-dog-food-beef-rice-can,https://cdn0.woolworths.media/content/wowproductimages/medium/214646.jpg,2020-09-14 19:19:18,,0,,True
Woolworths Supermarket,Pet,Optimum Adult With Lamb & Rice Wet Dog Food 700g,214647,$3.75,$0.54 / 100G,https://www.woolworths.com.au/shop/productdetails/214647/optimum-adult-with-lamb-rice-wet-dog-food,https://cdn0.woolworths.media/content/wowproductimages/medium/214647.jpg,2020-09-14 19:19:18,,0,,True
Woolworths Supermarket,Pet,Pedigree Dentastix Small Dog Dental Treat 7 pack,214652,$4.00,$0.57 / 1EA,https://www.woolworths.com.au/shop/productdetails/214652/pedigree-dentastix-small-dog-dental-treat,https://cdn0.woolworths.media/content/wowproductimages/medium/214652.jpg,2020-09-14 19:19:18,,0,,True
Woolworths Supermarket,Pet,V.i.p Adult Dog Food Lamb Chunkers 1kg,217233,$4.25,$0.43 / 100G,https://www.woolworths.com.au/shop/productdetails/217233/v-i-p-adult-dog-food-lamb-chunkers,https://cdn0.woolworths.media/content/wowproductimages/medium/217233.jpg,2020-09-14 19:19:18,,0,Was $5.00 12/03/2018,True
Woolworths Supermarket,Pet,Frankie & Friends Dog Shampoo 1l,220845,$5.99,$0.60 / 100ML,https://www.woolworths.com.au/shop/productdetails/220845/frankie-friends-dog-shampoo,https://cdn0.woolworths.media/content/wowproductimages/medium/220845.jpg,2020-09-14 19:19:18,,0,,True
Woolworths Supermarket,Pet,Optimum Light & Healthy With Chicken & Rice Wet Dog Food 680g,224955,$3.75,$0.55 / 100G,https://www.woolworths.com.au/shop/productdetails/224955/optimum-light-healthy-with-chicken-rice-wet-dog-food,https://cdn0.woolworths.media/content/wowproductimages/medium/224955.jpg,2020-09-14 19:19:18,,0,,True
Woolworths Supermarket,Pet,Scotch-brite Pet Lint Roller Lint Roller each,228535,$8.00,,https://www.woolworths.com.au/shop/productdetails/228535/scotch-brite-pet-lint-roller-lint-roller,https://cdn0.woolworths.media/content/wowproductimages/medium/228535.jpg,2020-09-14 19:19:18,,0,,True
Woolworths Supermarket,Pet,Catlux Litter Light Clumping 6l,230824,$6.90,$1.15 / 1L,https://www.woolworths.com.au/shop/productdetails/230824/catlux-litter-light-clumping,https://cdn0.woolworths.media/content/wowproductimages/medium/230824.jpg,2020-09-14 19:19:18,,0,,True
Woolworths Supermarket,Pet,Paws Fresh Pet Lean Mince 3kg,239418,$14.40,$0.48 / 100G,https://www.woolworths.com.au/shop/productdetails/239418/paws-fresh-pet-lean-mince,https://cdn0.woolworths.media/content/wowproductimages/medium/239418.jpg,2020-09-14 19:19:18,,0,,True
Woolworths Supermarket,Pet,Peters Rabbit & Guinea Pig Pasture Hay 1kg,247207,$8.69,$0.87 / 100G,https://www.woolworths.com.au/shop/productdetails/247207/peters-rabbit-guinea-pig-pasture-hay,https://cdn0.woolworths.media/content/wowproductimages/medium/247207.jpg,2020-09-14 19:19:18,,0,,True
Woolworths Supermarket,Pet,Whiskas 1+ Years Dry Cat Food Chicken & Turkey 2.5kg,250369,$13.00,$0.52 / 100G,https://www.woolworths.com.au/shop/productdetails/250369/whiskas-1-years-dry-cat-food-chicken-turkey,https://cdn0.woolworths.media/content/wowproductimages/medium/250369.jpg,2020-09-14 19:19:18,,0,,True
Woolworths Supermarket,Pet,Whiskas 1+ Years Dry Cat Food Sardine & Prawn 2.5kg,250379,$13.00,$0.52 / 100G,https://www.woolworths.com.au/shop/productdetails/250379/whiskas-1-years-dry-cat-food-sardine-prawn,https://cdn0.woolworths.media/content/wowproductimages/medium/250379.jpg,2020-09-14 19:19:18,,0,,True
Woolworths Supermarket,Pet,Fancy Feast Adult Cat Food Beef Salmon & Cheese 450g,251928,$4.00,$0.89 / 100G,https://www.woolworths.com.au/shop/productdetails/251928/fancy-feast-adult-cat-food-beef-salmon-cheese,https://cdn0.woolworths.media/content/wowproductimages/medium/251928.jpg,2020-09-14 19:19:18,,0,,True
Woolworths Supermarket,Pet,Fancy Feast Adult Cat Food Tuna Mackerel & Crab 450g,251942,$4.00,$0.89 / 100G,https://www.woolworths.com.au/shop/productdetails/251942/fancy-feast-adult-cat-food-tuna-mackerel-crab,https://cdn0.woolworths.media/content/wowproductimages/medium/251942.jpg,2020-09-14 19:19:18,,0,,True
Woolworths Supermarket,Pet,Total Care Treatment Dog Tablets Allwormer 4 pack,262768,$14.50,$3.63 / 1EA,https://www.woolworths.com.au/shop/productdetails/262768/total-care-treatment-dog-tablets-allwormer,https://cdn0.woolworths.media/content/wowproductimages/medium/262768.jpg,2020-09-14 19:19:18,,0,,True
Woolworths Supermarket,Pet,Fancy Feast Grilled Salmon 85g,268269,$1.45,$1.71 / 100G,https://www.woolworths.com.au/shop/productdetails/268269/fancy-feast-grilled-salmon,https://cdn0.woolworths.media/content/wowproductimages/medium/268269.jpg,2020-09-14 19:19:18,,0,10 for $13.00 $1.53/100G,True
Woolworths Supermarket,Pet,Fancy Feast Savoury Salmon 85g,268308,$1.45,$1.71 / 100G,https://www.woolworths.com.au/shop/productdetails/268308/fancy-feast-savoury-salmon,https://cdn0.woolworths.media/content/wowproductimages/medium/268308.jpg,2020-09-14 19:19:18,,0,10 for $13.00 $1.53/100G,True
Woolworths Supermarket,Pet,Fancy Feast Cat Food Turkey Feast In Gravy Grilled 85g,268527,$1.45,$1.71 / 100G,https://www.woolworths.com.au/shop/productdetails/268527/fancy-feast-cat-food-turkey-feast-in-gravy-grilled,https://cdn0.woolworths.media/content/wowproductimages/medium/268527.jpg,2020-09-14 19:19:18,,0,10 for $13.00 $1.53/100G,True
Woolworths Supermarket,Pet,Fancy Feast Cat Food Chunky Chicken 85g,268715,$1.45,$1.71 / 100G,https://www.woolworths.com.au/shop/productdetails/268715/fancy-feast-cat-food-chunky-chicken,https://cdn0.woolworths.media/content/wowproductimages/medium/268715.jpg,2020-09-14 19:19:18,,0,10 for $13.00 $1.53/100G,True
Woolworths Supermarket,Pet,Vitapet Fish Algae Control 125ml,272263,$5.05,$4.04 / 100ML,https://www.woolworths.com.au/shop/productdetails/272263/vitapet-fish-algae-control,https://cdn0.woolworths.media/content/wowproductimages/medium/272263.jpg,2020-09-14 19:19:18,,0,,True
Woolworths Supermarket,Pet,Vitapet Treatment Water Ager 125ml,272264,$5.40,$4.32 / 100ML,https://www.woolworths.com.au/shop/productdetails/272264/vitapet-treatment-water-ager,https://cdn0.woolworths.media/content/wowproductimages/medium/272264.jpg,2020-09-14 19:19:18,,0,,True
Woolworths Supermarket,Pet,Vitapet Treatment Oxy Shell 25g,272368,$3.20,$12.80 / 100G,https://www.woolworths.com.au/shop/productdetails/272368/vitapet-treatment-oxy-shell,https://cdn0.woolworths.media/content/wowproductimages/medium/272368.jpg,2020-09-14 19:19:18,,0,,True
Woolworths Supermarket,Pet,My Dog Chicken Supreme Loaf Classics Wet Dog Food Trays 100g x6 pack,291327,$8.50,$1.42 / 100G,https://www.woolworths.com.au/shop/productdetails/291327/my-dog-chicken-supreme-loaf-classics-wet-dog-food-trays,https://cdn0.woolworths.media/content/wowproductimages/medium/291327.jpg,2020-09-14 19:19:18,,0,2 for $12.00 $1.00/100G,True
Woolworths Supermarket,Pet,My Dog Beef And Liver Loaf Classics Wet Dog Food Trays 100g x6 pack,291328,$8.50,$1.42 / 100G,https://www.woolworths.com.au/shop/productdetails/291328/my-dog-beef-and-liver-loaf-classics-wet-dog-food-trays,https://cdn0.woolworths.media/content/wowproductimages/medium/291328.jpg,2020-09-14 19:19:18,,0,2 for $12.00 $1.00/100G,True
Woolworths Supermarket,Pet,Fussy Cat Grain Free Beef Mince Casserole Wet Cat Food 400g,064194,$1.80,$0.45 / 100G,https://www.woolworths.com.au/shop/productdetails/64194/fussy-cat-grain-free-beef-mince-casserole-wet-cat-food,https://cdn0.woolworths.media/content/wowproductimages/medium/064194.jpg,2020-09-14 19:19:18,,0,4 for $6.00 $0.38/100G,True
Woolworths Supermarket,Pet,V.i.p Adult Dog Food Lamb Chunkers 1kg,217233,$4.25,$0.43 / 100G,https://www.woolworths.com.au/shop/productdetails/217233/v-i-p-adult-dog-food-lamb-chunkers,https://cdn0.woolworths.media/content/wowproductimages/medium/217233.jpg,2020-09-14 19:19:18,,0,Was $5.00 12/03/2018,True
Woolworths Supermarket,Pet,Paws Fresh Gourmet Chunky Mince Chilled Dog Food 600g,355561,$4.50,$0.75 / 100G,https://www.woolworths.com.au/shop/productdetails/355561/paws-fresh-gourmet-chunky-mince-chilled-dog-food,https://cdn0.woolworths.media/content/wowproductimages/medium/355561.jpg,2020-09-14 19:19:18,,0,,True
Woolworths Supermarket,Pet,Smitten Cat Food Mince Beef 400g,481178,$0.85,$0.21 / 100G,https://www.woolworths.com.au/shop/productdetails/481178/smitten-cat-food-mince-beef,https://cdn0.woolworths.media/content/wowproductimages/medium/481178.jpg,2020-09-14 19:19:18,Average product rating out of 5: 3.5. Product score is based on 272 ratings,272,,True
Woolworths Supermarket,Pet,Schmackos Strapz Variety Pack Chicken Liver & Beef Dog Treats 500g,657197,$12.90,$2.58 / 100G,https://www.woolworths.com.au/shop/productdetails/657197/schmackos-strapz-variety-pack-chicken-liver-beef-dog-treats,https://cdn0.woolworths.media/content/wowproductimages/medium/657197.jpg,2020-09-14 19:19:18,,0,,True
Woolworths Supermarket,Pet,Whiskas 1+ Years Favourites With Beef In Jelly Wet Cat Food Pouch 85g x12 pack,625159,$8.00,$0.78 / 100G,https://www.woolworths.com.au/shop/productdetails/625159/whiskas-1-years-favourites-with-beef-in-jelly-wet-cat-food-pouch,https://cdn0.woolworths.media/content/wowproductimages/medium/625159.jpg,2020-09-14 19:19:18,,0,,True
Woolworths Supermarket,Pet,V.i.p Fussycat Steak Mince 450g,211232,$5.30,$1.18 / 100G,https://www.woolworths.com.au/shop/productdetails/211232/v-i-p-fussycat-steak-mince,https://cdn0.woolworths.media/content/wowproductimages/medium/211232.jpg,2020-09-14 19:19:18,,0,,True
Woolworths Supermarket,Pet,Nature's Gift Meal Time Loaf Beef Barley & Vegetables Wet Dog Food 700g,071686,$2.00,$0.29 / 100G,https://www.woolworths.com.au/shop/productdetails/71686/nature-s-gift-meal-time-loaf-beef-barley-vegetables-wet-dog-food,https://cdn0.woolworths.media/content/wowproductimages/medium/071686.jpg,2020-09-14 19:19:18,,0,Was $2.80 02/10/2017,True
Woolworths Supermarket,Pet,Felix Meat Menus In Jelly 85g x27 pack,020725,$25.00,$1.09 / 100G,https://www.woolworths.com.au/shop/productdetails/20725/felix-meat-menus-in-jelly,https://cdn0.woolworths.media/content/wowproductimages/medium/020725.jpg,2020-09-14 19:19:18,,0,,True
Woolworths Supermarket,Pet,Dine Saucy Morsels With Tuna Mornay & Cheese Wet Cat Food Tray 7 pack,477637,$6.00,$1.01 / 100G,https://www.woolworths.com.au/shop/productdetails/477637/dine-saucy-morsels-with-tuna-mornay-cheese-wet-cat-food-tray,https://cdn0.woolworths.media/content/wowproductimages/medium/477637.jpg,2020-09-14 19:19:18,,0,,True
Woolworths Supermarket,Pet,V.i.p Adult Dog Food Chicken Chunkers 1kg,158895,$4.25,$0.43 / 100G,https://www.woolworths.com.au/shop/productdetails/158895/v-i-p-adult-dog-food-chicken-chunkers,https://cdn0.woolworths.media/content/wowproductimages/medium/158895.jpg,2020-09-14 19:19:18,,0,Was $5.00 12/03/2018,True
Woolworths Supermarket,Pet,Nature's Gift Meal Time Loaf Duck & Vegetables Dog Food 700g,657013,$2.00,$0.29 / 100G,https://www.woolworths.com.au/shop/productdetails/657013/nature-s-gift-meal-time-loaf-duck-vegetables-dog-food,https://cdn0.woolworths.media/content/wowproductimages/medium/657013.jpg,2020-09-14 19:19:18,,0,,True
Woolworths Supermarket,Pet,Dentalife Chicken Cat Treats 51g,693437,$3.00,$5.88 / 100G,https://www.woolworths.com.au/shop/productdetails/693437/dentalife-chicken-cat-treats,https://cdn0.woolworths.media/content/wowproductimages/medium/693437.jpg,2020-09-14 19:19:18,,0,,True
Woolworths Supermarket,Pet,Felix As Good As It Looks Ocean Menus 12x85g,844355,$11.50,$1.13 / 100G,https://www.woolworths.com.au/shop/productdetails/844355/felix-as-good-as-it-looks-ocean-menus,https://cdn0.woolworths.media/content/wowproductimages/medium/844355.jpg,2020-09-14 19:19:18,,0,,True
Woolworths Supermarket,Pet,Supercoat Adult Dog Food Healthy Weight 7.5kg,516951,$29.00,$0.39 / 100G,https://www.woolworths.com.au/shop/productdetails/516951/supercoat-adult-dog-food-healthy-weight,https://cdn0.woolworths.media/content/wowproductimages/medium/516951.jpg,2020-09-14 19:19:18,,0,3 for $58.50 $0.26/100G,True
Woolworths Supermarket,Pet,Nature's Gift Casserole Kangaroo & Vegetables 700g,793023,$2.00,$0.29 / 100G,https://www.woolworths.com.au/shop/productdetails/793023/nature-s-gift-casserole-kangaroo-vegetables,https://cdn0.woolworths.media/content/wowproductimages/medium/793023.jpg,2020-09-14 19:19:18,,0,Was $2.80 02/10/2017,True
Woolworths Supermarket,Pet,Natures Goodness Adult Dog Food Turkey With Vegetables 2.15kg,741258,$4.50,$0.21 / 100G,https://www.woolworths.com.au/shop/productdetails/741258/natures-goodness-adult-dog-food-turkey-with-vegetables,https://cdn0.woolworths.media/content/wowproductimages/medium/741258.jpg,2020-09-14 19:19:18,,0,,True
Woolworths Supermarket,Pet,Nature's Gift Meal Time Loaf With Kangaroo Rice & Veg Wet Dog Food 700g,323269,$2.00,$0.29 / 100G,https://www.woolworths.com.au/shop/productdetails/323269/nature-s-gift-meal-time-loaf-with-kangaroo-rice-veg-wet-dog-food,https://cdn0.woolworths.media/content/wowproductimages/medium/323269.jpg,2020-09-14 19:19:18,,0,Was $2.80 02/10/2017,True
Woolworths Supermarket,Pet,Applaws It's All Good Dry Dog Food Chicken & Turkey 2.7kg,899673,$19.00,$0.70 / 100G,https://www.woolworths.com.au/shop/productdetails/899673/applaws-it-s-all-good-dry-dog-food-chicken-turkey,https://cdn0.woolworths.media/content/wowproductimages/medium/899673.jpg,2020-09-14 19:19:18,,0,,True
Woolworths Supermarket,Pet,Purina One Adult Cat Formula With Salmon & Tuna 1.5kg,852609,$12.00,$0.80 / 100G,https://www.woolworths.com.au/shop/productdetails/852609/purina-one-adult-cat-formula-with-salmon-tuna,https://cdn0.woolworths.media/content/wowproductimages/medium/852609.jpg,2020-09-14 19:19:18,,0,Was $14.00 17/07/2017,True
Woolworths Supermarket,Pet,Vitapet Fish Holiday Feeding Block 25g,295200,$3.20,$12.80 / 100G,https://www.woolworths.com.au/shop/productdetails/295200/vitapet-fish-holiday-feeding-block,https://cdn0.woolworths.media/content/wowproductimages/medium/295200.jpg,2020-09-14 19:19:18,,0,,True
Woolworths Supermarket,Pet,My Dog Lamb With Vegetables & Toppings Wet Dog Food Tray 100g,302555,$1.00,$1.00 / 100G,https://www.woolworths.com.au/shop/productdetails/302555/my-dog-lamb-with-vegetables-toppings-wet-dog-food-tray,https://cdn0.woolworths.media/content/wowproductimages/medium/302555.jpg,2020-09-14 19:19:18,,0,,True
Woolworths Supermarket,Pet,Exelpet Ezy-dose Dog Treatment Heart & Intestinal Allwormer 4 chews,308874,$24.00,$6.00 / 1EA,https://www.woolworths.com.au/shop/productdetails/308874/exelpet-ezy-dose-dog-treatment-heart-intestinal-allwormer,https://cdn0.woolworths.media/content/wowproductimages/medium/308874.jpg,2020-09-14 19:19:18,,0,,True
Woolworths Supermarket,Pet,Pedigree Dentastix Small Dog Dental Treat 28 pack,313874,$17.50,$0.63 / 1EA,https://www.woolworths.com.au/shop/productdetails/313874/pedigree-dentastix-small-dog-dental-treat,https://cdn0.woolworths.media/content/wowproductimages/medium/313874.jpg,2020-09-14 19:19:18,,0,,True
Woolworths Supermarket,Pet,Pedigree Dentastix Medium Dental Dog Treat 28 pack,313876,$17.50,$0.63 / 1EA,https://www.woolworths.com.au/shop/productdetails/313876/pedigree-dentastix-medium-dental-dog-treat,https://cdn0.woolworths.media/content/wowproductimages/medium/313876.jpg,2020-09-14 19:19:18,,0,,True
Woolworths Supermarket,Pet,Nature's Gift Meal Time Loaf With Kangaroo Rice & Veg Wet Dog Food 700g,323269,$2.00,$0.29 / 100G,https://www.woolworths.com.au/shop/productdetails/323269/nature-s-gift-meal-time-loaf-with-kangaroo-rice-veg-wet-dog-food,https://cdn0.woolworths.media/content/wowproductimages/medium/323269.jpg,2020-09-14 19:19:18,,0,Was $2.80 02/10/2017,True
Woolworths Supermarket,Pet,Nature's Gift Adult Dog Food Gourmet Loaf Style Kangaroo Fillet Recipe 100g,323271,$1.00,$1.00 / 100G,https://www.woolworths.com.au/shop/productdetails/323271/nature-s-gift-adult-dog-food-gourmet-loaf-style-kangaroo-fillet-recipe,https://cdn0.woolworths.media/content/wowproductimages/medium/323271.jpg,2020-09-14 19:19:18,,0,Was $1.20 02/10/2017,True
Woolworths Supermarket,Pet,Bow Wow Treat Pork Bones 2pk,323389,$5.79,$2.90 / 1EA,https://www.woolworths.com.au/shop/productdetails/323389/bow-wow-treat-pork-bones,https://cdn0.woolworths.media/content/wowproductimages/medium/323389.jpg,2020-09-14 19:19:18,,0,,True
Woolworths Supermarket,Pet,Bow Wow Pigs Ears 5 pack,323774,$12.50,$2.50 / 1EA,https://www.woolworths.com.au/shop/productdetails/323774/bow-wow-pigs-ears,https://cdn0.woolworths.media/content/wowproductimages/medium/323774.jpg,2020-09-14 19:19:18,,0,,True
Woolworths Supermarket,Pet,Fancy Feast Medleys Tuna Florentine Delicate Sauce 85g,327224,$1.75,$2.06 / 100G,https://www.woolworths.com.au/shop/productdetails/327224/fancy-feast-medleys-tuna-florentine-delicate-sauce,https://cdn0.woolworths.media/content/wowproductimages/medium/327224.jpg,2020-09-14 19:19:18,,0,,True
Woolworths Supermarket,Pet,Fancy Feast Medleys Tender Turkey Tuscany Savory Sauce 85g,327225,$1.75,$2.06 / 100G,https://www.woolworths.com.au/shop/productdetails/327225/fancy-feast-medleys-tender-turkey-tuscany-savory-sauce,https://cdn0.woolworths.media/content/wowproductimages/medium/327225.jpg,2020-09-14 19:19:18,,0,,True
Woolworths Supermarket,Pet,Fancy Feast Medleys Wild Salmon Florentine 85g,327228,$1.75,$2.06 / 100G,https://www.woolworths.com.au/shop/productdetails/327228/fancy-feast-medleys-wild-salmon-florentine,https://cdn0.woolworths.media/content/wowproductimages/medium/327228.jpg,2020-09-14 19:19:18,,0,,True
Woolworths Supermarket,Pet,Fancy Feast Medleys White Meat Chicken Delicate Sauce 85g,327235,$1.75,$2.06 / 100G,https://www.woolworths.com.au/shop/productdetails/327235/fancy-feast-medleys-white-meat-chicken-delicate-sauce,https://cdn0.woolworths.media/content/wowproductimages/medium/327235.jpg,2020-09-14 19:19:18,,0,,True
Woolworths Supermarket,Pet,Fancy Feast Medleys Tuna Tuscany In Savory Sauce 85g,327237,$1.75,$2.06 / 100G,https://www.woolworths.com.au/shop/productdetails/327237/fancy-feast-medleys-tuna-tuscany-in-savory-sauce,https://cdn0.woolworths.media/content/wowproductimages/medium/327237.jpg,2020-09-14 19:19:18,,0,,True
Woolworths Supermarket,Pet,Fancy Feast Medleys White Meat Chicken Savory Sauce 85g,327239,$1.75,$2.06 / 100G,https://www.woolworths.com.au/shop/productdetails/327239/fancy-feast-medleys-white-meat-chicken-savory-sauce,https://cdn0.woolworths.media/content/wowproductimages/medium/327239.jpg,2020-09-14 19:19:18,,0,,True
Woolworths Supermarket,Pet,Fancy Feast Grilled Ocean Whitefish Tuna 85g,327259,$1.45,$1.71 / 100G,https://www.woolworths.com.au/shop/productdetails/327259/fancy-feast-grilled-ocean-whitefish-tuna,https://cdn0.woolworths.media/content/wowproductimages/medium/327259.jpg,2020-09-14 19:19:18,,0,10 for $13.00 $1.53/100G,True
Woolworths Supermarket,Pet,Fancy Feast Kitten Food Ocean Whitefish Tuna 85g,327266,$1.45,$1.71 / 100G,https://www.woolworths.com.au/shop/productdetails/327266/fancy-feast-kitten-food-ocean-whitefish-tuna,https://cdn0.woolworths.media/content/wowproductimages/medium/327266.jpg,2020-09-14 19:19:18,,0,10 for $13.00 $1.53/100G,True
Woolworths Supermarket,Pet,Total Care Flea Powder For Dogs 200g,327472,$9.00,$4.50 / 100G,https://www.woolworths.com.au/shop/productdetails/327472/total-care-flea-powder-for-dogs,https://cdn0.woolworths.media/content/wowproductimages/medium/327472.jpg,2020-09-14 19:19:18,,0,,True
Woolworths Supermarket,Pet,My Dog Adult 7+ Turkey And Rice Topped With Vegetables 100g,332931,$1.00,$1.00 / 100G,https://www.woolworths.com.au/shop/productdetails/332931/my-dog-adult-7-turkey-and-rice-topped-with-vegetables,https://cdn0.woolworths.media/content/wowproductimages/medium/332931.jpg,2020-09-14 19:19:18,,0,,True
Woolworths Supermarket,Pet,Bow Wow Treat Beef Roo Roll 1pk,334048,$2.99,,https://www.woolworths.com.au/shop/productdetails/334048/bow-wow-treat-beef-roo-roll,https://cdn0.woolworths.media/content/wowproductimages/medium/334048.jpg,2020-09-14 19:19:18,,0,,True
Woolworths Supermarket,Pet,Dine Desire Pure Tuna Whitemeat Grain Free Wet Cat Food Can 85g,336399,$1.90,$2.24 / 100G,https://www.woolworths.com.au/shop/productdetails/336399/dine-desire-pure-tuna-whitemeat-grain-free-wet-cat-food-can,https://cdn0.woolworths.media/content/wowproductimages/medium/336399.jpg,2020-09-14 19:19:18,,0,5 for $8.00,True
Woolworths Supermarket,Pet,Dine Desire Flaked Tuna & Shredded Crab Grain Free Wet Cat Food 85g,336402,$1.90,$2.24 / 100G,https://www.woolworths.com.au/shop/productdetails/336402/dine-desire-flaked-tuna-shredded-crab-grain-free-wet-cat-food,https://cdn0.woolworths.media/content/wowproductimages/medium/336402.jpg,2020-09-14 19:19:18,,0,5 for $8.00,True
Woolworths Supermarket,Pet,Dine Desire Tuna & Prawn In Sauce Grain Free Wet Cat Food 85g,336403,$1.90,$2.24 / 100G,https://www.woolworths.com.au/shop/productdetails/336403/dine-desire-tuna-prawn-in-sauce-grain-free-wet-cat-food,https://cdn0.woolworths.media/content/wowproductimages/medium/336403.jpg,2020-09-14 19:19:18,,0,5 for $8.00,True
Woolworths Supermarket,Pet,Dine Desire Succulent Chicken Grain Free Wet Cat Food Can 85g,336407,$1.90,$2.24 / 100G,https://www.woolworths.com.au/shop/productdetails/336407/dine-desire-succulent-chicken-grain-free-wet-cat-food-can,https://cdn0.woolworths.media/content/wowproductimages/medium/336407.jpg,2020-09-14 19:19:18,,0,5 for $8.00,True
Woolworths Supermarket,Pet,Applaws It's All Good Dry Dog Food Chicken & Turkey 2.7kg,899673,$19.00,$0.70 / 100G,https://www.woolworths.com.au/shop/productdetails/899673/applaws-it-s-all-good-dry-dog-food-chicken-turkey,https://cdn0.woolworths.media/content/wowproductimages/medium/899673.jpg,2020-09-14 19:19:18,,0,,True
Woolworths Supermarket,Pet,V.i.p Fussycat Steak Mince 450g,211232,$5.30,$1.18 / 100G,https://www.woolworths.com.au/shop/productdetails/211232/v-i-p-fussycat-steak-mince,https://cdn0.woolworths.media/content/wowproductimages/medium/211232.jpg,2020-09-14 19:19:18,,0,,True
Woolworths Supermarket,Pet,"Baxter's Dog Food Casserole Chicken, Rice & Veg 700g",480256,$1.50,$0.21 / 100G,https://www.woolworths.com.au/shop/productdetails/480256/baxter-s-dog-food-casserole-chicken-rice-veg,https://cdn0.woolworths.media/content/wowproductimages/medium/480256.jpg,2020-09-14 19:19:18,,0,,True
Woolworths Supermarket,Pet,Felix As Good As It Looks Ocean Menus 12x85g,844355,$11.50,$1.13 / 100G,https://www.woolworths.com.au/shop/productdetails/844355/felix-as-good-as-it-looks-ocean-menus,https://cdn0.woolworths.media/content/wowproductimages/medium/844355.jpg,2020-09-14 19:19:18,,0,,True
Woolworths Supermarket,Pet,Fussy Cat Grain Free Chicken Mince Casserole Wet Cat Food 400g,067483,$1.80,$0.45 / 100G,https://www.woolworths.com.au/shop/productdetails/67483/fussy-cat-grain-free-chicken-mince-casserole-wet-cat-food,https://cdn0.woolworths.media/content/wowproductimages/medium/067483.jpg,2020-09-14 19:19:18,,0,4 for $6.00 $0.38/100G,True
Woolworths Supermarket,Pet,Smitten Cat Food Mince Beef 400g,481178,$0.85,$0.21 / 100G,https://www.woolworths.com.au/shop/productdetails/481178/smitten-cat-food-mince-beef,https://cdn0.woolworths.media/content/wowproductimages/medium/481178.jpg,2020-09-14 19:19:18,Average product rating out of 5: 3.5. Product score is based on 272 ratings,272,,True
Woolworths Supermarket,Pet,Nature's Gift Meal Time Loaf With Kangaroo Rice & Veg Wet Dog Food 700g,323269,$2.00,$0.29 / 100G,https://www.woolworths.com.au/shop/productdetails/323269/nature-s-gift-meal-time-loaf-with-kangaroo-rice-veg-wet-dog-food,https://cdn0.woolworths.media/content/wowproductimages/medium/323269.jpg,2020-09-14 19:19:18,,0,Was $2.80 02/10/2017,True
Woolworths Supermarket,Pet,Smitten Cat Food Beef Lamb & Vegetables 1kg,481065,$2.80,$0.28 / 100G,https://www.woolworths.com.au/shop/productdetails/481065/smitten-cat-food-beef-lamb-vegetables,https://cdn0.woolworths.media/content/wowproductimages/medium/481065.jpg,2020-09-14 19:19:18,,0,,True
Woolworths Supermarket,Pet,Nature's Gift Meal Time Loaf Beef Barley & Vegetables Wet Dog Food 700g,071686,$2.00,$0.29 / 100G,https://www.woolworths.com.au/shop/productdetails/71686/nature-s-gift-meal-time-loaf-beef-barley-vegetables-wet-dog-food,https://cdn0.woolworths.media/content/wowproductimages/medium/071686.jpg,2020-09-14 19:19:18,,0,Was $2.80 02/10/2017,True
Woolworths Supermarket,Pet,V.i.p Adult Dog Food Lamb Chunkers 1kg,217233,$4.25,$0.43 / 100G,https://www.woolworths.com.au/shop/productdetails/217233/v-i-p-adult-dog-food-lamb-chunkers,https://cdn0.woolworths.media/content/wowproductimages/medium/217233.jpg,2020-09-14 19:19:18,,0,Was $5.00 12/03/2018,True
Woolworths Supermarket,Pet,V.i.p Adult Dog Food Chicken Chunkers 1kg,158895,$4.25,$0.43 / 100G,https://www.woolworths.com.au/shop/productdetails/158895/v-i-p-adult-dog-food-chicken-chunkers,https://cdn0.woolworths.media/content/wowproductimages/medium/158895.jpg,2020-09-14 19:19:18,,0,Was $5.00 12/03/2018,True
Woolworths Supermarket,Pet,Felix Meat Menus In Jelly 85g x27 pack,020725,$25.00,$1.09 / 100G,https://www.woolworths.com.au/shop/productdetails/20725/felix-meat-menus-in-jelly,https://cdn0.woolworths.media/content/wowproductimages/medium/020725.jpg,2020-09-14 19:19:18,,0,,True
Woolworths Supermarket,Pet,Nature's Gift Casserole Kangaroo & Vegetables 700g,793023,$2.00,$0.29 / 100G,https://www.woolworths.com.au/shop/productdetails/793023/nature-s-gift-casserole-kangaroo-vegetables,https://cdn0.woolworths.media/content/wowproductimages/medium/793023.jpg,2020-09-14 19:19:18,,0,Was $2.80 02/10/2017,True
Woolworths Supermarket,Pet,Nature's Gift Meal Time Loaf Duck & Vegetables Dog Food 700g,657013,$2.00,$0.29 / 100G,https://www.woolworths.com.au/shop/productdetails/657013/nature-s-gift-meal-time-loaf-duck-vegetables-dog-food,https://cdn0.woolworths.media/content/wowproductimages/medium/657013.jpg,2020-09-14 19:19:18,,0,,True
Woolworths Supermarket,Pet,Fussy Cat Grain Free Beef Mince Casserole Wet Cat Food 400g,064194,$1.80,$0.45 / 100G,https://www.woolworths.com.au/shop/productdetails/64194/fussy-cat-grain-free-beef-mince-casserole-wet-cat-food,https://cdn0.woolworths.media/content/wowproductimages/medium/064194.jpg,2020-09-14 19:19:18,,0,4 for $6.00 $0.38/100G,True
Woolworths Supermarket,Pet,Smitten Cat Food Chicken Salmon & Tuna 1kg,481087,$2.80,$0.28 / 100G,https://www.woolworths.com.au/shop/productdetails/481087/smitten-cat-food-chicken-salmon-tuna,https://cdn0.woolworths.media/content/wowproductimages/medium/481087.jpg,2020-09-14 19:19:18,,0,,True
Woolworths Supermarket,Pet,Paws Fresh Gourmet Chunky Mince Chilled Dog Food 600g,355561,$4.50,$0.75 / 100G,https://www.woolworths.com.au/shop/productdetails/355561/paws-fresh-gourmet-chunky-mince-chilled-dog-food,https://cdn0.woolworths.media/content/wowproductimages/medium/355561.jpg,2020-09-14 19:19:18,,0,,True
Woolworths Supermarket,Pet,Fussy Cat Grain Free Chicken & Turkey With Cranberry Wet Cat Food 400g,810160,$1.80,$0.45 / 100G,https://www.woolworths.com.au/shop/productdetails/810160/fussy-cat-grain-free-chicken-turkey-with-cranberry-wet-cat-food,https://cdn0.woolworths.media/content/wowproductimages/medium/810160.jpg,2020-09-14 19:19:18,,0,4 for $6.00 $0.38/100G,True
Woolworths Supermarket,Pet,Dentalife Chicken Cat Treats 51g,693437,$3.00,$5.88 / 100G,https://www.woolworths.com.au/shop/productdetails/693437/dentalife-chicken-cat-treats,https://cdn0.woolworths.media/content/wowproductimages/medium/693437.jpg,2020-09-14 19:19:18,,0,,True
Woolworths Supermarket,Pet,Dine Saucy Morsels With Tuna Mornay & Cheese Wet Cat Food Tray 7 pack,477637,$6.00,$1.01 / 100G,https://www.woolworths.com.au/shop/productdetails/477637/dine-saucy-morsels-with-tuna-mornay-cheese-wet-cat-food-tray,https://cdn0.woolworths.media/content/wowproductimages/medium/477637.jpg,2020-09-14 19:19:18,,0,,True
Woolworths Supermarket,Pet,Dine Desire Tuna With Meat Snapper Grain Free Wet Cat Food Can 85g,336409,$1.90,$2.24 / 100G,https://www.woolworths.com.au/shop/productdetails/336409/dine-desire-tuna-with-meat-snapper-grain-free-wet-cat-food-can,https://cdn0.woolworths.media/content/wowproductimages/medium/336409.jpg,2020-09-14 19:19:18,,0,5 for $8.00,True
Woolworths Supermarket,Pet,Pedigree Dentastix Large Dog Dental Treat 7 pack,344049,$4.00,$0.57 / 1EA,https://www.woolworths.com.au/shop/productdetails/344049/pedigree-dentastix-large-dog-dental-treat,https://cdn0.woolworths.media/content/wowproductimages/medium/344049.jpg,2020-09-14 19:19:18,,0,,True
Woolworths Supermarket,Pet,My Dog Chicken Supreme With Cheese Wet Dog Food 6 pack,344156,$8.50,$1.42 / 100G,https://www.woolworths.com.au/shop/productdetails/344156/my-dog-chicken-supreme-with-cheese-wet-dog-food,https://cdn0.woolworths.media/content/wowproductimages/medium/344156.jpg,2020-09-14 19:19:18,,0,2 for $12.00 $1.00/100G,True
Woolworths Supermarket,Pet,Paws Fresh Cat & Dog Friendly Treat Diced Tender Chicken 600g,345587,$4.50,$0.75 / 100G,https://www.woolworths.com.au/shop/productdetails/345587/paws-fresh-cat-dog-friendly-treat-diced-tender-chicken,https://cdn0.woolworths.media/content/wowproductimages/medium/345587.jpg,2020-09-14 19:19:18,,0,,True
Woolworths Supermarket,Pet,Fancy Feast Adult Cat Food Chicken Turkey & Vegtables 450g,348962,$4.00,$0.89 / 100G,https://www.woolworths.com.au/shop/productdetails/348962/fancy-feast-adult-cat-food-chicken-turkey-vegtables,https://cdn0.woolworths.media/content/wowproductimages/medium/348962.jpg,2020-09-14 19:19:18,,0,,True
Woolworths Supermarket,Pet,Dine Saucy Morsels Wet Cat Food Ocean Fish Tray 7 pack,348996,$6.00,$1.01 / 100G,https://www.woolworths.com.au/shop/productdetails/348996/dine-saucy-morsels-wet-cat-food-ocean-fish-tray,https://cdn0.woolworths.media/content/wowproductimages/medium/348996.jpg,2020-09-14 19:19:18,,0,,True
Woolworths Supermarket,Pet,Dine Wet Cat Food Classic Terrine With Chicken Tray 7 pack,349002,$6.00,$1.01 / 100G,https://www.woolworths.com.au/shop/productdetails/349002/dine-wet-cat-food-classic-terrine-with-chicken-tray,https://cdn0.woolworths.media/content/wowproductimages/medium/349002.jpg,2020-09-14 19:19:18,,0,,True
Woolworths Supermarket,Pet,Dine Wet Cat Food Cuts In Gravy With Beef & Liver Tray 7 pack,349072,$6.00,$1.01 / 100G,https://www.woolworths.com.au/shop/productdetails/349072/dine-wet-cat-food-cuts-in-gravy-with-beef-liver-tray,https://cdn0.woolworths.media/content/wowproductimages/medium/349072.jpg,2020-09-14 19:19:18,,0,,True
Woolworths Supermarket,Pet,Dine Saucy Morsels Wet Cat Food Salmon Tray 7 pack,349075,$6.00,$1.01 / 100G,https://www.woolworths.com.au/shop/productdetails/349075/dine-saucy-morsels-wet-cat-food-salmon-tray,https://cdn0.woolworths.media/content/wowproductimages/medium/349075.jpg,2020-09-14 19:19:18,,0,,True
Woolworths Supermarket,Pet,Peters Rabbit & Guinea Pig Little Gems Treats 120g,351933,$5.25,$4.38 / 100G,https://www.woolworths.com.au/shop/productdetails/351933/peters-rabbit-guinea-pig-little-gems-treats,https://cdn0.woolworths.media/content/wowproductimages/medium/351933.jpg,2020-09-14 19:19:18,,0,,True
Woolworths Supermarket,Pet,Peters Rabbit & Guinea Pig Foragers Feast 1kg,351934,$8.15,$0.82 / 100G,https://www.woolworths.com.au/shop/productdetails/351934/peters-rabbit-guinea-pig-foragers-feast,https://cdn0.woolworths.media/content/wowproductimages/medium/351934.jpg,2020-09-14 19:19:18,,0,,True
Woolworths Supermarket,Pet,Fancy Feast Poultry & Beef Sliced Collection 85g x12 pack,358624,$14.50,$1.42 / 100G,https://www.woolworths.com.au/shop/productdetails/358624/fancy-feast-poultry-beef-sliced-collection,https://cdn0.woolworths.media/content/wowproductimages/medium/358624.jpg,2020-09-14 19:19:18,,0,,True
Woolworths Supermarket,Pet,My Dog Puppy Chicken Mince With Rice Carrot & Spinach Dog Food Tray 100g,359587,$1.00,$1.00 / 100G,https://www.woolworths.com.au/shop/productdetails/359587/my-dog-puppy-chicken-mince-with-rice-carrot-spinach-dog-food-tray,https://cdn0.woolworths.media/content/wowproductimages/medium/359587.jpg,2020-09-14 19:19:18,,0,,True
Woolworths Supermarket,Pet,Optimum Puppy With Chicken Dry Dog Food 3kg,360069,$19.00,$0.63 / 100G,https://www.woolworths.com.au/shop/productdetails/360069/optimum-puppy-with-chicken-dry-dog-food,https://cdn0.woolworths.media/content/wowproductimages/medium/360069.jpg,2020-09-14 19:19:18,,0,,True
Woolworths Supermarket,Pet,Optimum Small Breed With Chicken Vegetables & Rice Dry Dog Food 3kg,360072,$19.00,$0.63 / 100G,https://www.woolworths.com.au/shop/productdetails/360072/optimum-small-breed-with-chicken-vegetables-rice-dry-dog-food,https://cdn0.woolworths.media/content/wowproductimages/medium/360072.jpg,2020-09-14 19:19:18,,0,,True
Woolworths Supermarket,Pet,Fancy Feast Cat Food Gravy Lovers Ocean Whitefish & Tuna 85g,360604,$1.45,$1.71 / 100G,https://www.woolworths.com.au/shop/productdetails/360604/fancy-feast-cat-food-gravy-lovers-ocean-whitefish-tuna,https://cdn0.woolworths.media/content/wowproductimages/medium/360604.jpg,2020-09-14 19:19:18,,0,10 for $13.00 $1.53/100G,True
Woolworths Supermarket,Pet,Fancy Feast Cat Food Gravy Lovers Chicken 85g,360608,$1.45,$1.71 / 100G,https://www.woolworths.com.au/shop/productdetails/360608/fancy-feast-cat-food-gravy-lovers-chicken,https://cdn0.woolworths.media/content/wowproductimages/medium/360608.jpg,2020-09-14 19:19:18,,0,10 for $13.00 $1.53/100G,True
Woolworths Supermarket,Pet,Fancy Feast Cat Food Gravy Lovers Beef 85g,360616,$1.45,$1.71 / 100G,https://www.woolworths.com.au/shop/productdetails/360616/fancy-feast-cat-food-gravy-lovers-beef,https://cdn0.woolworths.media/content/wowproductimages/medium/360616.jpg,2020-09-14 19:19:18,,0,10 for $13.00 $1.53/100G,True
Woolworths Supermarket,Pet,Total Care Nylon Collar Extra Small each,360683,$6.49,,https://www.woolworths.com.au/shop/productdetails/360683/total-care-nylon-collar-extra-small,https://cdn0.woolworths.media/content/wowproductimages/medium/360683.jpg,2020-09-14 19:19:18,,0,,True
Woolworths Supermarket,Pet,Total Care Nylon Dog Collar Small 45cm each,360684,$7.99,,https://www.woolworths.com.au/shop/productdetails/360684/total-care-nylon-dog-collar-small-45cm,https://cdn0.woolworths.media/content/wowproductimages/medium/360684.jpg,2020-09-14 19:19:18,,0,,True
Woolworths Supermarket,Pet,Total Care Accessory Nylon Collar M 55cm each,360685,$9.35,,https://www.woolworths.com.au/shop/productdetails/360685/total-care-accessory-nylon-collar-m-55cm,https://cdn0.woolworths.media/content/wowproductimages/medium/360685.jpg,2020-09-14 19:19:18,,0,,True
Woolworths Supermarket,Pet,Total Care Elastic Cat Collar 30cm each,360688,$5.49,,https://www.woolworths.com.au/shop/productdetails/360688/total-care-elastic-cat-collar-30cm,https://cdn0.woolworths.media/content/wowproductimages/medium/360688.jpg,2020-09-14 19:19:18,,0,,True
Woolworths Supermarket,Pet,Total Care Diamante Cat Collar each,360800,$7.99,,https://www.woolworths.com.au/shop/productdetails/360800/total-care-diamante-cat-collar,https://cdn0.woolworths.media/content/wowproductimages/medium/360800.jpg,2020-09-14 19:19:18,,0,,True
Woolworths Supermarket,Pet,Vitapet Fish Food Goldfish Flake Plus 90g,360821,$7.60,$8.44 / 100G,https://www.woolworths.com.au/shop/productdetails/360821/vitapet-fish-food-goldfish-flake-plus,https://cdn0.woolworths.media/content/wowproductimages/medium/360821.jpg,2020-09-14 19:19:18,,0,,True
Woolworths Supermarket,Pet,Fussy Cat Grain Free Beef Mince Casserole Wet Cat Food 400g,064194,$1.80,$0.45 / 100G,https://www.woolworths.com.au/shop/productdetails/64194/fussy-cat-grain-free-beef-mince-casserole-wet-cat-food,https://cdn0.woolworths.media/content/wowproductimages/medium/064194.jpg,2020-09-14 19:19:18,,0,4 for $6.00 $0.38/100G,True
Woolworths Supermarket,Pet,Dine Saucy Morsels With Tuna Mornay & Cheese Wet Cat Food Tray 7 pack,477637,$6.00,$1.01 / 100G,https://www.woolworths.com.au/shop/productdetails/477637/dine-saucy-morsels-with-tuna-mornay-cheese-wet-cat-food-tray,https://cdn0.woolworths.media/content/wowproductimages/medium/477637.jpg,2020-09-14 19:19:18,,0,,True
Woolworths Supermarket,Pet,Felix Meat Menus In Jelly 85g x27 pack,020725,$25.00,$1.09 / 100G,https://www.woolworths.com.au/shop/productdetails/20725/felix-meat-menus-in-jelly,https://cdn0.woolworths.media/content/wowproductimages/medium/020725.jpg,2020-09-14 19:19:18,,0,,True
Woolworths Supermarket,Pet,Whiskas 1+ Years Favourites With Beef In Jelly Wet Cat Food Pouch 85g x12 pack,625159,$8.00,$0.78 / 100G,https://www.woolworths.com.au/shop/productdetails/625159/whiskas-1-years-favourites-with-beef-in-jelly-wet-cat-food-pouch,https://cdn0.woolworths.media/content/wowproductimages/medium/625159.jpg,2020-09-14 19:19:18,,0,,True
Woolworths Supermarket,Pet,V.i.p Fussycat Steak Mince 450g,211232,$5.30,$1.18 / 100G,https://www.woolworths.com.au/shop/productdetails/211232/v-i-p-fussycat-steak-mince,https://cdn0.woolworths.media/content/wowproductimages/medium/211232.jpg,2020-09-14 19:19:18,,0,,True
Woolworths Supermarket,Pet,V.i.p Adult Dog Food Lamb Chunkers 1kg,217233,$4.25,$0.43 / 100G,https://www.woolworths.com.au/shop/productdetails/217233/v-i-p-adult-dog-food-lamb-chunkers,https://cdn0.woolworths.media/content/wowproductimages/medium/217233.jpg,2020-09-14 19:19:18,,0,Was $5.00 12/03/2018,True
Woolworths Supermarket,Pet,Paws Fresh Gourmet Chunky Mince Chilled Dog Food 600g,355561,$4.50,$0.75 / 100G,https://www.woolworths.com.au/shop/productdetails/355561/paws-fresh-gourmet-chunky-mince-chilled-dog-food,https://cdn0.woolworths.media/content/wowproductimages/medium/355561.jpg,2020-09-14 19:19:18,,0,,True
Woolworths Supermarket,Pet,Supercoat Adult Dog Food Healthy Weight 7.5kg,516951,$29.00,$0.39 / 100G,https://www.woolworths.com.au/shop/productdetails/516951/supercoat-adult-dog-food-healthy-weight,https://cdn0.woolworths.media/content/wowproductimages/medium/516951.jpg,2020-09-14 19:19:18,,0,3 for $58.50 $0.26/100G,True
Woolworths Supermarket,Pet,Felix As Good As It Looks Ocean Menus 12x85g,844355,$11.50,$1.13 / 100G,https://www.woolworths.com.au/shop/productdetails/844355/felix-as-good-as-it-looks-ocean-menus,https://cdn0.woolworths.media/content/wowproductimages/medium/844355.jpg,2020-09-14 19:19:18,,0,,True
Woolworths Supermarket,Pet,V.i.p Adult Dog Food Chicken Chunkers 1kg,158895,$4.25,$0.43 / 100G,https://www.woolworths.com.au/shop/productdetails/158895/v-i-p-adult-dog-food-chicken-chunkers,https://cdn0.woolworths.media/content/wowproductimages/medium/158895.jpg,2020-09-14 19:19:18,,0,Was $5.00 12/03/2018,True
Woolworths Supermarket,Pet,Purina One Adult Cat Formula With Salmon & Tuna 1.5kg,852609,$12.00,$0.80 / 100G,https://www.woolworths.com.au/shop/productdetails/852609/purina-one-adult-cat-formula-with-salmon-tuna,https://cdn0.woolworths.media/content/wowproductimages/medium/852609.jpg,2020-09-14 19:19:18,,0,Was $14.00 17/07/2017,True
Woolworths Supermarket,Pet,Applaws It's All Good Dry Dog Food Chicken & Turkey 2.7kg,899673,$19.00,$0.70 / 100G,https://www.woolworths.com.au/shop/productdetails/899673/applaws-it-s-all-good-dry-dog-food-chicken-turkey,https://cdn0.woolworths.media/content/wowproductimages/medium/899673.jpg,2020-09-14 19:19:18,,0,,True
Woolworths Supermarket,Pet,Nature's Gift Casserole Kangaroo & Vegetables 700g,793023,$2.00,$0.29 / 100G,https://www.woolworths.com.au/shop/productdetails/793023/nature-s-gift-casserole-kangaroo-vegetables,https://cdn0.woolworths.media/content/wowproductimages/medium/793023.jpg,2020-09-14 19:19:18,,0,Was $2.80 02/10/2017,True
Woolworths Supermarket,Pet,Nature's Gift Meal Time Loaf Duck & Vegetables Dog Food 700g,657013,$2.00,$0.29 / 100G,https://www.woolworths.com.au/shop/productdetails/657013/nature-s-gift-meal-time-loaf-duck-vegetables-dog-food,https://cdn0.woolworths.media/content/wowproductimages/medium/657013.jpg,2020-09-14 19:19:18,,0,,True
Woolworths Supermarket,Pet,Dentalife Chicken Cat Treats 51g,693437,$3.00,$5.88 / 100G,https://www.woolworths.com.au/shop/productdetails/693437/dentalife-chicken-cat-treats,https://cdn0.woolworths.media/content/wowproductimages/medium/693437.jpg,2020-09-14 19:19:18,,0,,True
Woolworths Supermarket,Pet,Schmackos Strapz Variety Pack Chicken Liver & Beef Dog Treats 500g,657197,$12.90,$2.58 / 100G,https://www.woolworths.com.au/shop/productdetails/657197/schmackos-strapz-variety-pack-chicken-liver-beef-dog-treats,https://cdn0.woolworths.media/content/wowproductimages/medium/657197.jpg,2020-09-14 19:19:18,,0,,True
Woolworths Supermarket,Pet,Natures Goodness Adult Dog Food Turkey With Vegetables 2.15kg,741258,$4.50,$0.21 / 100G,https://www.woolworths.com.au/shop/productdetails/741258/natures-goodness-adult-dog-food-turkey-with-vegetables,https://cdn0.woolworths.media/content/wowproductimages/medium/741258.jpg,2020-09-14 19:19:18,,0,,True
Woolworths Supermarket,Pet,Smitten Cat Food Mince Beef 400g,481178,$0.85,$0.21 / 100G,https://www.woolworths.com.au/shop/productdetails/481178/smitten-cat-food-mince-beef,https://cdn0.woolworths.media/content/wowproductimages/medium/481178.jpg,2020-09-14 19:19:18,Average product rating out of 5: 3.5. Product score is based on 272 ratings,272,,True
Woolworths Supermarket,Pet,Nature's Gift Meal Time Loaf Beef Barley & Vegetables Wet Dog Food 700g,071686,$2.00,$0.29 / 100G,https://www.woolworths.com.au/shop/productdetails/71686/nature-s-gift-meal-time-loaf-beef-barley-vegetables-wet-dog-food,https://cdn0.woolworths.media/content/wowproductimages/medium/071686.jpg,2020-09-14 19:19:18,,0,Was $2.80 02/10/2017,True
Woolworths Supermarket,Pet,Nature's Gift Meal Time Loaf With Kangaroo Rice & Veg Wet Dog Food 700g,323269,$2.00,$0.29 / 100G,https://www.woolworths.com.au/shop/productdetails/323269/nature-s-gift-meal-time-loaf-with-kangaroo-rice-veg-wet-dog-food,https://cdn0.woolworths.media/content/wowproductimages/medium/323269.jpg,2020-09-14 19:19:18,,0,Was $2.80 02/10/2017,True
Woolworths Supermarket,Pet,Vitapet Fish Food Goldfish Granules 200g,360822,$8.90,$4.45 / 100G,https://www.woolworths.com.au/shop/productdetails/360822/vitapet-fish-food-goldfish-granules,https://cdn0.woolworths.media/content/wowproductimages/medium/360822.jpg,2020-09-14 19:19:18,,0,,True
Woolworths Supermarket,Pet,Vitapet Fish Food Goldfish Flake Plus 36g,360823,$6.00,$16.67 / 100G,https://www.woolworths.com.au/shop/productdetails/360823/vitapet-fish-food-goldfish-flake-plus,https://cdn0.woolworths.media/content/wowproductimages/medium/360823.jpg,2020-09-14 19:19:18,,0,,True
Woolworths Supermarket,Pet,Vitapet Fish Food Tropical Flake 36g,360825,$7.60,$21.11 / 100G,https://www.woolworths.com.au/shop/productdetails/360825/vitapet-fish-food-tropical-flake,https://cdn0.woolworths.media/content/wowproductimages/medium/360825.jpg,2020-09-14 19:19:18,,0,,True
Woolworths Supermarket,Pet,Oakwood Grooming Shampoo Oatmeal & Aloe Vera 280ml,360828,$9.99,$3.57 / 100ML,https://www.woolworths.com.au/shop/productdetails/360828/oakwood-grooming-shampoo-oatmeal-aloe-vera,https://cdn0.woolworths.media/content/wowproductimages/medium/360828.jpg,2020-09-14 19:19:18,,0,,True
Woolworths Supermarket,Pet,Oakwood Grooming Shampoo For All Coloured Coats 280ml,360829,$9.99,$3.57 / 100ML,https://www.woolworths.com.au/shop/productdetails/360829/oakwood-grooming-shampoo-for-all-coloured-coats,https://cdn0.woolworths.media/content/wowproductimages/medium/360829.jpg,2020-09-14 19:19:18,,0,,True
Woolworths Supermarket,Pet,Rufus & Coco Accessory Bones Collar Extra Small each,360897,$13.79,,https://www.woolworths.com.au/shop/productdetails/360897/rufus-coco-accessory-bones-collar-extra-small,https://cdn0.woolworths.media/content/wowproductimages/medium/360897.jpg,2020-09-14 19:19:18,,0,,True
Woolworths Supermarket,Pet,Rufus & Coco Itch Relief Shampoo 200ml,360923,$13.79,$6.90 / 100ML,https://www.woolworths.com.au/shop/productdetails/360923/rufus-coco-itch-relief-shampoo,https://cdn0.woolworths.media/content/wowproductimages/medium/360923.jpg,2020-09-14 19:19:18,,0,,True
Woolworths Supermarket,Pet,Rufus & Coco Bug Off Flea Control Insecticide & Repellent Spray each,360925,$13.84,$9.23 / 100ML,https://www.woolworths.com.au/shop/productdetails/360925/rufus-coco-bug-off-flea-control-insecticide-repellent-spray,https://cdn0.woolworths.media/content/wowproductimages/medium/360925.jpg,2020-09-14 19:19:18,,0,,True
Woolworths Supermarket,Pet,Total Care Tasty Dog Chew Heart+allwormer Medium each,362219,$21.75,$7.25 / 1EA,https://www.woolworths.com.au/shop/productdetails/362219/total-care-tasty-dog-chew-heart-allwormer-medium,https://cdn0.woolworths.media/content/wowproductimages/medium/362219.jpg,2020-09-14 19:19:18,,0,,True
Woolworths Supermarket,Pet,Frankie & Friends Non Skid Small Embossed Dog Bowl each,367806,$6.75,,https://www.woolworths.com.au/shop/productdetails/367806/frankie-friends-non-skid-small-embossed-dog-bowl,https://cdn0.woolworths.media/content/wowproductimages/medium/367806.jpg,2020-09-14 19:19:18,,0,,True
Woolworths Supermarket,Pet,My Dog Fish Sardine & Tuna With Spring Vegetables Dog Food Can 400g,371381,$2.20,$0.55 / 100G,https://www.woolworths.com.au/shop/productdetails/371381/my-dog-fish-sardine-tuna-with-spring-vegetables-dog-food-can,https://cdn0.woolworths.media/content/wowproductimages/medium/371381.jpg,2020-09-14 19:19:18,,0,,True
Woolworths Supermarket,Pet,Exelpet Vet Series Treatment Spot On Flea Large Dog 2 pack,376826,$32.00,$16.00 / 1EA,https://www.woolworths.com.au/shop/productdetails/376826/exelpet-vet-series-treatment-spot-on-flea-large-dog,https://cdn0.woolworths.media/content/wowproductimages/medium/376826.jpg,2020-09-14 19:19:18,,0,,True
Woolworths Supermarket,Pet,Exelpet Vet Series Treatment Spot On Flea Medium Dog 2 pack,376829,$29.00,$14.50 / 1EA,https://www.woolworths.com.au/shop/productdetails/376829/exelpet-vet-series-treatment-spot-on-flea-medium-dog,https://cdn0.woolworths.media/content/wowproductimages/medium/376829.jpg,2020-09-14 19:19:18,,0,,True
Woolworths Supermarket,Pet,Exelpet Vet Series Treatment Spot On Flea Small Dog 2 pack,376836,$28.00,$14.00 / 1EA,https://www.woolworths.com.au/shop/productdetails/376836/exelpet-vet-series-treatment-spot-on-flea-small-dog,https://cdn0.woolworths.media/content/wowproductimages/medium/376836.jpg,2020-09-14 19:19:18,,0,,True
Woolworths Supermarket,Pet,Vitapet Lamb Ears 200g,381110,$17.00,$8.50 / 100G,https://www.woolworths.com.au/shop/productdetails/381110/vitapet-lamb-ears,https://cdn0.woolworths.media/content/wowproductimages/medium/381110.jpg,2020-09-14 19:19:18,,0,,True
Woolworths Supermarket,Pet,Total Care Cuddle Cow each,381296,,,https://www.woolworths.com.au/shop/productdetails/381296/total-care-cuddle-cow,https://cdn0.woolworths.media/content/wowproductimages/medium/381296.jpg,2020-09-14 19:19:18,,0,,False
Woolworths Supermarket,Pet,Rufus & Coco Soft Mesh Harness Small each,381986,$23.50,,https://www.woolworths.com.au/shop/productdetails/381986/rufus-coco-soft-mesh-harness-small,https://cdn0.woolworths.media/content/wowproductimages/medium/381986.jpg,2020-09-14 19:19:18,,0,,True
Woolworths Supermarket,Pet,Rufus & Coco Training Odour Control Wee Away 250ml,381997,,,https://www.woolworths.com.au/shop/productdetails/381997/rufus-coco-training-odour-control-wee-away,https://cdn0.woolworths.media/content/wowproductimages/medium/381997.jpg,2020-09-14 19:19:18,,0,,False
Woolworths Supermarket,Pet,Pedigree Adult With Chicken Dry Dog Food 8kg,382203,$20.00,$0.25 / 100G,https://www.woolworths.com.au/shop/productdetails/382203/pedigree-adult-with-chicken-dry-dog-food,https://cdn0.woolworths.media/content/wowproductimages/medium/382203.jpg,2020-09-14 19:19:18,,0,,True
Woolworths Supermarket,Pet,V.i.p Fussy Cat Grainfree Salmon & White Fish With Oil 500g,382205,$5.00,$1.00 / 100G,https://www.woolworths.com.au/shop/productdetails/382205/v-i-p-fussy-cat-grainfree-salmon-white-fish-with-oil,https://cdn0.woolworths.media/content/wowproductimages/medium/382205.jpg,2020-09-14 19:19:18,,0,,True
Woolworths Supermarket,Pet,V.i.p Fussy Cat Grainfree Chicken Turkey & Cranberry 500g,382206,$5.00,$1.00 / 100G,https://www.woolworths.com.au/shop/productdetails/382206/v-i-p-fussy-cat-grainfree-chicken-turkey-cranberry,https://cdn0.woolworths.media/content/wowproductimages/medium/382206.jpg,2020-09-14 19:19:18,,0,,True
Woolworths Supermarket,Pet,Fancy Feast Cat Food Delights With Turkey & Cheddar Chesse 85g,382713,$1.45,$1.71 / 100G,https://www.woolworths.com.au/shop/productdetails/382713/fancy-feast-cat-food-delights-with-turkey-cheddar-chesse,https://cdn0.woolworths.media/content/wowproductimages/medium/382713.jpg,2020-09-14 19:19:18,,0,10 for $13.00 $1.53/100G,True
Woolworths Supermarket,Pet,Fancy Feast Cat Food Delights With Chicken & Cheddar Cheese 85g,382716,$1.45,$1.71 / 100G,https://www.woolworths.com.au/shop/productdetails/382716/fancy-feast-cat-food-delights-with-chicken-cheddar-cheese,https://cdn0.woolworths.media/content/wowproductimages/medium/382716.jpg,2020-09-14 19:19:18,,0,10 for $13.00 $1.53/100G,True
Woolworths Supermarket,Pet,Fancy Feast Seafood Classic Pate 85g x12 pack,382726,$14.50,$1.42 / 100G,https://www.woolworths.com.au/shop/productdetails/382726/fancy-feast-seafood-classic-pate,https://cdn0.woolworths.media/content/wowproductimages/medium/382726.jpg,2020-09-14 19:19:18,,0,,True
Woolworths Supermarket,Pet,Applaws It's All Good Dry Dog Food Chicken & Turkey 2.7kg,899673,$19.00,$0.70 / 100G,https://www.woolworths.com.au/shop/productdetails/899673/applaws-it-s-all-good-dry-dog-food-chicken-turkey,https://cdn0.woolworths.media/content/wowproductimages/medium/899673.jpg,2020-09-14 19:19:18,,0,,True
Woolworths Supermarket,Pet,Nature's Gift Casserole Kangaroo & Vegetables 700g,793023,$2.00,$0.29 / 100G,https://www.woolworths.com.au/shop/productdetails/793023/nature-s-gift-casserole-kangaroo-vegetables,https://cdn0.woolworths.media/content/wowproductimages/medium/793023.jpg,2020-09-14 19:19:18,,0,Was $2.80 02/10/2017,True
Woolworths Supermarket,Pet,Nature's Gift Meal Time Loaf With Kangaroo Rice & Veg Wet Dog Food 700g,323269,$2.00,$0.29 / 100G,https://www.woolworths.com.au/shop/productdetails/323269/nature-s-gift-meal-time-loaf-with-kangaroo-rice-veg-wet-dog-food,https://cdn0.woolworths.media/content/wowproductimages/medium/323269.jpg,2020-09-14 19:19:18,,0,Was $2.80 02/10/2017,True
Woolworths Supermarket,Pet,Felix As Good As It Looks Ocean Menus 12x85g,844355,$11.50,$1.13 / 100G,https://www.woolworths.com.au/shop/productdetails/844355/felix-as-good-as-it-looks-ocean-menus,https://cdn0.woolworths.media/content/wowproductimages/medium/844355.jpg,2020-09-14 19:19:18,,0,,True
Woolworths Supermarket,Pet,Fussy Cat Grain Free Beef Mince Casserole Wet Cat Food 400g,064194,$1.80,$0.45 / 100G,https://www.woolworths.com.au/shop/productdetails/64194/fussy-cat-grain-free-beef-mince-casserole-wet-cat-food,https://cdn0.woolworths.media/content/wowproductimages/medium/064194.jpg,2020-09-14 19:19:18,,0,4 for $6.00 $0.38/100G,True
Woolworths Supermarket,Pet,Dine Saucy Morsels With Tuna Mornay & Cheese Wet Cat Food Tray 7 pack,477637,$6.00,$1.01 / 100G,https://www.woolworths.com.au/shop/productdetails/477637/dine-saucy-morsels-with-tuna-mornay-cheese-wet-cat-food-tray,https://cdn0.woolworths.media/content/wowproductimages/medium/477637.jpg,2020-09-14 19:19:18,,0,,True
Woolworths Supermarket,Pet,Fussy Cat Grain Free Chicken Mince Casserole Wet Cat Food 400g,067483,$1.80,$0.45 / 100G,https://www.woolworths.com.au/shop/productdetails/67483/fussy-cat-grain-free-chicken-mince-casserole-wet-cat-food,https://cdn0.woolworths.media/content/wowproductimages/medium/067483.jpg,2020-09-14 19:19:18,,0,4 for $6.00 $0.38/100G,True
Woolworths Supermarket,Pet,Nature's Gift Meal Time Loaf Beef Barley & Vegetables Wet Dog Food 700g,071686,$2.00,$0.29 / 100G,https://www.woolworths.com.au/shop/productdetails/71686/nature-s-gift-meal-time-loaf-beef-barley-vegetables-wet-dog-food,https://cdn0.woolworths.media/content/wowproductimages/medium/071686.jpg,2020-09-14 19:19:18,,0,Was $2.80 02/10/2017,True
Woolworths Supermarket,Pet,V.i.p Adult Dog Food Lamb Chunkers 1kg,217233,$4.25,$0.43 / 100G,https://www.woolworths.com.au/shop/productdetails/217233/v-i-p-adult-dog-food-lamb-chunkers,https://cdn0.woolworths.media/content/wowproductimages/medium/217233.jpg,2020-09-14 19:19:18,,0,Was $5.00 12/03/2018,True
Woolworths Supermarket,Pet,Smitten Cat Food Beef Lamb & Vegetables 1kg,481065,$2.80,$0.28 / 100G,https://www.woolworths.com.au/shop/productdetails/481065/smitten-cat-food-beef-lamb-vegetables,https://cdn0.woolworths.media/content/wowproductimages/medium/481065.jpg,2020-09-14 19:19:18,,0,,True
Woolworths Supermarket,Pet,Paws Fresh Gourmet Chunky Mince Chilled Dog Food 600g,355561,$4.50,$0.75 / 100G,https://www.woolworths.com.au/shop/productdetails/355561/paws-fresh-gourmet-chunky-mince-chilled-dog-food,https://cdn0.woolworths.media/content/wowproductimages/medium/355561.jpg,2020-09-14 19:19:18,,0,,True
Woolworths Supermarket,Pet,Dentalife Chicken Cat Treats 51g,693437,$3.00,$5.88 / 100G,https://www.woolworths.com.au/shop/productdetails/693437/dentalife-chicken-cat-treats,https://cdn0.woolworths.media/content/wowproductimages/medium/693437.jpg,2020-09-14 19:19:18,,0,,True
Woolworths Supermarket,Pet,V.i.p Adult Dog Food Chicken Chunkers 1kg,158895,$4.25,$0.43 / 100G,https://www.woolworths.com.au/shop/productdetails/158895/v-i-p-adult-dog-food-chicken-chunkers,https://cdn0.woolworths.media/content/wowproductimages/medium/158895.jpg,2020-09-14 19:19:18,,0,Was $5.00 12/03/2018,True
Woolworths Supermarket,Pet,Felix Meat Menus In Jelly 85g x27 pack,020725,$25.00,$1.09 / 100G,https://www.woolworths.com.au/shop/productdetails/20725/felix-meat-menus-in-jelly,https://cdn0.woolworths.media/content/wowproductimages/medium/020725.jpg,2020-09-14 19:19:18,,0,,True
Woolworths Supermarket,Pet,V.i.p Fussycat Steak Mince 450g,211232,$5.30,$1.18 / 100G,https://www.woolworths.com.au/shop/productdetails/211232/v-i-p-fussycat-steak-mince,https://cdn0.woolworths.media/content/wowproductimages/medium/211232.jpg,2020-09-14 19:19:18,,0,,True
Woolworths Supermarket,Pet,Smitten Cat Food Chicken Salmon & Tuna 1kg,481087,$2.80,$0.28 / 100G,https://www.woolworths.com.au/shop/productdetails/481087/smitten-cat-food-chicken-salmon-tuna,https://cdn0.woolworths.media/content/wowproductimages/medium/481087.jpg,2020-09-14 19:19:18,,0,,True
Woolworths Supermarket,Pet,Fussy Cat Grain Free Chicken & Turkey With Cranberry Wet Cat Food 400g,810160,$1.80,$0.45 / 100G,https://www.woolworths.com.au/shop/productdetails/810160/fussy-cat-grain-free-chicken-turkey-with-cranberry-wet-cat-food,https://cdn0.woolworths.media/content/wowproductimages/medium/810160.jpg,2020-09-14 19:19:18,,0,4 for $6.00 $0.38/100G,True
Woolworths Supermarket,Pet,Smitten Cat Food Mince Beef 400g,481178,$0.85,$0.21 / 100G,https://www.woolworths.com.au/shop/productdetails/481178/smitten-cat-food-mince-beef,https://cdn0.woolworths.media/content/wowproductimages/medium/481178.jpg,2020-09-14 19:19:18,Average product rating out of 5: 3.5. Product score is based on 272 ratings,272,,True
Woolworths Supermarket,Pet,Nature's Gift Meal Time Loaf Duck & Vegetables Dog Food 700g,657013,$2.00,$0.29 / 100G,https://www.woolworths.com.au/shop/productdetails/657013/nature-s-gift-meal-time-loaf-duck-vegetables-dog-food,https://cdn0.woolworths.media/content/wowproductimages/medium/657013.jpg,2020-09-14 19:19:18,,0,,True
Woolworths Supermarket,Pet,"Baxter's Dog Food Casserole Chicken, Rice & Veg 700g",480256,$1.50,$0.21 / 100G,https://www.woolworths.com.au/shop/productdetails/480256/baxter-s-dog-food-casserole-chicken-rice-veg,https://cdn0.woolworths.media/content/wowproductimages/medium/480256.jpg,2020-09-14 19:19:18,,0,,True
Woolworths Supermarket,Pet,Applaws Duck & Venison Dry Dog Food 2.7kg,414916,$19.00,$0.70 / 100G,https://www.woolworths.com.au/shop/productdetails/414916/applaws-duck-venison-dry-dog-food,https://cdn0.woolworths.media/content/wowproductimages/medium/414916.jpg,2020-09-14 19:19:18,,0,,True
Woolworths Supermarket,Pet,Lucky Dog Bones Original 800g,433643,$4.50,$0.56 / 100G,https://www.woolworths.com.au/shop/productdetails/433643/lucky-dog-bones-original,https://cdn0.woolworths.media/content/wowproductimages/medium/433643.jpg,2020-09-14 19:19:18,,0,Was $4.99 30/09/2019,True
Woolworths Supermarket,Pet,Lucky Dog Mini Bones Beef/bacon 800g,433644,$4.50,$0.56 / 100G,https://www.woolworths.com.au/shop/productdetails/433644/lucky-dog-mini-bones-beef-bacon,https://cdn0.woolworths.media/content/wowproductimages/medium/433644.jpg,2020-09-14 19:19:18,,0,Was $4.99 30/09/2019,True
Woolworths Supermarket,Pet,Nature's Gift Adult Dog Strips Gravy Style With Kangaroo In Gravy 100g,434516,$1.00,$1.00 / 100G,https://www.woolworths.com.au/shop/productdetails/434516/nature-s-gift-adult-dog-strips-gravy-style-with-kangaroo-in-gravy,https://cdn0.woolworths.media/content/wowproductimages/medium/434516.jpg,2020-09-14 19:19:18,,0,Was $1.20 02/10/2017,True
Woolworths Supermarket,Pet,Nature's Gift Adult Dog Strips Gravy Style Chicken With Carrot & Peas 100g,434557,$1.00,$1.00 / 100G,https://www.woolworths.com.au/shop/productdetails/434557/nature-s-gift-adult-dog-strips-gravy-style-chicken-with-carrot-peas,https://cdn0.woolworths.media/content/wowproductimages/medium/434557.jpg,2020-09-14 19:19:18,,0,Was $1.20 02/10/2017,True
Woolworths Supermarket,Pet,Sensations Cat Food Fishy Selection 1020g,477589,$11.50,$1.13 / 100G,https://www.woolworths.com.au/shop/productdetails/477589/sensations-cat-food-fishy-selection,https://cdn0.woolworths.media/content/wowproductimages/medium/477589.jpg,2020-09-14 19:19:18,,0,,True
Woolworths Supermarket,Pet,Sensations Cat Food Favourites Menu 12x85g,477601,$11.50,$1.13 / 100G,https://www.woolworths.com.au/shop/productdetails/477601/sensations-cat-food-favourites-menu,https://cdn0.woolworths.media/content/wowproductimages/medium/477601.jpg,2020-09-14 19:19:18,,0,,True
Woolworths Supermarket,Pet,Sensations Cat Food Meaty Selection 1020g,477604,$11.50,$1.13 / 100G,https://www.woolworths.com.au/shop/productdetails/477604/sensations-cat-food-meaty-selection,https://cdn0.woolworths.media/content/wowproductimages/medium/477604.jpg,2020-09-14 19:19:18,,0,,True
Woolworths Supermarket,Pet,Dine Wet Cat Food Slices With Succulent Chicken Tray 7 pack,477608,$6.00,$1.01 / 100G,https://www.woolworths.com.au/shop/productdetails/477608/dine-wet-cat-food-slices-with-succulent-chicken-tray,https://cdn0.woolworths.media/content/wowproductimages/medium/477608.jpg,2020-09-14 19:19:18,,0,,True
Woolworths Supermarket,Pet,Dine Saucy Morsels With Tuna Mornay & Cheese Wet Cat Food Tray 7 pack,477637,$6.00,$1.01 / 100G,https://www.woolworths.com.au/shop/productdetails/477637/dine-saucy-morsels-with-tuna-mornay-cheese-wet-cat-food-tray,https://cdn0.woolworths.media/content/wowproductimages/medium/477637.jpg,2020-09-14 19:19:18,,0,,True
Woolworths Supermarket,Pet,V.i.p Fussy Cat Salmon & Whitefish With Olive Oil 2.5kg,478375,$19.99,$0.80 / 100G,https://www.woolworths.com.au/shop/productdetails/478375/v-i-p-fussy-cat-salmon-whitefish-with-olive-oil,https://cdn0.woolworths.media/content/wowproductimages/medium/478375.jpg,2020-09-14 19:19:18,,0,,True
Woolworths Supermarket,Pet,V.i.p Fussy Cat Grain Free Chicken & Turkey With Cranberries 2.5kg,478381,$19.99,$0.80 / 100G,https://www.woolworths.com.au/shop/productdetails/478381/v-i-p-fussy-cat-grain-free-chicken-turkey-with-cranberries,https://cdn0.woolworths.media/content/wowproductimages/medium/478381.jpg,2020-09-14 19:19:18,,0,,True
Woolworths Supermarket,Pet,Dine Finest Serve With Poultry Selection In Gravy Mini Pouch 6 pack,479495,$4.80,$1.60 / 100G,https://www.woolworths.com.au/shop/productdetails/479495/dine-finest-serve-with-poultry-selection-in-gravy-mini-pouch,https://cdn0.woolworths.media/content/wowproductimages/medium/479495.jpg,2020-09-14 19:19:18,,0,,True
Woolworths Supermarket,Pet,Dine Finest Serve Mixed Selection In Gravy Mini Pouch 6 pack,479496,$4.80,$1.60 / 100G,https://www.woolworths.com.au/shop/productdetails/479496/dine-finest-serve-mixed-selection-in-gravy-mini-pouch,https://cdn0.woolworths.media/content/wowproductimages/medium/479496.jpg,2020-09-14 19:19:18,,0,,True
Woolworths Supermarket,Pet,Your Majesty Cat Food Fine Tuna Flakes 85g,480224,$0.70,$0.82 / 100G,https://www.woolworths.com.au/shop/productdetails/480224/your-majesty-cat-food-fine-tuna-flakes,https://cdn0.woolworths.media/content/wowproductimages/medium/480224.jpg,2020-09-14 19:19:18,,0,,True
Woolworths Supermarket,Pet,Your Majesty Cat Food Tender Tuna Chunks 85g,480225,$0.70,$0.82 / 100G,https://www.woolworths.com.au/shop/productdetails/480225/your-majesty-cat-food-tender-tuna-chunks,https://cdn0.woolworths.media/content/wowproductimages/medium/480225.jpg,2020-09-14 19:19:18,,0,,True
Woolworths Supermarket,Pet,Baxter's Dog Food Puppy Loaf Chicken & Rice 700g,480251,$1.50,$0.21 / 100G,https://www.woolworths.com.au/shop/productdetails/480251/baxter-s-dog-food-puppy-loaf-chicken-rice,https://cdn0.woolworths.media/content/wowproductimages/medium/480251.jpg,2020-09-14 19:19:18,,0,,True
Woolworths Supermarket,Pet,Your Majesty Cat Food Shredded Chicken Fillet 85g,480252,$0.70,$0.82 / 100G,https://www.woolworths.com.au/shop/productdetails/480252/your-majesty-cat-food-shredded-chicken-fillet,https://cdn0.woolworths.media/content/wowproductimages/medium/480252.jpg,2020-09-14 19:19:18,,0,,True
Woolworths Supermarket,Pet,Your Majesty Cat Food Chicken Fillet & Shredded Beef 85g,480254,$0.70,$0.82 / 100G,https://www.woolworths.com.au/shop/productdetails/480254/your-majesty-cat-food-chicken-fillet-shredded-beef,https://cdn0.woolworths.media/content/wowproductimages/medium/480254.jpg,2020-09-14 19:19:18,,0,,True
Woolworths Supermarket,Pet,"Baxter's Dog Food Casserole Lamb, Pasta & Veg 700g",480257,$1.50,$0.21 / 100G,https://www.woolworths.com.au/shop/productdetails/480257/baxter-s-dog-food-casserole-lamb-pasta-veg,https://cdn0.woolworths.media/content/wowproductimages/medium/480257.jpg,2020-09-14 19:19:18,,0,,True
Woolworths Supermarket,Pet,Baxter's Dog Food Loaf Five Meats 700g,480280,$1.50,$0.21 / 100G,https://www.woolworths.com.au/shop/productdetails/480280/baxter-s-dog-food-loaf-five-meats,https://cdn0.woolworths.media/content/wowproductimages/medium/480280.jpg,2020-09-14 19:19:18,,0,,True
Woolworths Supermarket,Pet,"Baxter's Dog Food Loaf Chicken, Turkey & Veg 700g",480281,$1.50,$0.21 / 100G,https://www.woolworths.com.au/shop/productdetails/480281/baxter-s-dog-food-loaf-chicken-turkey-veg,https://cdn0.woolworths.media/content/wowproductimages/medium/480281.jpg,2020-09-14 19:19:18,,0,,True
Woolworths Supermarket,Pet,"Baxter's Dog Food Senior Cass Beef, Pasta & Vege 700g",480284,$1.50,$0.21 / 100G,https://www.woolworths.com.au/shop/productdetails/480284/baxter-s-dog-food-senior-cass-beef-pasta-vege,https://cdn0.woolworths.media/content/wowproductimages/medium/480284.jpg,2020-09-14 19:19:18,,0,,True
Woolworths Supermarket,Pet,"Baxter's Dog Food Casserole Lamb, Pasta & Veg 1.2kg",480930,$2.40,$0.20 / 100G,https://www.woolworths.com.au/shop/productdetails/480930/baxter-s-dog-food-casserole-lamb-pasta-veg,https://cdn0.woolworths.media/content/wowproductimages/medium/480930.jpg,2020-09-14 19:19:18,,0,,True
Woolworths Supermarket,Pet,Fussy Cat Grain Free Beef Mince Casserole Wet Cat Food 400g,064194,$1.80,$0.45 / 100G,https://www.woolworths.com.au/shop/productdetails/64194/fussy-cat-grain-free-beef-mince-casserole-wet-cat-food,https://cdn0.woolworths.media/content/wowproductimages/medium/064194.jpg,2020-09-14 19:19:18,,0,4 for $6.00 $0.38/100G,True
Woolworths Supermarket,Pet,Purina One Adult Cat Formula With Salmon & Tuna 1.5kg,852609,$12.00,$0.80 / 100G,https://www.woolworths.com.au/shop/productdetails/852609/purina-one-adult-cat-formula-with-salmon-tuna,https://cdn0.woolworths.media/content/wowproductimages/medium/852609.jpg,2020-09-14 19:19:18,,0,Was $14.00 17/07/2017,True
Woolworths Supermarket,Pet,Whiskas 1+ Years Favourites With Beef In Jelly Wet Cat Food Pouch 85g x12 pack,625159,$8.00,$0.78 / 100G,https://www.woolworths.com.au/shop/productdetails/625159/whiskas-1-years-favourites-with-beef-in-jelly-wet-cat-food-pouch,https://cdn0.woolworths.media/content/wowproductimages/medium/625159.jpg,2020-09-14 19:19:18,,0,,True
Woolworths Supermarket,Pet,Dine Saucy Morsels With Tuna Mornay & Cheese Wet Cat Food Tray 7 pack,477637,$6.00,$1.01 / 100G,https://www.woolworths.com.au/shop/productdetails/477637/dine-saucy-morsels-with-tuna-mornay-cheese-wet-cat-food-tray,https://cdn0.woolworths.media/content/wowproductimages/medium/477637.jpg,2020-09-14 19:19:18,,0,,True
Woolworths Supermarket,Pet,Dentalife Chicken Cat Treats 51g,693437,$3.00,$5.88 / 100G,https://www.woolworths.com.au/shop/productdetails/693437/dentalife-chicken-cat-treats,https://cdn0.woolworths.media/content/wowproductimages/medium/693437.jpg,2020-09-14 19:19:18,,0,,True
Woolworths Supermarket,Pet,V.i.p Adult Dog Food Lamb Chunkers 1kg,217233,$4.25,$0.43 / 100G,https://www.woolworths.com.au/shop/productdetails/217233/v-i-p-adult-dog-food-lamb-chunkers,https://cdn0.woolworths.media/content/wowproductimages/medium/217233.jpg,2020-09-14 19:19:18,,0,Was $5.00 12/03/2018,True
Woolworths Supermarket,Pet,Applaws It's All Good Dry Dog Food Chicken & Turkey 2.7kg,899673,$19.00,$0.70 / 100G,https://www.woolworths.com.au/shop/productdetails/899673/applaws-it-s-all-good-dry-dog-food-chicken-turkey,https://cdn0.woolworths.media/content/wowproductimages/medium/899673.jpg,2020-09-14 19:19:18,,0,,True
Woolworths Supermarket,Pet,Nature's Gift Casserole Kangaroo & Vegetables 700g,793023,$2.00,$0.29 / 100G,https://www.woolworths.com.au/shop/productdetails/793023/nature-s-gift-casserole-kangaroo-vegetables,https://cdn0.woolworths.media/content/wowproductimages/medium/793023.jpg,2020-09-14 19:19:18,,0,Was $2.80 02/10/2017,True
Woolworths Supermarket,Pet,V.i.p Adult Dog Food Chicken Chunkers 1kg,158895,$4.25,$0.43 / 100G,https://www.woolworths.com.au/shop/productdetails/158895/v-i-p-adult-dog-food-chicken-chunkers,https://cdn0.woolworths.media/content/wowproductimages/medium/158895.jpg,2020-09-14 19:19:18,,0,Was $5.00 12/03/2018,True
Woolworths Supermarket,Pet,Paws Fresh Gourmet Chunky Mince Chilled Dog Food 600g,355561,$4.50,$0.75 / 100G,https://www.woolworths.com.au/shop/productdetails/355561/paws-fresh-gourmet-chunky-mince-chilled-dog-food,https://cdn0.woolworths.media/content/wowproductimages/medium/355561.jpg,2020-09-14 19:19:18,,0,,True
Woolworths Supermarket,Pet,Felix As Good As It Looks Ocean Menus 12x85g,844355,$11.50,$1.13 / 100G,https://www.woolworths.com.au/shop/productdetails/844355/felix-as-good-as-it-looks-ocean-menus,https://cdn0.woolworths.media/content/wowproductimages/medium/844355.jpg,2020-09-14 19:19:18,,0,,True
Woolworths Supermarket,Pet,Felix Meat Menus In Jelly 85g x27 pack,020725,$25.00,$1.09 / 100G,https://www.woolworths.com.au/shop/productdetails/20725/felix-meat-menus-in-jelly,https://cdn0.woolworths.media/content/wowproductimages/medium/020725.jpg,2020-09-14 19:19:18,,0,,True
Woolworths Supermarket,Pet,Natures Goodness Adult Dog Food Turkey With Vegetables 2.15kg,741258,$4.50,$0.21 / 100G,https://www.woolworths.com.au/shop/productdetails/741258/natures-goodness-adult-dog-food-turkey-with-vegetables,https://cdn0.woolworths.media/content/wowproductimages/medium/741258.jpg,2020-09-14 19:19:18,,0,,True
Woolworths Supermarket,Pet,Supercoat Adult Dog Food Healthy Weight 7.5kg,516951,$29.00,$0.39 / 100G,https://www.woolworths.com.au/shop/productdetails/516951/supercoat-adult-dog-food-healthy-weight,https://cdn0.woolworths.media/content/wowproductimages/medium/516951.jpg,2020-09-14 19:19:18,,0,3 for $58.50 $0.26/100G,True
Woolworths Supermarket,Pet,V.i.p Fussycat Steak Mince 450g,211232,$5.30,$1.18 / 100G,https://www.woolworths.com.au/shop/productdetails/211232/v-i-p-fussycat-steak-mince,https://cdn0.woolworths.media/content/wowproductimages/medium/211232.jpg,2020-09-14 19:19:18,,0,,True
Woolworths Supermarket,Pet,Nature's Gift Meal Time Loaf Duck & Vegetables Dog Food 700g,657013,$2.00,$0.29 / 100G,https://www.woolworths.com.au/shop/productdetails/657013/nature-s-gift-meal-time-loaf-duck-vegetables-dog-food,https://cdn0.woolworths.media/content/wowproductimages/medium/657013.jpg,2020-09-14 19:19:18,,0,,True
Woolworths Supermarket,Pet,Schmackos Strapz Variety Pack Chicken Liver & Beef Dog Treats 500g,657197,$12.90,$2.58 / 100G,https://www.woolworths.com.au/shop/productdetails/657197/schmackos-strapz-variety-pack-chicken-liver-beef-dog-treats,https://cdn0.woolworths.media/content/wowproductimages/medium/657197.jpg,2020-09-14 19:19:18,,0,,True
Woolworths Supermarket,Pet,Smitten Cat Food Mince Beef 400g,481178,$0.85,$0.21 / 100G,https://www.woolworths.com.au/shop/productdetails/481178/smitten-cat-food-mince-beef,https://cdn0.woolworths.media/content/wowproductimages/medium/481178.jpg,2020-09-14 19:19:18,Average product rating out of 5: 3.5. Product score is based on 272 ratings,272,,True
Woolworths Supermarket,Pet,Nature's Gift Meal Time Loaf Beef Barley & Vegetables Wet Dog Food 700g,071686,$2.00,$0.29 / 100G,https://www.woolworths.com.au/shop/productdetails/71686/nature-s-gift-meal-time-loaf-beef-barley-vegetables-wet-dog-food,https://cdn0.woolworths.media/content/wowproductimages/medium/071686.jpg,2020-09-14 19:19:18,,0,Was $2.80 02/10/2017,True
Woolworths Supermarket,Pet,Nature's Gift Meal Time Loaf With Kangaroo Rice & Veg Wet Dog Food 700g,323269,$2.00,$0.29 / 100G,https://www.woolworths.com.au/shop/productdetails/323269/nature-s-gift-meal-time-loaf-with-kangaroo-rice-veg-wet-dog-food,https://cdn0.woolworths.media/content/wowproductimages/medium/323269.jpg,2020-09-14 19:19:18,,0,Was $2.80 02/10/2017,True
Woolworths Supermarket,Pet,Baxter's Dog Food Casserole Chicken. Rice & Veg 1.2kg,480931,$2.40,$0.20 / 100G,https://www.woolworths.com.au/shop/productdetails/480931/baxter-s-dog-food-casserole-chicken-rice-veg,https://cdn0.woolworths.media/content/wowproductimages/medium/480931.jpg,2020-09-14 19:19:18,,0,,True
Woolworths Supermarket,Pet,Baxter's Dog Food Loaf Five Meats 1.2kg,480933,$2.40,$0.20 / 100G,https://www.woolworths.com.au/shop/productdetails/480933/baxter-s-dog-food-loaf-five-meats,https://cdn0.woolworths.media/content/wowproductimages/medium/480933.jpg,2020-09-14 19:19:18,,0,,True
Woolworths Supermarket,Pet,Baxter's Dog Food Puppy Chicken & Rice 3kg,480934,$6.00,$0.20 / 100G,https://www.woolworths.com.au/shop/productdetails/480934/baxter-s-dog-food-puppy-chicken-rice,https://cdn0.woolworths.media/content/wowproductimages/medium/480934.jpg,2020-09-14 19:19:18,,0,,True
Woolworths Supermarket,Pet,Baxter's Dog Food Small Breed Beef & Vegetables 3kg,480935,$6.00,$0.20 / 100G,https://www.woolworths.com.au/shop/productdetails/480935/baxter-s-dog-food-small-breed-beef-vegetables,https://cdn0.woolworths.media/content/wowproductimages/medium/480935.jpg,2020-09-14 19:19:18,,0,,True
Woolworths Supermarket,Pet,Baxter's Dog Food Chicken & Rice 3kg,480936,$6.00,$0.20 / 100G,https://www.woolworths.com.au/shop/productdetails/480936/baxter-s-dog-food-chicken-rice,https://cdn0.woolworths.media/content/wowproductimages/medium/480936.jpg,2020-09-14 19:19:18,,0,,True
Woolworths Supermarket,Pet,Baxter's Dog Food Senior Turkey 3kg,480937,$6.00,$0.20 / 100G,https://www.woolworths.com.au/shop/productdetails/480937/baxter-s-dog-food-senior-turkey,https://cdn0.woolworths.media/content/wowproductimages/medium/480937.jpg,2020-09-14 19:19:18,,0,,True
Woolworths Supermarket,Pet,Baxter's Dog Food Beef & Vegetables 8kg,480938,$13.00,$0.16 / 100G,https://www.woolworths.com.au/shop/productdetails/480938/baxter-s-dog-food-beef-vegetables,https://cdn0.woolworths.media/content/wowproductimages/medium/480938.jpg,2020-09-14 19:19:18,,0,,True
Woolworths Supermarket,Pet,Baxter's Dog Food Chicken & Vegetables 8kg,480939,$13.00,$0.16 / 100G,https://www.woolworths.com.au/shop/productdetails/480939/baxter-s-dog-food-chicken-vegetables,https://cdn0.woolworths.media/content/wowproductimages/medium/480939.jpg,2020-09-14 19:19:18,,0,,True
Woolworths Supermarket,Pet,Smitten Cat Food Beef Lamb & Vegetables 1kg,481065,$2.80,$0.28 / 100G,https://www.woolworths.com.au/shop/productdetails/481065/smitten-cat-food-beef-lamb-vegetables,https://cdn0.woolworths.media/content/wowproductimages/medium/481065.jpg,2020-09-14 19:19:18,,0,,True
Woolworths Supermarket,Pet,Smitten Cat Milk 250ml 3pk,481067,$4.00,$0.53 / 100ML,https://www.woolworths.com.au/shop/productdetails/481067/smitten-cat-milk,https://cdn0.woolworths.media/content/wowproductimages/medium/481067.jpg,2020-09-14 19:19:18,,0,,True
Woolworths Supermarket,Pet,Smitten Cat Food Sardine Tuna & Prawn 1kg,481068,$2.80,$0.28 / 100G,https://www.woolworths.com.au/shop/productdetails/481068/smitten-cat-food-sardine-tuna-prawn,https://cdn0.woolworths.media/content/wowproductimages/medium/481068.jpg,2020-09-14 19:19:18,,0,,True
Woolworths Supermarket,Pet,Baxter's Puppy Milk 1l,481072,$3.30,$0.33 / 100ML,https://www.woolworths.com.au/shop/productdetails/481072/baxter-s-puppy-milk,https://cdn0.woolworths.media/content/wowproductimages/medium/481072.jpg,2020-09-14 19:19:18,,0,,True
Woolworths Supermarket,Pet,Baxter's Straps Beef 250g,481073,$4.00,$1.60 / 100G,https://www.woolworths.com.au/shop/productdetails/481073/baxter-s-straps-beef,https://cdn0.woolworths.media/content/wowproductimages/medium/481073.jpg,2020-09-14 19:19:18,,0,Was $4.50 17/07/2017,True
Woolworths Supermarket,Pet,Baxter's Straps Kangaroo 500g,481075,$7.00,$1.40 / 100G,https://www.woolworths.com.au/shop/productdetails/481075/baxter-s-straps-kangaroo,https://cdn0.woolworths.media/content/wowproductimages/medium/481075.jpg,2020-09-14 19:19:18,,0,Was $8.80 10/07/2017,True
Woolworths Supermarket,Pet,Baxter's Straps Beef 500g,481077,$7.00,$1.40 / 100G,https://www.woolworths.com.au/shop/productdetails/481077/baxter-s-straps-beef,https://cdn0.woolworths.media/content/wowproductimages/medium/481077.jpg,2020-09-14 19:19:18,,0,Was $8.80 10/07/2017,True
Woolworths Supermarket,Pet,Smitten Kitten Food Chicken Mince 400g,481086,$0.85,$0.21 / 100G,https://www.woolworths.com.au/shop/productdetails/481086/smitten-kitten-food-chicken-mince,https://cdn0.woolworths.media/content/wowproductimages/medium/481086.jpg,2020-09-14 19:19:18,Average product rating out of 5: 3.6. Product score is based on 571 ratings,571,,True
Woolworths Supermarket,Pet,Smitten Cat Food Chicken Salmon & Tuna 1kg,481087,$2.80,$0.28 / 100G,https://www.woolworths.com.au/shop/productdetails/481087/smitten-cat-food-chicken-salmon-tuna,https://cdn0.woolworths.media/content/wowproductimages/medium/481087.jpg,2020-09-14 19:19:18,,0,,True
Woolworths Supermarket,Pet,Smitten Kitten Food Chicken & Tuna 1kg,481088,$2.80,$0.28 / 100G,https://www.woolworths.com.au/shop/productdetails/481088/smitten-kitten-food-chicken-tuna,https://cdn0.woolworths.media/content/wowproductimages/medium/481088.jpg,2020-09-14 19:19:18,,0,,True
Woolworths Supermarket,Pet,Baxter's Liver Treats 100g,481124,$4.00,$4.00 / 100G,https://www.woolworths.com.au/shop/productdetails/481124/baxter-s-liver-treats,https://cdn0.woolworths.media/content/wowproductimages/medium/481124.jpg,2020-09-14 19:19:18,,0,,True
Woolworths Supermarket,Pet,Apollo Dog Food Succulent Chicken 100g,481161,$0.80,$0.80 / 100G,https://www.woolworths.com.au/shop/productdetails/481161/apollo-dog-food-succulent-chicken,https://cdn0.woolworths.media/content/wowproductimages/medium/481161.jpg,2020-09-14 19:19:18,,0,,True
Woolworths Supermarket,Pet,Apollo Dog Food Traditional Lamb 100g,481162,$0.80,$0.80 / 100G,https://www.woolworths.com.au/shop/productdetails/481162/apollo-dog-food-traditional-lamb,https://cdn0.woolworths.media/content/wowproductimages/medium/481162.jpg,2020-09-14 19:19:18,,0,,True
Woolworths Supermarket,Pet,Apollo Adult Dog Food Gourmet Beef 100g,481163,$0.80,$0.80 / 100G,https://www.woolworths.com.au/shop/productdetails/481163/apollo-adult-dog-food-gourmet-beef,https://cdn0.woolworths.media/content/wowproductimages/medium/481163.jpg,2020-09-14 19:19:18,,0,,True
Woolworths Supermarket,Pet,Apollo Adult Dog Food Tasty Chicken & Cheese 100g,481164,$0.80,$0.80 / 100G,https://www.woolworths.com.au/shop/productdetails/481164/apollo-adult-dog-food-tasty-chicken-cheese,https://cdn0.woolworths.media/content/wowproductimages/medium/481164.jpg,2020-09-14 19:19:18,,0,,True
Woolworths Supermarket,Pet,Apollo Dog Food Senior Chicken & Turkey 100g,481165,$0.80,$0.80 / 100G,https://www.woolworths.com.au/shop/productdetails/481165/apollo-dog-food-senior-chicken-turkey,https://cdn0.woolworths.media/content/wowproductimages/medium/481165.jpg,2020-09-14 19:19:18,,0,,True
Woolworths Supermarket,Pet,Felix Meat Menus In Jelly 85g x27 pack,020725,$25.00,$1.09 / 100G,https://www.woolworths.com.au/shop/productdetails/20725/felix-meat-menus-in-jelly,https://cdn0.woolworths.media/content/wowproductimages/medium/020725.jpg,2020-09-14 19:19:18,,0,,True
Woolworths Supermarket,Pet,Dentalife Chicken Cat Treats 51g,693437,$3.00,$5.88 / 100G,https://www.woolworths.com.au/shop/productdetails/693437/dentalife-chicken-cat-treats,https://cdn0.woolworths.media/content/wowproductimages/medium/693437.jpg,2020-09-14 19:19:18,,0,,True
Woolworths Supermarket,Pet,Essentials Dog Food Lamb 1.2kg,201207,$1.79,$0.15 / 100G,https://www.woolworths.com.au/shop/productdetails/201207/essentials-dog-food-lamb,https://cdn0.woolworths.media/content/wowproductimages/medium/201207.jpg,2020-09-14 19:19:18,,0,,True
Woolworths Supermarket,Pet,Paws Fresh Gourmet Chunky Mince Chilled Dog Food 600g,355561,$4.50,$0.75 / 100G,https://www.woolworths.com.au/shop/productdetails/355561/paws-fresh-gourmet-chunky-mince-chilled-dog-food,https://cdn0.woolworths.media/content/wowproductimages/medium/355561.jpg,2020-09-14 19:19:18,,0,,True
Woolworths Supermarket,Pet,Smitten Cat Food Sardine Tuna & Prawn 1kg,481068,$2.80,$0.28 / 100G,https://www.woolworths.com.au/shop/productdetails/481068/smitten-cat-food-sardine-tuna-prawn,https://cdn0.woolworths.media/content/wowproductimages/medium/481068.jpg,2020-09-14 19:19:18,,0,,True
Woolworths Supermarket,Pet,Whiskas 1+ Years Favourites Tuna In Jelly Wet Cat Food Pouch 85g x12 pack,625692,$8.00,$0.78 / 100G,https://www.woolworths.com.au/shop/productdetails/625692/whiskas-1-years-favourites-tuna-in-jelly-wet-cat-food-pouch,https://cdn0.woolworths.media/content/wowproductimages/medium/625692.jpg,2020-09-14 19:19:18,,0,,True
Woolworths Supermarket,Pet,Friskies Indoor Delights 1kg,847696,$4.00,$0.40 / 100G,https://www.woolworths.com.au/shop/productdetails/847696/friskies-indoor-delights,https://cdn0.woolworths.media/content/wowproductimages/medium/847696.jpg,2020-09-14 19:19:18,,0,Was $4.49 14/11/16,True
Woolworths Supermarket,Pet,Fancy Feast Medleys Wild Salmon Florentine 85g,327228,$1.75,$2.06 / 100G,https://www.woolworths.com.au/shop/productdetails/327228/fancy-feast-medleys-wild-salmon-florentine,https://cdn0.woolworths.media/content/wowproductimages/medium/327228.jpg,2020-09-14 19:19:18,,0,,True
Woolworths Supermarket,Pet,Fancy Feast Cat Food Gravy Lovers Beef 85g,360616,$1.45,$1.71 / 100G,https://www.woolworths.com.au/shop/productdetails/360616/fancy-feast-cat-food-gravy-lovers-beef,https://cdn0.woolworths.media/content/wowproductimages/medium/360616.jpg,2020-09-14 19:19:18,,0,10 for $13.00 $1.53/100G,True
Woolworths Supermarket,Pet,"Baxter's Dog Food Casserole Chicken, Rice & Veg 700g",480256,$1.50,$0.21 / 100G,https://www.woolworths.com.au/shop/productdetails/480256/baxter-s-dog-food-casserole-chicken-rice-veg,https://cdn0.woolworths.media/content/wowproductimages/medium/480256.jpg,2020-09-14 19:19:18,,0,,True
Woolworths Supermarket,Pet,Smitten Cat Food Mince Chicken & Turkey 400g,481179,$0.85,$0.21 / 100G,https://www.woolworths.com.au/shop/productdetails/481179/smitten-cat-food-mince-chicken-turkey,https://cdn0.woolworths.media/content/wowproductimages/medium/481179.jpg,2020-09-14 19:19:18,,0,,True
Woolworths Supermarket,Pet,Frankie & Friends Wild Bird Food 10kg,204524,$17.50,$0.18 / 100G,https://www.woolworths.com.au/shop/productdetails/204524/frankie-friends-wild-bird-food,https://cdn0.woolworths.media/content/wowproductimages/medium/204524.jpg,2020-09-14 19:19:18,,0,,True
Woolworths Supermarket,Pet,Smitten Kitten Food Chicken & Tuna 1kg,481088,$2.80,$0.28 / 100G,https://www.woolworths.com.au/shop/productdetails/481088/smitten-kitten-food-chicken-tuna,https://cdn0.woolworths.media/content/wowproductimages/medium/481088.jpg,2020-09-14 19:19:18,,0,,True
Woolworths Supermarket,Pet,Friskies Seafood Sensations 2.5kg,847745,$9.00,$0.36 / 100G,https://www.woolworths.com.au/shop/productdetails/847745/friskies-seafood-sensations,https://cdn0.woolworths.media/content/wowproductimages/medium/847745.jpg,2020-09-14 19:19:18,,0,,True
Woolworths Supermarket,Pet,Friskies Seven Dry Cat Food Adult 1kg,624760,$4.00,$0.40 / 100G,https://www.woolworths.com.au/shop/productdetails/624760/friskies-seven-dry-cat-food-adult,https://cdn0.woolworths.media/content/wowproductimages/medium/624760.jpg,2020-09-14 19:19:18,,0,Was $4.49 14/11/2016,True
Woolworths Supermarket,Pet,Fancy Feast Adult Cat Food Grilled Chicken Prime Fillet 85g,179506,$1.45,$1.71 / 100G,https://www.woolworths.com.au/shop/productdetails/179506/fancy-feast-adult-cat-food-grilled-chicken-prime-fillet,https://cdn0.woolworths.media/content/wowproductimages/medium/179506.jpg,2020-09-14 19:19:18,,0,10 for $13.00 $1.53/100G,True
Woolworths Supermarket,Pet,Total Care Diamante Cat Collar each,360800,$7.99,,https://www.woolworths.com.au/shop/productdetails/360800/total-care-diamante-cat-collar,https://cdn0.woolworths.media/content/wowproductimages/medium/360800.jpg,2020-09-14 19:19:18,,0,,True
Woolworths Supermarket,Pet,Gourmet Delight Ocean Delights 80g x12 pack,065712,$8.00,$0.83 / 100G,https://www.woolworths.com.au/shop/productdetails/65712/gourmet-delight-ocean-delights,https://cdn0.woolworths.media/content/wowproductimages/medium/065712.jpg,2020-09-14 19:19:18,,0,,True
Woolworths Supermarket,Pet,Fancy Feast Savoury Salmon 85g,268308,$1.45,$1.71 / 100G,https://www.woolworths.com.au/shop/productdetails/268308/fancy-feast-savoury-salmon,https://cdn0.woolworths.media/content/wowproductimages/medium/268308.jpg,2020-09-14 19:19:18,,0,10 for $13.00 $1.53/100G,True
Woolworths Supermarket,Pet,Smitten Cat Food Chicken Variety 100g 12pk,481171,$6.50,$0.54 / 100G,https://www.woolworths.com.au/shop/productdetails/481171/smitten-cat-food-chicken-variety,https://cdn0.woolworths.media/content/wowproductimages/medium/481171.jpg,2020-09-14 19:19:18,,0,,True
Woolworths Supermarket,Pet,Smitten Cat Food Tuna Mince 400g,481175,$0.85,$0.21 / 100G,https://www.woolworths.com.au/shop/productdetails/481175/smitten-cat-food-tuna-mince,https://cdn0.woolworths.media/content/wowproductimages/medium/481175.jpg,2020-09-14 19:19:18,,0,,True
Woolworths Supermarket,Pet,Smitten Cat Food Seafood Basket 400g,481176,$0.85,$0.21 / 100G,https://www.woolworths.com.au/shop/productdetails/481176/smitten-cat-food-seafood-basket,https://cdn0.woolworths.media/content/wowproductimages/medium/481176.jpg,2020-09-14 19:19:18,,0,,True
Woolworths Supermarket,Pet,Smitten Cat Food Chunky Sardines 400g,481177,$0.85,$0.21 / 100G,https://www.woolworths.com.au/shop/productdetails/481177/smitten-cat-food-chunky-sardines,https://cdn0.woolworths.media/content/wowproductimages/medium/481177.jpg,2020-09-14 19:19:18,,0,,True
Woolworths Supermarket,Pet,Smitten Cat Food Mince Beef 400g,481178,$0.85,$0.21 / 100G,https://www.woolworths.com.au/shop/productdetails/481178/smitten-cat-food-mince-beef,https://cdn0.woolworths.media/content/wowproductimages/medium/481178.jpg,2020-09-14 19:19:18,Average product rating out of 5: 3.5. Product score is based on 272 ratings,272,,True
Woolworths Supermarket,Pet,Smitten Cat Food Mince Chicken & Turkey 400g,481179,$0.85,$0.21 / 100G,https://www.woolworths.com.au/shop/productdetails/481179/smitten-cat-food-mince-chicken-turkey,https://cdn0.woolworths.media/content/wowproductimages/medium/481179.jpg,2020-09-14 19:19:18,,0,,True
Woolworths Supermarket,Pet,Baxter's Lamb Bone Hickory Smoked each,481183,$3.00,$3.00 / 1EA,https://www.woolworths.com.au/shop/productdetails/481183/baxter-s-lamb-bone-hickory-smoked,https://cdn0.woolworths.media/content/wowproductimages/medium/481183.jpg,2020-09-14 19:19:18,,0,,True
Woolworths Supermarket,Pet,Baxter's Rawhide Chew Bars Beef 5 pack,481184,$5.00,$1.00 / 1EA,https://www.woolworths.com.au/shop/productdetails/481184/baxter-s-rawhide-chew-bars-beef,https://cdn0.woolworths.media/content/wowproductimages/medium/481184.jpg,2020-09-14 19:19:18,,0,,True
Woolworths Supermarket,Pet,Baxter's Basted Rawhide Chews Real Kangaroo 100g,481185,$3.80,$3.80 / 100G,https://www.woolworths.com.au/shop/productdetails/481185/baxter-s-basted-rawhide-chews-real-kangaroo,https://cdn0.woolworths.media/content/wowproductimages/medium/481185.jpg,2020-09-14 19:19:18,,0,,True
Woolworths Supermarket,Pet,Smitten Cat Litter Crystals 2kg,481187,$8.00,$4.00 / 1KG,https://www.woolworths.com.au/shop/productdetails/481187/smitten-cat-litter-crystals,https://cdn0.woolworths.media/content/wowproductimages/medium/481187.jpg,2020-09-14 19:19:18,,0,,True
Woolworths Supermarket,Pet,Smitten Cat Litter Crystals 6kg,481210,$22.00,$3.67 / 1KG,https://www.woolworths.com.au/shop/productdetails/481210/smitten-cat-litter-crystals,https://cdn0.woolworths.media/content/wowproductimages/medium/481210.jpg,2020-09-14 19:19:18,,0,,True
Woolworths Supermarket,Pet,Rufus & Coco Large Litter Liners 8 pack,497272,$5.99,$25.49 / 1KG,https://www.woolworths.com.au/shop/productdetails/497272/rufus-coco-large-litter-liners,https://cdn0.woolworths.media/content/wowproductimages/medium/497272.jpg,2020-09-14 19:19:18,,0,,True
Woolworths Supermarket,Pet,Nature's Gift Beef Potato Carrots & Peas Chilled Roll Dog Food 200g,513258,$1.50,$0.75 / 100G,https://www.woolworths.com.au/shop/productdetails/513258/nature-s-gift-beef-potato-carrots-peas-chilled-roll-dog-food,https://cdn0.woolworths.media/content/wowproductimages/medium/513258.jpg,2020-09-14 19:19:18,,0,,True
Woolworths Supermarket,Pet,Vitapet Jerhigh Treat Fish Tenders 80g,515924,$7.40,$9.25 / 100G,https://www.woolworths.com.au/shop/productdetails/515924/vitapet-jerhigh-treat-fish-tenders,https://cdn0.woolworths.media/content/wowproductimages/medium/515924.jpg,2020-09-14 19:19:18,,0,,True
Woolworths Supermarket,Pet,Supercoat Adult Dog Food Large Breed 7.5kg,516915,$29.00,$0.39 / 100G,https://www.woolworths.com.au/shop/productdetails/516915/supercoat-adult-dog-food-large-breed,https://cdn0.woolworths.media/content/wowproductimages/medium/516915.jpg,2020-09-14 19:19:18,,0,3 for $58.50 $0.26/100G,True
Woolworths Supermarket,Pet,Supercoat Adult Dog Food Beef 3kg,516916,$12.00,$0.40 / 100G,https://www.woolworths.com.au/shop/productdetails/516916/supercoat-adult-dog-food-beef,https://cdn0.woolworths.media/content/wowproductimages/medium/516916.jpg,2020-09-14 19:19:18,,0,,True
Woolworths Supermarket,Pet,Supercoat Adult Dog Food Small Breed 3kg,516919,$12.00,$0.40 / 100G,https://www.woolworths.com.au/shop/productdetails/516919/supercoat-adult-dog-food-small-breed,https://cdn0.woolworths.media/content/wowproductimages/medium/516919.jpg,2020-09-14 19:19:18,,0,,True
Woolworths Supermarket,Pet,Supercoat Senior Dog Food 3kg,516925,$12.00,$0.40 / 100G,https://www.woolworths.com.au/shop/productdetails/516925/supercoat-senior-dog-food,https://cdn0.woolworths.media/content/wowproductimages/medium/516925.jpg,2020-09-14 19:19:18,,0,,True
Woolworths Supermarket,Pet,Supercoat Adult Dog Food Chicken 3kg,516927,$12.00,$0.40 / 100G,https://www.woolworths.com.au/shop/productdetails/516927/supercoat-adult-dog-food-chicken,https://cdn0.woolworths.media/content/wowproductimages/medium/516927.jpg,2020-09-14 19:19:18,,0,,True
Woolworths Supermarket,Pet,Supercoat Adult Dog Food Active 7.5kg,516942,$29.00,$0.39 / 100G,https://www.woolworths.com.au/shop/productdetails/516942/supercoat-adult-dog-food-active,https://cdn0.woolworths.media/content/wowproductimages/medium/516942.jpg,2020-09-14 19:19:18,,0,3 for $58.50 $0.26/100G,True
Woolworths Supermarket,Pet,Lucky Dog Meaty Chew Beef 96g,516943,$4.50,$4.69 / 100G,https://www.woolworths.com.au/shop/productdetails/516943/lucky-dog-meaty-chew-beef,https://cdn0.woolworths.media/content/wowproductimages/medium/516943.jpg,2020-09-14 19:19:18,,0,Was $6.15 30/09/2019,True
Woolworths Supermarket,Pet,Supercoat Adult Dog Food Active 3kg,516944,$12.00,$0.40 / 100G,https://www.woolworths.com.au/shop/productdetails/516944/supercoat-adult-dog-food-active,https://cdn0.woolworths.media/content/wowproductimages/medium/516944.jpg,2020-09-14 19:19:18,,0,,True
Woolworths Supermarket,Pet,Supercoat Adult Dog Food Beef 7.5kg,516945,$29.00,$0.39 / 100G,https://www.woolworths.com.au/shop/productdetails/516945/supercoat-adult-dog-food-beef,https://cdn0.woolworths.media/content/wowproductimages/medium/516945.jpg,2020-09-14 19:19:18,,0,3 for $58.50 $0.26/100G,True
Woolworths Supermarket,Pet,Supercoat Adult Dog Food Sensitive 3kg,516946,$12.00,$0.40 / 100G,https://www.woolworths.com.au/shop/productdetails/516946/supercoat-adult-dog-food-sensitive,https://cdn0.woolworths.media/content/wowproductimages/medium/516946.jpg,2020-09-14 19:19:18,,0,,True
Woolworths Supermarket,Pet,Applaws It's All Good Dry Dog Food Chicken & Turkey 2.7kg,899673,$19.00,$0.70 / 100G,https://www.woolworths.com.au/shop/productdetails/899673/applaws-it-s-all-good-dry-dog-food-chicken-turkey,https://cdn0.woolworths.media/content/wowproductimages/medium/899673.jpg,2020-09-14 19:19:18,,0,,True
Woolworths Supermarket,Pet,V.i.p Fussycat Steak Mince 450g,211232,$5.30,$1.18 / 100G,https://www.woolworths.com.au/shop/productdetails/211232/v-i-p-fussycat-steak-mince,https://cdn0.woolworths.media/content/wowproductimages/medium/211232.jpg,2020-09-14 19:19:18,,0,,True
Woolworths Supermarket,Pet,Nature's Gift Meal Time Loaf With Kangaroo Rice & Veg Wet Dog Food 700g,323269,$2.00,$0.29 / 100G,https://www.woolworths.com.au/shop/productdetails/323269/nature-s-gift-meal-time-loaf-with-kangaroo-rice-veg-wet-dog-food,https://cdn0.woolworths.media/content/wowproductimages/medium/323269.jpg,2020-09-14 19:19:18,,0,Was $2.80 02/10/2017,True
Woolworths Supermarket,Pet,Nature's Gift Casserole Kangaroo & Vegetables 700g,793023,$2.00,$0.29 / 100G,https://www.woolworths.com.au/shop/productdetails/793023/nature-s-gift-casserole-kangaroo-vegetables,https://cdn0.woolworths.media/content/wowproductimages/medium/793023.jpg,2020-09-14 19:19:18,,0,Was $2.80 02/10/2017,True
Woolworths Supermarket,Pet,Nature's Gift Meal Time Loaf Duck & Vegetables Dog Food 700g,657013,$2.00,$0.29 / 100G,https://www.woolworths.com.au/shop/productdetails/657013/nature-s-gift-meal-time-loaf-duck-vegetables-dog-food,https://cdn0.woolworths.media/content/wowproductimages/medium/657013.jpg,2020-09-14 19:19:18,,0,,True
Woolworths Supermarket,Pet,Nature's Gift Meal Time Loaf Beef Barley & Vegetables Wet Dog Food 700g,071686,$2.00,$0.29 / 100G,https://www.woolworths.com.au/shop/productdetails/71686/nature-s-gift-meal-time-loaf-beef-barley-vegetables-wet-dog-food,https://cdn0.woolworths.media/content/wowproductimages/medium/071686.jpg,2020-09-14 19:19:18,,0,Was $2.80 02/10/2017,True
Woolworths Supermarket,Pet,Felix Meat Menus In Jelly 85g x27 pack,020725,$25.00,$1.09 / 100G,https://www.woolworths.com.au/shop/productdetails/20725/felix-meat-menus-in-jelly,https://cdn0.woolworths.media/content/wowproductimages/medium/020725.jpg,2020-09-14 19:19:18,,0,,True
Woolworths Supermarket,Pet,Smitten Cat Food Beef Lamb & Vegetables 1kg,481065,$2.80,$0.28 / 100G,https://www.woolworths.com.au/shop/productdetails/481065/smitten-cat-food-beef-lamb-vegetables,https://cdn0.woolworths.media/content/wowproductimages/medium/481065.jpg,2020-09-14 19:19:18,,0,,True
Woolworths Supermarket,Pet,Paws Fresh Gourmet Chunky Mince Chilled Dog Food 600g,355561,$4.50,$0.75 / 100G,https://www.woolworths.com.au/shop/productdetails/355561/paws-fresh-gourmet-chunky-mince-chilled-dog-food,https://cdn0.woolworths.media/content/wowproductimages/medium/355561.jpg,2020-09-14 19:19:18,,0,,True
Woolworths Supermarket,Pet,Fussy Cat Grain Free Beef Mince Casserole Wet Cat Food 400g,064194,$1.80,$0.45 / 100G,https://www.woolworths.com.au/shop/productdetails/64194/fussy-cat-grain-free-beef-mince-casserole-wet-cat-food,https://cdn0.woolworths.media/content/wowproductimages/medium/064194.jpg,2020-09-14 19:19:18,,0,4 for $6.00 $0.38/100G,True
Woolworths Supermarket,Pet,Felix As Good As It Looks Ocean Menus 12x85g,844355,$11.50,$1.13 / 100G,https://www.woolworths.com.au/shop/productdetails/844355/felix-as-good-as-it-looks-ocean-menus,https://cdn0.woolworths.media/content/wowproductimages/medium/844355.jpg,2020-09-14 19:19:18,,0,,True
Woolworths Supermarket,Pet,Fussy Cat Grain Free Chicken & Turkey With Cranberry Wet Cat Food 400g,810160,$1.80,$0.45 / 100G,https://www.woolworths.com.au/shop/productdetails/810160/fussy-cat-grain-free-chicken-turkey-with-cranberry-wet-cat-food,https://cdn0.woolworths.media/content/wowproductimages/medium/810160.jpg,2020-09-14 19:19:18,,0,4 for $6.00 $0.38/100G,True
Woolworths Supermarket,Pet,V.i.p Adult Dog Food Chicken Chunkers 1kg,158895,$4.25,$0.43 / 100G,https://www.woolworths.com.au/shop/productdetails/158895/v-i-p-adult-dog-food-chicken-chunkers,https://cdn0.woolworths.media/content/wowproductimages/medium/158895.jpg,2020-09-14 19:19:18,,0,Was $5.00 12/03/2018,True
Woolworths Supermarket,Pet,Fussy Cat Grain Free Chicken Mince Casserole Wet Cat Food 400g,067483,$1.80,$0.45 / 100G,https://www.woolworths.com.au/shop/productdetails/67483/fussy-cat-grain-free-chicken-mince-casserole-wet-cat-food,https://cdn0.woolworths.media/content/wowproductimages/medium/067483.jpg,2020-09-14 19:19:18,,0,4 for $6.00 $0.38/100G,True
Woolworths Supermarket,Pet,Smitten Cat Food Mince Beef 400g,481178,$0.85,$0.21 / 100G,https://www.woolworths.com.au/shop/productdetails/481178/smitten-cat-food-mince-beef,https://cdn0.woolworths.media/content/wowproductimages/medium/481178.jpg,2020-09-14 19:19:18,Average product rating out of 5: 3.5. Product score is based on 272 ratings,272,,True
Woolworths Supermarket,Pet,V.i.p Adult Dog Food Lamb Chunkers 1kg,217233,$4.25,$0.43 / 100G,https://www.woolworths.com.au/shop/productdetails/217233/v-i-p-adult-dog-food-lamb-chunkers,https://cdn0.woolworths.media/content/wowproductimages/medium/217233.jpg,2020-09-14 19:19:18,,0,Was $5.00 12/03/2018,True
Woolworths Supermarket,Pet,"Baxter's Dog Food Casserole Chicken, Rice & Veg 700g",480256,$1.50,$0.21 / 100G,https://www.woolworths.com.au/shop/productdetails/480256/baxter-s-dog-food-casserole-chicken-rice-veg,https://cdn0.woolworths.media/content/wowproductimages/medium/480256.jpg,2020-09-14 19:19:18,,0,,True
Woolworths Supermarket,Pet,Smitten Cat Food Chicken Salmon & Tuna 1kg,481087,$2.80,$0.28 / 100G,https://www.woolworths.com.au/shop/productdetails/481087/smitten-cat-food-chicken-salmon-tuna,https://cdn0.woolworths.media/content/wowproductimages/medium/481087.jpg,2020-09-14 19:19:18,,0,,True
Woolworths Supermarket,Pet,Dine Saucy Morsels With Tuna Mornay & Cheese Wet Cat Food Tray 7 pack,477637,$6.00,$1.01 / 100G,https://www.woolworths.com.au/shop/productdetails/477637/dine-saucy-morsels-with-tuna-mornay-cheese-wet-cat-food-tray,https://cdn0.woolworths.media/content/wowproductimages/medium/477637.jpg,2020-09-14 19:19:18,,0,,True
Woolworths Supermarket,Pet,Dentalife Chicken Cat Treats 51g,693437,$3.00,$5.88 / 100G,https://www.woolworths.com.au/shop/productdetails/693437/dentalife-chicken-cat-treats,https://cdn0.woolworths.media/content/wowproductimages/medium/693437.jpg,2020-09-14 19:19:18,,0,,True
Woolworths Supermarket,Pet,Lucky Dog Meaty Chew Lamb 4 pack,516947,$4.50,$4.69 / 100G,https://www.woolworths.com.au/shop/productdetails/516947/lucky-dog-meaty-chew-lamb,https://cdn0.woolworths.media/content/wowproductimages/medium/516947.jpg,2020-09-14 19:19:18,,0,Was $6.15 30/09/2019,True
Woolworths Supermarket,Pet,Lucky Dog Meaty Chew Mini Roo 5 pack,516948,$4.50,$6.43 / 100G,https://www.woolworths.com.au/shop/productdetails/516948/lucky-dog-meaty-chew-mini-roo,https://cdn0.woolworths.media/content/wowproductimages/medium/516948.jpg,2020-09-14 19:19:18,,0,Was $6.15 30/09/2019,True
Woolworths Supermarket,Pet,Supercoat Adult Dog Food Healthy Weight 7.5kg,516951,$29.00,$0.39 / 100G,https://www.woolworths.com.au/shop/productdetails/516951/supercoat-adult-dog-food-healthy-weight,https://cdn0.woolworths.media/content/wowproductimages/medium/516951.jpg,2020-09-14 19:19:18,,0,3 for $58.50 $0.26/100G,True
Woolworths Supermarket,Pet,Lucky Dog Meaty Chew Kangaroo 4 pack,516952,$4.50,$4.69 / 100G,https://www.woolworths.com.au/shop/productdetails/516952/lucky-dog-meaty-chew-kangaroo,https://cdn0.woolworths.media/content/wowproductimages/medium/516952.jpg,2020-09-14 19:19:18,,0,Was $6.15 30/09/2019,True
Woolworths Supermarket,Pet,Supercoat Adult Dog Food Healthy Weight 3kg,516953,$12.00,$0.40 / 100G,https://www.woolworths.com.au/shop/productdetails/516953/supercoat-adult-dog-food-healthy-weight,https://cdn0.woolworths.media/content/wowproductimages/medium/516953.jpg,2020-09-14 19:19:18,,0,,True
Woolworths Supermarket,Pet,Supercoat Adult Dog Food Chicken 7.5kg,517306,$29.00,$0.39 / 100G,https://www.woolworths.com.au/shop/productdetails/517306/supercoat-adult-dog-food-chicken,https://cdn0.woolworths.media/content/wowproductimages/medium/517306.jpg,2020-09-14 19:19:18,,0,3 for $58.50 $0.26/100G,True
Woolworths Supermarket,Pet,Farmers Market Chicken & Farm Vegetables Dry Dog Food 2.7kg,518742,$19.00,$0.70 / 100G,https://www.woolworths.com.au/shop/productdetails/518742/farmers-market-chicken-farm-vegetables-dry-dog-food,https://cdn0.woolworths.media/content/wowproductimages/medium/518742.jpg,2020-09-14 19:19:18,,0,,True
Woolworths Supermarket,Pet,Farmers Market Chicken & Farm Vegetables Small Breed Dry Dog Food 6.8kg,519070,$25.00,$0.37 / 100G,https://www.woolworths.com.au/shop/productdetails/519070/farmers-market-chicken-farm-vegetables-small-breed-dry-dog-food,https://cdn0.woolworths.media/content/wowproductimages/medium/519070.jpg,2020-09-14 19:19:18,,0,,True
Woolworths Supermarket,Pet,Farmers Market Beef & Farm Vegetables Dry Dog Food 6.8kg,519071,$25.00,$0.37 / 100G,https://www.woolworths.com.au/shop/productdetails/519071/farmers-market-beef-farm-vegetables-dry-dog-food,https://cdn0.woolworths.media/content/wowproductimages/medium/519071.jpg,2020-09-14 19:19:18,,0,,True
Woolworths Supermarket,Pet,Farmers Market Beef & Farm Vegetables Dry Dog Food 2.7kg,519072,$19.00,$0.70 / 100G,https://www.woolworths.com.au/shop/productdetails/519072/farmers-market-beef-farm-vegetables-dry-dog-food,https://cdn0.woolworths.media/content/wowproductimages/medium/519072.jpg,2020-09-14 19:19:18,,0,,True
Woolworths Supermarket,Pet,Farmers Market Roast Beef With Carrots Peas & Chia Wet Dog Food 100g,519374,$0.90,$0.90 / 100G,https://www.woolworths.com.au/shop/productdetails/519374/farmers-market-roast-beef-with-carrots-peas-chia-wet-dog-food,https://cdn0.woolworths.media/content/wowproductimages/medium/519374.jpg,2020-09-14 19:19:18,,0,,True
Woolworths Supermarket,Pet,Farmers Market Tender Lamb With Julienne Carrots & Beans Wet Dog Food 100g,519551,$0.90,$0.90 / 100G,https://www.woolworths.com.au/shop/productdetails/519551/farmers-market-tender-lamb-with-julienne-carrots-beans-wet-dog-food,https://cdn0.woolworths.media/content/wowproductimages/medium/519551.jpg,2020-09-14 19:19:18,,0,,True
Woolworths Supermarket,Pet,Farmers Market Roast Chicken With Lentils Wet Dog Food 100g,520578,$0.90,$0.90 / 100G,https://www.woolworths.com.au/shop/productdetails/520578/farmers-market-roast-chicken-with-lentils-wet-dog-food,https://cdn0.woolworths.media/content/wowproductimages/medium/520578.jpg,2020-09-14 19:19:18,,0,,True
Woolworths Supermarket,Pet,Fancy Feast Lamb Garden Greens & Snapper Flavour 450g,537596,$4.00,$0.89 / 100G,https://www.woolworths.com.au/shop/productdetails/537596/fancy-feast-lamb-garden-greens-snapper-flavour,https://cdn0.woolworths.media/content/wowproductimages/medium/537596.jpg,2020-09-14 19:19:18,,0,,True
Woolworths Supermarket,Pet,Dine Creamy Treats Chicken Flavour Cat Treat 4 pack,539085,$3.00,$6.25 / 100G,https://www.woolworths.com.au/shop/productdetails/539085/dine-creamy-treats-chicken-flavour-cat-treat,https://cdn0.woolworths.media/content/wowproductimages/medium/539085.jpg,2020-09-14 19:19:18,,0,,True
Woolworths Supermarket,Pet,Dine Creamy Treats Tuna Flavour Cat Treat 4 pack,539639,$3.00,$6.25 / 100G,https://www.woolworths.com.au/shop/productdetails/539639/dine-creamy-treats-tuna-flavour-cat-treat,https://cdn0.woolworths.media/content/wowproductimages/medium/539639.jpg,2020-09-14 19:19:18,,0,,True
Woolworths Supermarket,Pet,Dine Creamy Treats Tuna & Salmon Flavour Cat Treat 4 pack,539750,$3.00,$6.25 / 100G,https://www.woolworths.com.au/shop/productdetails/539750/dine-creamy-treats-tuna-salmon-flavour-cat-treat,https://cdn0.woolworths.media/content/wowproductimages/medium/539750.jpg,2020-09-14 19:19:18,,0,,True
Woolworths Supermarket,Pet,Total Care Capstar Medium/large Dog 3 pack,545772,$16.00,$16.00 / 1EA,https://www.woolworths.com.au/shop/productdetails/545772/total-care-capstar-medium-large-dog,https://cdn0.woolworths.media/content/wowproductimages/medium/545772.jpg,2020-09-14 19:19:18,,0,,True
Woolworths Supermarket,Pet,Total Care Flea & Tick Control For Medium Dogs each,545773,$17.00,$17.00 / 1EA,https://www.woolworths.com.au/shop/productdetails/545773/total-care-flea-tick-control-for-medium-dogs,https://cdn0.woolworths.media/content/wowproductimages/medium/545773.jpg,2020-09-14 19:19:18,,0,,True
Woolworths Supermarket,Pet,Total Care Capstar Puppy Small Dog/cat 3 pack,545775,$14.00,$14.00 / 1EA,https://www.woolworths.com.au/shop/productdetails/545775/total-care-capstar-puppy-small-dog-cat,https://cdn0.woolworths.media/content/wowproductimages/medium/545775.jpg,2020-09-14 19:19:18,,0,,True
Woolworths Supermarket,Pet,Total Care All Wormer Kitten/ Cat 2 pack,545777,$13.00,$13.00 / 1EA,https://www.woolworths.com.au/shop/productdetails/545777/total-care-all-wormer-kitten-cat,https://cdn0.woolworths.media/content/wowproductimages/medium/545777.jpg,2020-09-14 19:19:18,,0,,True
Woolworths Supermarket,Pet,Total Care Flea Control For Cats each,545779,$16.00,$16.00 / 1EA,https://www.woolworths.com.au/shop/productdetails/545779/total-care-flea-control-for-cats,https://cdn0.woolworths.media/content/wowproductimages/medium/545779.jpg,2020-09-14 19:19:18,,0,,True
Woolworths Supermarket,Pet,Total Care Flea Control For Small Dogs each,545832,$16.00,$16.00 / 1EA,https://www.woolworths.com.au/shop/productdetails/545832/total-care-flea-control-for-small-dogs,https://cdn0.woolworths.media/content/wowproductimages/medium/545832.jpg,2020-09-14 19:19:18,,0,,True
Woolworths Supermarket,Pet,Chandler Cat Litter Original 7l,601925,$5.90,$0.84 / 1L,https://www.woolworths.com.au/shop/productdetails/601925/chandler-cat-litter-original,https://cdn0.woolworths.media/content/wowproductimages/medium/601925.jpg,2020-09-14 19:19:18,,0,,True
Woolworths Supermarket,Pet,Applaws It's All Good Dry Dog Food Chicken & Turkey 2.7kg,899673,$19.00,$0.70 / 100G,https://www.woolworths.com.au/shop/productdetails/899673/applaws-it-s-all-good-dry-dog-food-chicken-turkey,https://cdn0.woolworths.media/content/wowproductimages/medium/899673.jpg,2020-09-14 19:19:18,,0,,True
Woolworths Supermarket,Pet,V.i.p Fussycat Steak Mince 450g,211232,$5.30,$1.18 / 100G,https://www.woolworths.com.au/shop/productdetails/211232/v-i-p-fussycat-steak-mince,https://cdn0.woolworths.media/content/wowproductimages/medium/211232.jpg,2020-09-14 19:19:18,,0,,True
Woolworths Supermarket,Pet,"Baxter's Dog Food Casserole Chicken, Rice & Veg 700g",480256,$1.50,$0.21 / 100G,https://www.woolworths.com.au/shop/productdetails/480256/baxter-s-dog-food-casserole-chicken-rice-veg,https://cdn0.woolworths.media/content/wowproductimages/medium/480256.jpg,2020-09-14 19:19:18,,0,,True
Woolworths Supermarket,Pet,Fussy Cat Grain Free Chicken Mince Casserole Wet Cat Food 400g,067483,$1.80,$0.45 / 100G,https://www.woolworths.com.au/shop/productdetails/67483/fussy-cat-grain-free-chicken-mince-casserole-wet-cat-food,https://cdn0.woolworths.media/content/wowproductimages/medium/067483.jpg,2020-09-14 19:19:18,,0,4 for $6.00 $0.38/100G,True
Woolworths Supermarket,Pet,Smitten Cat Food Chicken Salmon & Tuna 1kg,481087,$2.80,$0.28 / 100G,https://www.woolworths.com.au/shop/productdetails/481087/smitten-cat-food-chicken-salmon-tuna,https://cdn0.woolworths.media/content/wowproductimages/medium/481087.jpg,2020-09-14 19:19:18,,0,,True
Woolworths Supermarket,Pet,Nature's Gift Meal Time Loaf Beef Barley & Vegetables Wet Dog Food 700g,071686,$2.00,$0.29 / 100G,https://www.woolworths.com.au/shop/productdetails/71686/nature-s-gift-meal-time-loaf-beef-barley-vegetables-wet-dog-food,https://cdn0.woolworths.media/content/wowproductimages/medium/071686.jpg,2020-09-14 19:19:18,,0,Was $2.80 02/10/2017,True
Woolworths Supermarket,Pet,Nature's Gift Meal Time Loaf With Kangaroo Rice & Veg Wet Dog Food 700g,323269,$2.00,$0.29 / 100G,https://www.woolworths.com.au/shop/productdetails/323269/nature-s-gift-meal-time-loaf-with-kangaroo-rice-veg-wet-dog-food,https://cdn0.woolworths.media/content/wowproductimages/medium/323269.jpg,2020-09-14 19:19:18,,0,Was $2.80 02/10/2017,True
Woolworths Supermarket,Pet,Nature's Gift Meal Time Loaf Duck & Vegetables Dog Food 700g,657013,$2.00,$0.29 / 100G,https://www.woolworths.com.au/shop/productdetails/657013/nature-s-gift-meal-time-loaf-duck-vegetables-dog-food,https://cdn0.woolworths.media/content/wowproductimages/medium/657013.jpg,2020-09-14 19:19:18,,0,,True
Woolworths Supermarket,Pet,V.i.p Adult Dog Food Chicken Chunkers 1kg,158895,$4.25,$0.43 / 100G,https://www.woolworths.com.au/shop/productdetails/158895/v-i-p-adult-dog-food-chicken-chunkers,https://cdn0.woolworths.media/content/wowproductimages/medium/158895.jpg,2020-09-14 19:19:18,,0,Was $5.00 12/03/2018,True
Woolworths Supermarket,Pet,Smitten Cat Food Beef Lamb & Vegetables 1kg,481065,$2.80,$0.28 / 100G,https://www.woolworths.com.au/shop/productdetails/481065/smitten-cat-food-beef-lamb-vegetables,https://cdn0.woolworths.media/content/wowproductimages/medium/481065.jpg,2020-09-14 19:19:18,,0,,True
Woolworths Supermarket,Pet,Smitten Cat Food Mince Beef 400g,481178,$0.85,$0.21 / 100G,https://www.woolworths.com.au/shop/productdetails/481178/smitten-cat-food-mince-beef,https://cdn0.woolworths.media/content/wowproductimages/medium/481178.jpg,2020-09-14 19:19:18,Average product rating out of 5: 3.5. Product score is based on 272 ratings,272,,True
Woolworths Supermarket,Pet,Felix As Good As It Looks Ocean Menus 12x85g,844355,$11.50,$1.13 / 100G,https://www.woolworths.com.au/shop/productdetails/844355/felix-as-good-as-it-looks-ocean-menus,https://cdn0.woolworths.media/content/wowproductimages/medium/844355.jpg,2020-09-14 19:19:18,,0,,True
Woolworths Supermarket,Pet,Paws Fresh Gourmet Chunky Mince Chilled Dog Food 600g,355561,$4.50,$0.75 / 100G,https://www.woolworths.com.au/shop/productdetails/355561/paws-fresh-gourmet-chunky-mince-chilled-dog-food,https://cdn0.woolworths.media/content/wowproductimages/medium/355561.jpg,2020-09-14 19:19:18,,0,,True
Woolworths Supermarket,Pet,Felix Meat Menus In Jelly 85g x27 pack,020725,$25.00,$1.09 / 100G,https://www.woolworths.com.au/shop/productdetails/20725/felix-meat-menus-in-jelly,https://cdn0.woolworths.media/content/wowproductimages/medium/020725.jpg,2020-09-14 19:19:18,,0,,True
Woolworths Supermarket,Pet,Fussy Cat Grain Free Beef Mince Casserole Wet Cat Food 400g,064194,$1.80,$0.45 / 100G,https://www.woolworths.com.au/shop/productdetails/64194/fussy-cat-grain-free-beef-mince-casserole-wet-cat-food,https://cdn0.woolworths.media/content/wowproductimages/medium/064194.jpg,2020-09-14 19:19:18,,0,4 for $6.00 $0.38/100G,True
Woolworths Supermarket,Pet,Fussy Cat Grain Free Chicken & Turkey With Cranberry Wet Cat Food 400g,810160,$1.80,$0.45 / 100G,https://www.woolworths.com.au/shop/productdetails/810160/fussy-cat-grain-free-chicken-turkey-with-cranberry-wet-cat-food,https://cdn0.woolworths.media/content/wowproductimages/medium/810160.jpg,2020-09-14 19:19:18,,0,4 for $6.00 $0.38/100G,True
Woolworths Supermarket,Pet,V.i.p Adult Dog Food Lamb Chunkers 1kg,217233,$4.25,$0.43 / 100G,https://www.woolworths.com.au/shop/productdetails/217233/v-i-p-adult-dog-food-lamb-chunkers,https://cdn0.woolworths.media/content/wowproductimages/medium/217233.jpg,2020-09-14 19:19:18,,0,Was $5.00 12/03/2018,True
Woolworths Supermarket,Pet,Dentalife Chicken Cat Treats 51g,693437,$3.00,$5.88 / 100G,https://www.woolworths.com.au/shop/productdetails/693437/dentalife-chicken-cat-treats,https://cdn0.woolworths.media/content/wowproductimages/medium/693437.jpg,2020-09-14 19:19:18,,0,,True
Woolworths Supermarket,Pet,Dine Saucy Morsels With Tuna Mornay & Cheese Wet Cat Food Tray 7 pack,477637,$6.00,$1.01 / 100G,https://www.woolworths.com.au/shop/productdetails/477637/dine-saucy-morsels-with-tuna-mornay-cheese-wet-cat-food-tray,https://cdn0.woolworths.media/content/wowproductimages/medium/477637.jpg,2020-09-14 19:19:18,,0,,True
Woolworths Supermarket,Pet,Nature's Gift Casserole Kangaroo & Vegetables 700g,793023,$2.00,$0.29 / 100G,https://www.woolworths.com.au/shop/productdetails/793023/nature-s-gift-casserole-kangaroo-vegetables,https://cdn0.woolworths.media/content/wowproductimages/medium/793023.jpg,2020-09-14 19:19:18,,0,Was $2.80 02/10/2017,True
Woolworths Supermarket,Pet,Sensations Cat Food Meat Selection 12x85g,619355,$11.50,$1.13 / 100G,https://www.woolworths.com.au/shop/productdetails/619355/sensations-cat-food-meat-selection,https://cdn0.woolworths.media/content/wowproductimages/medium/619355.jpg,2020-09-14 19:19:18,,0,,True
Woolworths Supermarket,Pet,Sensations Cat Food Fish Selection 12x85g,619357,$11.50,$1.13 / 100G,https://www.woolworths.com.au/shop/productdetails/619357/sensations-cat-food-fish-selection,https://cdn0.woolworths.media/content/wowproductimages/medium/619357.jpg,2020-09-14 19:19:18,,0,,True
Woolworths Supermarket,Pet,Gourmet Delight Cat Food Chicken Mince In Gravy 6x85g,619812,$4.30,$0.84 / 100G,https://www.woolworths.com.au/shop/productdetails/619812/gourmet-delight-cat-food-chicken-mince-in-gravy,https://cdn0.woolworths.media/content/wowproductimages/medium/619812.jpg,2020-09-14 19:19:18,,0,Was $4.70 04/09/2017,True
Woolworths Supermarket,Pet,Tidy Cats Litter Deodoriser 560g,624127,$13.00,$23.21 / 1KG,https://www.woolworths.com.au/shop/productdetails/624127/tidy-cats-litter-deodoriser,https://cdn0.woolworths.media/content/wowproductimages/medium/624127.jpg,2020-09-14 19:19:18,,0,,True
Woolworths Supermarket,Pet,Tidy Cats Clumping Cat Litter 24/7 Performance 6.35kg,624129,$20.00,$3.15 / 1KG,https://www.woolworths.com.au/shop/productdetails/624129/tidy-cats-clumping-cat-litter-24-7-performance,https://cdn0.woolworths.media/content/wowproductimages/medium/624129.jpg,2020-09-14 19:19:18,,0,,True
Woolworths Supermarket,Pet,Friskies Seven Dry Cat Food Adult 1kg,624760,$4.00,$0.40 / 100G,https://www.woolworths.com.au/shop/productdetails/624760/friskies-seven-dry-cat-food-adult,https://cdn0.woolworths.media/content/wowproductimages/medium/624760.jpg,2020-09-14 19:19:18,,0,Was $4.49 14/11/2016,True
Woolworths Supermarket,Pet,Whiskas 1+ Years Favourites With Beef In Jelly Wet Cat Food Pouch 85g x12 pack,625159,$8.00,$0.78 / 100G,https://www.woolworths.com.au/shop/productdetails/625159/whiskas-1-years-favourites-with-beef-in-jelly-wet-cat-food-pouch,https://cdn0.woolworths.media/content/wowproductimages/medium/625159.jpg,2020-09-14 19:19:18,,0,,True
Woolworths Supermarket,Pet,Whiskas 1+ Years Favourites Tuna In Jelly Wet Cat Food Pouch 85g x12 pack,625692,$8.00,$0.78 / 100G,https://www.woolworths.com.au/shop/productdetails/625692/whiskas-1-years-favourites-tuna-in-jelly-wet-cat-food-pouch,https://cdn0.woolworths.media/content/wowproductimages/medium/625692.jpg,2020-09-14 19:19:18,,0,,True
Woolworths Supermarket,Pet,Whiskas 1+ Years Wet Cat Food Chicken In Jelly Pouch 85g x12 pack,625693,$8.00,$0.78 / 100G,https://www.woolworths.com.au/shop/productdetails/625693/whiskas-1-years-wet-cat-food-chicken-in-jelly-pouch,https://cdn0.woolworths.media/content/wowproductimages/medium/625693.jpg,2020-09-14 19:19:18,,0,,True
Woolworths Supermarket,Pet,Dine Finest Serve With Meat In Gravy Wet Cat Food Mini Pouch 6 pack,625695,$4.80,$1.60 / 100G,https://www.woolworths.com.au/shop/productdetails/625695/dine-finest-serve-with-meat-in-gravy-wet-cat-food-mini-pouch,https://cdn0.woolworths.media/content/wowproductimages/medium/625695.jpg,2020-09-14 19:19:18,,0,,True
Woolworths Supermarket,Pet,Trill Mix-in Egg & Biscuit Mix 250g,630819,$3.99,$1.60 / 100G,https://www.woolworths.com.au/shop/productdetails/630819/trill-mix-in-egg-biscuit-mix,https://cdn0.woolworths.media/content/wowproductimages/medium/630819.jpg,2020-09-14 19:19:18,,0,,True
Woolworths Supermarket,Pet,Total Care Allwormer & Flea Tasty Chew Small Dogs each,638229,,,https://www.woolworths.com.au/shop/productdetails/638229/total-care-allwormer-flea-tasty-chew-small-dogs,https://cdn0.woolworths.media/content/wowproductimages/medium/638229.jpg,2020-09-14 19:19:18,,0,,False
Woolworths Supermarket,Pet,Total Care Allwormer & Flea Control Chew Medium Dogs each,638240,$23.50,,https://www.woolworths.com.au/shop/productdetails/638240/total-care-allwormer-flea-control-chew-medium-dogs,https://cdn0.woolworths.media/content/wowproductimages/medium/638240.jpg,2020-09-14 19:19:18,,0,,True
Woolworths Supermarket,Pet,Total Care Allwormer & Flea Control Tasty Chew Large Dogs each,638241,$25.00,,https://www.woolworths.com.au/shop/productdetails/638241/total-care-allwormer-flea-control-tasty-chew-large-dogs,https://cdn0.woolworths.media/content/wowproductimages/medium/638241.jpg,2020-09-14 19:19:18,,0,,True
Woolworths Supermarket,Pet,Exelpet Vet Flea Intestinal & Heartworm Medium Dog each,646144,$29.00,$29.00 / 1EA,https://www.woolworths.com.au/shop/productdetails/646144/exelpet-vet-flea-intestinal-heartworm-medium-dog,https://cdn0.woolworths.media/content/wowproductimages/medium/646144.jpg,2020-09-14 19:19:18,,0,,True
Woolworths Supermarket,Pet,Exelpet Vet Flea Intestinal Worm & Heartworm Sml Dog each,646145,$25.50,$25.50 / 1EA,https://www.woolworths.com.au/shop/productdetails/646145/exelpet-vet-flea-intestinal-worm-heartworm-sml-dog,https://cdn0.woolworths.media/content/wowproductimages/medium/646145.jpg,2020-09-14 19:19:18,,0,,True
Woolworths Supermarket,Pet,Exelpet Vet Flea Intestinal Worm & Heartworm Cat each,646146,$19.50,$19.50 / 1EA,https://www.woolworths.com.au/shop/productdetails/646146/exelpet-vet-flea-intestinal-worm-heartworm-cat,https://cdn0.woolworths.media/content/wowproductimages/medium/646146.jpg,2020-09-14 19:19:18,,0,,True
Woolworths Supermarket,Pet,Exelpet Vet Series Flea Intestinal Worm & Heartworm Lge Dog each,646333,$31.00,$31.00 / 1EA,https://www.woolworths.com.au/shop/productdetails/646333/exelpet-vet-series-flea-intestinal-worm-heartworm-lge-dog,https://cdn0.woolworths.media/content/wowproductimages/medium/646333.jpg,2020-09-14 19:19:18,,0,,True
Woolworths Supermarket,Pet,Exelpet Vet Spot On All Worm Cat 2 pack,646890,$32.00,$16.00 / 1EA,https://www.woolworths.com.au/shop/productdetails/646890/exelpet-vet-spot-on-all-worm-cat,https://cdn0.woolworths.media/content/wowproductimages/medium/646890.jpg,2020-09-14 19:19:18,,0,,True
Woolworths Supermarket,Pet,Total Care Combo Brush each,651143,$13.00,$13.00 / 1EA,https://www.woolworths.com.au/shop/productdetails/651143/total-care-combo-brush,https://cdn0.woolworths.media/content/wowproductimages/medium/651143.jpg,2020-09-14 19:19:18,,0,,True
Woolworths Supermarket,Pet,Total Care Retro Lead 120cm each,652073,$15.00,$15.00 / 1EA,https://www.woolworths.com.au/shop/productdetails/652073/total-care-retro-lead-120cm,https://cdn0.woolworths.media/content/wowproductimages/medium/652073.jpg,2020-09-14 19:19:18,,0,,True
Woolworths Supermarket,Pet,Nature's Gift Meal Time Loaf Duck & Vegetables Dog Food 700g,657013,$2.00,$0.29 / 100G,https://www.woolworths.com.au/shop/productdetails/657013/nature-s-gift-meal-time-loaf-duck-vegetables-dog-food,https://cdn0.woolworths.media/content/wowproductimages/medium/657013.jpg,2020-09-14 19:19:18,,0,,True
Woolworths Supermarket,Pet,Nature's Gift Sustain Chicken & Fish Dry Dog Food 2.5kg,657022,$13.00,$0.52 / 100G,https://www.woolworths.com.au/shop/productdetails/657022/nature-s-gift-sustain-chicken-fish-dry-dog-food,https://cdn0.woolworths.media/content/wowproductimages/medium/657022.jpg,2020-09-14 19:19:18,,0,,True
Woolworths Supermarket,Pet,Nature's Gift Sustain Kangaroo Dry Dog Food 2.5kg,657074,$13.00,$0.52 / 100G,https://www.woolworths.com.au/shop/productdetails/657074/nature-s-gift-sustain-kangaroo-dry-dog-food,https://cdn0.woolworths.media/content/wowproductimages/medium/657074.jpg,2020-09-14 19:19:18,,0,,True
Woolworths Supermarket,Pet,Applaws It's All Good Dry Dog Food Chicken & Turkey 2.7kg,899673,$19.00,$0.70 / 100G,https://www.woolworths.com.au/shop/productdetails/899673/applaws-it-s-all-good-dry-dog-food-chicken-turkey,https://cdn0.woolworths.media/content/wowproductimages/medium/899673.jpg,2020-09-14 19:19:18,,0,,True
Woolworths Supermarket,Pet,V.i.p Fussycat Steak Mince 450g,211232,$5.30,$1.18 / 100G,https://www.woolworths.com.au/shop/productdetails/211232/v-i-p-fussycat-steak-mince,https://cdn0.woolworths.media/content/wowproductimages/medium/211232.jpg,2020-09-14 19:19:18,,0,,True
Woolworths Supermarket,Pet,Felix As Good As It Looks Ocean Menus 12x85g,844355,$11.50,$1.13 / 100G,https://www.woolworths.com.au/shop/productdetails/844355/felix-as-good-as-it-looks-ocean-menus,https://cdn0.woolworths.media/content/wowproductimages/medium/844355.jpg,2020-09-14 19:19:18,,0,,True
Woolworths Supermarket,Pet,"Baxter's Dog Food Casserole Chicken, Rice & Veg 700g",480256,$1.50,$0.21 / 100G,https://www.woolworths.com.au/shop/productdetails/480256/baxter-s-dog-food-casserole-chicken-rice-veg,https://cdn0.woolworths.media/content/wowproductimages/medium/480256.jpg,2020-09-14 19:19:18,,0,,True
Woolworths Supermarket,Pet,Nature's Gift Meal Time Loaf Beef Barley & Vegetables Wet Dog Food 700g,071686,$2.00,$0.29 / 100G,https://www.woolworths.com.au/shop/productdetails/71686/nature-s-gift-meal-time-loaf-beef-barley-vegetables-wet-dog-food,https://cdn0.woolworths.media/content/wowproductimages/medium/071686.jpg,2020-09-14 19:19:18,,0,Was $2.80 02/10/2017,True
Woolworths Supermarket,Pet,Fussy Cat Grain Free Chicken Mince Casserole Wet Cat Food 400g,067483,$1.80,$0.45 / 100G,https://www.woolworths.com.au/shop/productdetails/67483/fussy-cat-grain-free-chicken-mince-casserole-wet-cat-food,https://cdn0.woolworths.media/content/wowproductimages/medium/067483.jpg,2020-09-14 19:19:18,,0,4 for $6.00 $0.38/100G,True
Woolworths Supermarket,Pet,Smitten Cat Food Mince Beef 400g,481178,$0.85,$0.21 / 100G,https://www.woolworths.com.au/shop/productdetails/481178/smitten-cat-food-mince-beef,https://cdn0.woolworths.media/content/wowproductimages/medium/481178.jpg,2020-09-14 19:19:18,Average product rating out of 5: 3.5. Product score is based on 272 ratings,272,,True
Woolworths Supermarket,Pet,Smitten Cat Food Beef Lamb & Vegetables 1kg,481065,$2.80,$0.28 / 100G,https://www.woolworths.com.au/shop/productdetails/481065/smitten-cat-food-beef-lamb-vegetables,https://cdn0.woolworths.media/content/wowproductimages/medium/481065.jpg,2020-09-14 19:19:18,,0,,True
Woolworths Supermarket,Pet,V.i.p Adult Dog Food Chicken Chunkers 1kg,158895,$4.25,$0.43 / 100G,https://www.woolworths.com.au/shop/productdetails/158895/v-i-p-adult-dog-food-chicken-chunkers,https://cdn0.woolworths.media/content/wowproductimages/medium/158895.jpg,2020-09-14 19:19:18,,0,Was $5.00 12/03/2018,True
Woolworths Supermarket,Pet,Fussy Cat Grain Free Beef Mince Casserole Wet Cat Food 400g,064194,$1.80,$0.45 / 100G,https://www.woolworths.com.au/shop/productdetails/64194/fussy-cat-grain-free-beef-mince-casserole-wet-cat-food,https://cdn0.woolworths.media/content/wowproductimages/medium/064194.jpg,2020-09-14 19:19:18,,0,4 for $6.00 $0.38/100G,True
Woolworths Supermarket,Pet,Paws Fresh Gourmet Chunky Mince Chilled Dog Food 600g,355561,$4.50,$0.75 / 100G,https://www.woolworths.com.au/shop/productdetails/355561/paws-fresh-gourmet-chunky-mince-chilled-dog-food,https://cdn0.woolworths.media/content/wowproductimages/medium/355561.jpg,2020-09-14 19:19:18,,0,,True
Woolworths Supermarket,Pet,V.i.p Adult Dog Food Lamb Chunkers 1kg,217233,$4.25,$0.43 / 100G,https://www.woolworths.com.au/shop/productdetails/217233/v-i-p-adult-dog-food-lamb-chunkers,https://cdn0.woolworths.media/content/wowproductimages/medium/217233.jpg,2020-09-14 19:19:18,,0,Was $5.00 12/03/2018,True
Woolworths Supermarket,Pet,Nature's Gift Meal Time Loaf With Kangaroo Rice & Veg Wet Dog Food 700g,323269,$2.00,$0.29 / 100G,https://www.woolworths.com.au/shop/productdetails/323269/nature-s-gift-meal-time-loaf-with-kangaroo-rice-veg-wet-dog-food,https://cdn0.woolworths.media/content/wowproductimages/medium/323269.jpg,2020-09-14 19:19:18,,0,Was $2.80 02/10/2017,True
Woolworths Supermarket,Pet,Fussy Cat Grain Free Chicken & Turkey With Cranberry Wet Cat Food 400g,810160,$1.80,$0.45 / 100G,https://www.woolworths.com.au/shop/productdetails/810160/fussy-cat-grain-free-chicken-turkey-with-cranberry-wet-cat-food,https://cdn0.woolworths.media/content/wowproductimages/medium/810160.jpg,2020-09-14 19:19:18,,0,4 for $6.00 $0.38/100G,True
Woolworths Supermarket,Pet,Dentalife Chicken Cat Treats 51g,693437,$3.00,$5.88 / 100G,https://www.woolworths.com.au/shop/productdetails/693437/dentalife-chicken-cat-treats,https://cdn0.woolworths.media/content/wowproductimages/medium/693437.jpg,2020-09-14 19:19:18,,0,,True
Woolworths Supermarket,Pet,Smitten Cat Food Chicken Salmon & Tuna 1kg,481087,$2.80,$0.28 / 100G,https://www.woolworths.com.au/shop/productdetails/481087/smitten-cat-food-chicken-salmon-tuna,https://cdn0.woolworths.media/content/wowproductimages/medium/481087.jpg,2020-09-14 19:19:18,,0,,True
Woolworths Supermarket,Pet,Nature's Gift Meal Time Loaf Duck & Vegetables Dog Food 700g,657013,$2.00,$0.29 / 100G,https://www.woolworths.com.au/shop/productdetails/657013/nature-s-gift-meal-time-loaf-duck-vegetables-dog-food,https://cdn0.woolworths.media/content/wowproductimages/medium/657013.jpg,2020-09-14 19:19:18,,0,,True
Woolworths Supermarket,Pet,Felix Meat Menus In Jelly 85g x27 pack,020725,$25.00,$1.09 / 100G,https://www.woolworths.com.au/shop/productdetails/20725/felix-meat-menus-in-jelly,https://cdn0.woolworths.media/content/wowproductimages/medium/020725.jpg,2020-09-14 19:19:18,,0,,True
Woolworths Supermarket,Pet,Nature's Gift Casserole Kangaroo & Vegetables 700g,793023,$2.00,$0.29 / 100G,https://www.woolworths.com.au/shop/productdetails/793023/nature-s-gift-casserole-kangaroo-vegetables,https://cdn0.woolworths.media/content/wowproductimages/medium/793023.jpg,2020-09-14 19:19:18,,0,Was $2.80 02/10/2017,True
Woolworths Supermarket,Pet,Dine Saucy Morsels With Tuna Mornay & Cheese Wet Cat Food Tray 7 pack,477637,$6.00,$1.01 / 100G,https://www.woolworths.com.au/shop/productdetails/477637/dine-saucy-morsels-with-tuna-mornay-cheese-wet-cat-food-tray,https://cdn0.woolworths.media/content/wowproductimages/medium/477637.jpg,2020-09-14 19:19:18,,0,,True
Woolworths Supermarket,Pet,Nature's Gift Sustain Kangaroo Dry Dog Food 6kg,657082,$26.00,$0.43 / 100G,https://www.woolworths.com.au/shop/productdetails/657082/nature-s-gift-sustain-kangaroo-dry-dog-food,https://cdn0.woolworths.media/content/wowproductimages/medium/657082.jpg,2020-09-14 19:19:18,,0,,True
Woolworths Supermarket,Pet,Schmackos Tasty Bites Cheesy Nibbles Cheese & Beef Dog Treats 140g,657194,$3.80,$2.71 / 100G,https://www.woolworths.com.au/shop/productdetails/657194/schmackos-tasty-bites-cheesy-nibbles-cheese-beef-dog-treats,https://cdn0.woolworths.media/content/wowproductimages/medium/657194.jpg,2020-09-14 19:19:18,,0,,True
Woolworths Supermarket,Pet,Schmackos Strapz Variety Pack Chicken Liver & Beef Dog Treats 500g,657197,$12.90,$2.58 / 100G,https://www.woolworths.com.au/shop/productdetails/657197/schmackos-strapz-variety-pack-chicken-liver-beef-dog-treats,https://cdn0.woolworths.media/content/wowproductimages/medium/657197.jpg,2020-09-14 19:19:18,,0,,True
Woolworths Supermarket,Pet,Nature's Gift Gourmet Loaf Style Chicken & Duck Wet Dog Food 100g,657239,$1.00,$1.00 / 100G,https://www.woolworths.com.au/shop/productdetails/657239/nature-s-gift-gourmet-loaf-style-chicken-duck-wet-dog-food,https://cdn0.woolworths.media/content/wowproductimages/medium/657239.jpg,2020-09-14 19:19:18,,0,,True
Woolworths Supermarket,Pet,Optimum Grain Free With Chicken & Vegetables Dry Dog Food 6.5kg,657401,$28.00,$0.43 / 100G,https://www.woolworths.com.au/shop/productdetails/657401/optimum-grain-free-with-chicken-vegetables-dry-dog-food,https://cdn0.woolworths.media/content/wowproductimages/medium/657401.jpg,2020-09-14 19:19:18,,0,,True
Woolworths Supermarket,Pet,Vitapet Jerhigh Duck Sticks 80g,657484,$4.90,$6.13 / 100G,https://www.woolworths.com.au/shop/productdetails/657484/vitapet-jerhigh-duck-sticks,https://cdn0.woolworths.media/content/wowproductimages/medium/657484.jpg,2020-09-14 19:19:18,,0,,True
Woolworths Supermarket,Pet,Vitapet Chicken Muesli Bars 100g,657486,$6.50,$6.50 / 100G,https://www.woolworths.com.au/shop/productdetails/657486/vitapet-chicken-muesli-bars,https://cdn0.woolworths.media/content/wowproductimages/medium/657486.jpg,2020-09-14 19:19:18,,0,,True
Woolworths Supermarket,Pet,Vitapet Giant Chicken Sticks 100g,657543,$6.50,$6.50 / 100G,https://www.woolworths.com.au/shop/productdetails/657543/vitapet-giant-chicken-sticks,https://cdn0.woolworths.media/content/wowproductimages/medium/657543.jpg,2020-09-14 19:19:18,,0,,True
Woolworths Supermarket,Pet,My Dog Tasty Kangaroo Loaf Classics Wet Dog Food Tray 100g,657672,$1.00,$1.00 / 100G,https://www.woolworths.com.au/shop/productdetails/657672/my-dog-tasty-kangaroo-loaf-classics-wet-dog-food-tray,https://cdn0.woolworths.media/content/wowproductimages/medium/657672.jpg,2020-09-14 19:19:18,,0,,True
Woolworths Supermarket,Pet,Optimum Grain Free Kangaroo & Vegetables Wet Dog Food Tray 100g,657676,$1.50,$1.50 / 100G,https://www.woolworths.com.au/shop/productdetails/657676/optimum-grain-free-kangaroo-vegetables-wet-dog-food-tray,https://cdn0.woolworths.media/content/wowproductimages/medium/657676.jpg,2020-09-14 19:19:18,,0,,True
Woolworths Supermarket,Pet,Schmackos Tasty Bites Chewy Slices Beef Flavour Dog Treats 155g,657980,$3.80,$2.45 / 100G,https://www.woolworths.com.au/shop/productdetails/657980/schmackos-tasty-bites-chewy-slices-beef-flavour-dog-treats,https://cdn0.woolworths.media/content/wowproductimages/medium/657980.jpg,2020-09-14 19:19:18,,0,,True
Woolworths Supermarket,Pet,Prime Pantry Raw Chicken With Fruit & Vegetables 3x220g,659172,$6.00,$0.91 / 100G,https://www.woolworths.com.au/shop/productdetails/659172/prime-pantry-raw-chicken-with-fruit-vegetables,https://cdn0.woolworths.media/content/wowproductimages/medium/659172.jpg,2020-09-14 19:19:18,,0,,True
Woolworths Supermarket,Pet,Optimum Grain Free With Chicken & Vegetables Dry Dog Food 2.5kg,659569,$19.00,$0.76 / 100G,https://www.woolworths.com.au/shop/productdetails/659569/optimum-grain-free-with-chicken-vegetables-dry-dog-food,https://cdn0.woolworths.media/content/wowproductimages/medium/659569.jpg,2020-09-14 19:19:18,,0,,True
Woolworths Supermarket,Pet,Optimum Grain Free With Beef & Vegetables Dry Dog Food 2.5kg,659585,$19.00,$0.76 / 100G,https://www.woolworths.com.au/shop/productdetails/659585/optimum-grain-free-with-beef-vegetables-dry-dog-food,https://cdn0.woolworths.media/content/wowproductimages/medium/659585.jpg,2020-09-14 19:19:18,,0,,True
Woolworths Supermarket,Pet,My Dog Gourmet Beef With Roast Vegetables Flavours Dry Food 1.5kg,659624,$11.00,$0.73 / 100G,https://www.woolworths.com.au/shop/productdetails/659624/my-dog-gourmet-beef-with-roast-vegetables-flavours-dry-food,https://cdn0.woolworths.media/content/wowproductimages/medium/659624.jpg,2020-09-14 19:19:18,,0,,True
Woolworths Supermarket,Pet,"My Dog Roast Chicken Flavour, Veges, Cheddar & Bacon Dry Food 1.5kg",659632,$11.00,$0.73 / 100G,https://www.woolworths.com.au/shop/productdetails/659632/my-dog-roast-chicken-flavour-veges-cheddar-bacon-dry-food,https://cdn0.woolworths.media/content/wowproductimages/medium/659632.jpg,2020-09-14 19:19:18,,0,,True
Woolworths Supermarket,Pet,Applaws Chicken & Beef With Vegetables Natural Dog Food 156g,659765,$2.85,$1.83 / 100G,https://www.woolworths.com.au/shop/productdetails/659765/applaws-chicken-beef-with-vegetables-natural-dog-food,https://cdn0.woolworths.media/content/wowproductimages/medium/659765.jpg,2020-09-14 19:19:18,,0,,True
Woolworths Supermarket,Pet,Dentalife Small To Medium Dog Treat 10 pack,659921,$5.50,$2.78 / 100G,https://www.woolworths.com.au/shop/productdetails/659921/dentalife-small-to-medium-dog-treat,https://cdn0.woolworths.media/content/wowproductimages/medium/659921.jpg,2020-09-14 19:19:18,,0,,True
Woolworths Supermarket,Pet,Dentalife Dog Treat Mini 24 pack,659931,$5.50,$2.85 / 100G,https://www.woolworths.com.au/shop/productdetails/659931/dentalife-dog-treat-mini,https://cdn0.woolworths.media/content/wowproductimages/medium/659931.jpg,2020-09-14 19:19:18,,0,,True
Woolworths Supermarket,Pet,Dentalife Dog Treat Large Dogs 7 pack,659933,$5.50,$0.79 / 1EA,https://www.woolworths.com.au/shop/productdetails/659933/dentalife-dog-treat-large-dogs,https://cdn0.woolworths.media/content/wowproductimages/medium/659933.jpg,2020-09-14 19:19:18,,0,,True
Woolworths Supermarket,Pet,Fancy Feast Puree Kiss Tuna With Chicken Flake 40g,661514,$3.20,$8.00 / 100G,https://www.woolworths.com.au/shop/productdetails/661514/fancy-feast-puree-kiss-tuna-with-chicken-flake,https://cdn0.woolworths.media/content/wowproductimages/medium/661514.jpg,2020-09-14 19:19:18,,0,,True
Woolworths Supermarket,Pet,Fancy Feast Puree Kiss Tuna Flakes 40g,661515,$3.20,$8.00 / 100G,https://www.woolworths.com.au/shop/productdetails/661515/fancy-feast-puree-kiss-tuna-flakes,https://cdn0.woolworths.media/content/wowproductimages/medium/661515.jpg,2020-09-14 19:19:18,,0,,True
Woolworths Supermarket,Pet,Applaws Cat Food Cuisine Selection 8x70g,663592,$10.50,$1.88 / 100G,https://www.woolworths.com.au/shop/productdetails/663592/applaws-cat-food-cuisine-selection,https://cdn0.woolworths.media/content/wowproductimages/medium/663592.jpg,2020-09-14 19:19:18,,0,,True
Woolworths Supermarket,Pet,Fancy Feast Chicken Feast In Gravy 12x85g,664460,$14.50,$1.42 / 100G,https://www.woolworths.com.au/shop/productdetails/664460/fancy-feast-chicken-feast-in-gravy,https://cdn0.woolworths.media/content/wowproductimages/medium/664460.jpg,2020-09-14 19:19:18,,0,,True
Woolworths Supermarket,Pet,Applaws It's All Good Dry Dog Food Chicken & Turkey 2.7kg,899673,$19.00,$0.70 / 100G,https://www.woolworths.com.au/shop/productdetails/899673/applaws-it-s-all-good-dry-dog-food-chicken-turkey,https://cdn0.woolworths.media/content/wowproductimages/medium/899673.jpg,2020-09-14 19:19:18,,0,,True
Woolworths Supermarket,Pet,Fussy Cat Grain Free Chicken & Turkey With Cranberry Wet Cat Food 400g,810160,$1.80,$0.45 / 100G,https://www.woolworths.com.au/shop/productdetails/810160/fussy-cat-grain-free-chicken-turkey-with-cranberry-wet-cat-food,https://cdn0.woolworths.media/content/wowproductimages/medium/810160.jpg,2020-09-14 19:19:18,,0,4 for $6.00 $0.38/100G,True
Woolworths Supermarket,Pet,Dine Saucy Morsels With Tuna Mornay & Cheese Wet Cat Food Tray 7 pack,477637,$6.00,$1.01 / 100G,https://www.woolworths.com.au/shop/productdetails/477637/dine-saucy-morsels-with-tuna-mornay-cheese-wet-cat-food-tray,https://cdn0.woolworths.media/content/wowproductimages/medium/477637.jpg,2020-09-14 19:19:18,,0,,True
Woolworths Supermarket,Pet,Felix As Good As It Looks Ocean Menus 12x85g,844355,$11.50,$1.13 / 100G,https://www.woolworths.com.au/shop/productdetails/844355/felix-as-good-as-it-looks-ocean-menus,https://cdn0.woolworths.media/content/wowproductimages/medium/844355.jpg,2020-09-14 19:19:18,,0,,True
Woolworths Supermarket,Pet,"Baxter's Dog Food Casserole Chicken, Rice & Veg 700g",480256,$1.50,$0.21 / 100G,https://www.woolworths.com.au/shop/productdetails/480256/baxter-s-dog-food-casserole-chicken-rice-veg,https://cdn0.woolworths.media/content/wowproductimages/medium/480256.jpg,2020-09-14 19:19:18,,0,,True
Woolworths Supermarket,Pet,V.i.p Adult Dog Food Chicken Chunkers 1kg,158895,$4.25,$0.43 / 100G,https://www.woolworths.com.au/shop/productdetails/158895/v-i-p-adult-dog-food-chicken-chunkers,https://cdn0.woolworths.media/content/wowproductimages/medium/158895.jpg,2020-09-14 19:19:18,,0,Was $5.00 12/03/2018,True
Woolworths Supermarket,Pet,Nature's Gift Casserole Kangaroo & Vegetables 700g,793023,$2.00,$0.29 / 100G,https://www.woolworths.com.au/shop/productdetails/793023/nature-s-gift-casserole-kangaroo-vegetables,https://cdn0.woolworths.media/content/wowproductimages/medium/793023.jpg,2020-09-14 19:19:18,,0,Was $2.80 02/10/2017,True
Woolworths Supermarket,Pet,Fussy Cat Grain Free Chicken Mince Casserole Wet Cat Food 400g,067483,$1.80,$0.45 / 100G,https://www.woolworths.com.au/shop/productdetails/67483/fussy-cat-grain-free-chicken-mince-casserole-wet-cat-food,https://cdn0.woolworths.media/content/wowproductimages/medium/067483.jpg,2020-09-14 19:19:18,,0,4 for $6.00 $0.38/100G,True
Woolworths Supermarket,Pet,Fussy Cat Grain Free Beef Mince Casserole Wet Cat Food 400g,064194,$1.80,$0.45 / 100G,https://www.woolworths.com.au/shop/productdetails/64194/fussy-cat-grain-free-beef-mince-casserole-wet-cat-food,https://cdn0.woolworths.media/content/wowproductimages/medium/064194.jpg,2020-09-14 19:19:18,,0,4 for $6.00 $0.38/100G,True
Woolworths Supermarket,Pet,Smitten Cat Food Beef Lamb & Vegetables 1kg,481065,$2.80,$0.28 / 100G,https://www.woolworths.com.au/shop/productdetails/481065/smitten-cat-food-beef-lamb-vegetables,https://cdn0.woolworths.media/content/wowproductimages/medium/481065.jpg,2020-09-14 19:19:18,,0,,True
Woolworths Supermarket,Pet,Nature's Gift Meal Time Loaf Beef Barley & Vegetables Wet Dog Food 700g,071686,$2.00,$0.29 / 100G,https://www.woolworths.com.au/shop/productdetails/71686/nature-s-gift-meal-time-loaf-beef-barley-vegetables-wet-dog-food,https://cdn0.woolworths.media/content/wowproductimages/medium/071686.jpg,2020-09-14 19:19:18,,0,Was $2.80 02/10/2017,True
Woolworths Supermarket,Pet,Felix Meat Menus In Jelly 85g x27 pack,020725,$25.00,$1.09 / 100G,https://www.woolworths.com.au/shop/productdetails/20725/felix-meat-menus-in-jelly,https://cdn0.woolworths.media/content/wowproductimages/medium/020725.jpg,2020-09-14 19:19:18,,0,,True
Woolworths Supermarket,Pet,Dentalife Chicken Cat Treats 51g,693437,$3.00,$5.88 / 100G,https://www.woolworths.com.au/shop/productdetails/693437/dentalife-chicken-cat-treats,https://cdn0.woolworths.media/content/wowproductimages/medium/693437.jpg,2020-09-14 19:19:18,,0,,True
Woolworths Supermarket,Pet,Nature's Gift Meal Time Loaf With Kangaroo Rice & Veg Wet Dog Food 700g,323269,$2.00,$0.29 / 100G,https://www.woolworths.com.au/shop/productdetails/323269/nature-s-gift-meal-time-loaf-with-kangaroo-rice-veg-wet-dog-food,https://cdn0.woolworths.media/content/wowproductimages/medium/323269.jpg,2020-09-14 19:19:18,,0,Was $2.80 02/10/2017,True
Woolworths Supermarket,Pet,Nature's Gift Meal Time Loaf Duck & Vegetables Dog Food 700g,657013,$2.00,$0.29 / 100G,https://www.woolworths.com.au/shop/productdetails/657013/nature-s-gift-meal-time-loaf-duck-vegetables-dog-food,https://cdn0.woolworths.media/content/wowproductimages/medium/657013.jpg,2020-09-14 19:19:18,,0,,True
Woolworths Supermarket,Pet,Smitten Cat Food Chicken Salmon & Tuna 1kg,481087,$2.80,$0.28 / 100G,https://www.woolworths.com.au/shop/productdetails/481087/smitten-cat-food-chicken-salmon-tuna,https://cdn0.woolworths.media/content/wowproductimages/medium/481087.jpg,2020-09-14 19:19:18,,0,,True
Woolworths Supermarket,Pet,V.i.p Adult Dog Food Lamb Chunkers 1kg,217233,$4.25,$0.43 / 100G,https://www.woolworths.com.au/shop/productdetails/217233/v-i-p-adult-dog-food-lamb-chunkers,https://cdn0.woolworths.media/content/wowproductimages/medium/217233.jpg,2020-09-14 19:19:18,,0,Was $5.00 12/03/2018,True
Woolworths Supermarket,Pet,Paws Fresh Gourmet Chunky Mince Chilled Dog Food 600g,355561,$4.50,$0.75 / 100G,https://www.woolworths.com.au/shop/productdetails/355561/paws-fresh-gourmet-chunky-mince-chilled-dog-food,https://cdn0.woolworths.media/content/wowproductimages/medium/355561.jpg,2020-09-14 19:19:18,,0,,True
Woolworths Supermarket,Pet,Smitten Cat Food Mince Beef 400g,481178,$0.85,$0.21 / 100G,https://www.woolworths.com.au/shop/productdetails/481178/smitten-cat-food-mince-beef,https://cdn0.woolworths.media/content/wowproductimages/medium/481178.jpg,2020-09-14 19:19:18,Average product rating out of 5: 3.5. Product score is based on 272 ratings,272,,True
Woolworths Supermarket,Pet,V.i.p Fussycat Steak Mince 450g,211232,$5.30,$1.18 / 100G,https://www.woolworths.com.au/shop/productdetails/211232/v-i-p-fussycat-steak-mince,https://cdn0.woolworths.media/content/wowproductimages/medium/211232.jpg,2020-09-14 19:19:18,,0,,True
Woolworths Supermarket,Pet,Smitten Recycled Paper Cat Litter 10l,672105,$9.50,$0.95 / 1L,https://www.woolworths.com.au/shop/productdetails/672105/smitten-recycled-paper-cat-litter,https://cdn0.woolworths.media/content/wowproductimages/medium/672105.jpg,2020-09-14 19:19:18,,0,,True
Woolworths Supermarket,Pet,Smitten Recycled Paper Cat Litter 20l,672106,$14.20,$0.71 / 1L,https://www.woolworths.com.au/shop/productdetails/672106/smitten-recycled-paper-cat-litter,https://cdn0.woolworths.media/content/wowproductimages/medium/672106.jpg,2020-09-14 19:19:18,,0,,True
Woolworths Supermarket,Pet,Trill Toppers Bird Treat 112g,672509,$3.99,$3.56 / 100G,https://www.woolworths.com.au/shop/productdetails/672509/trill-toppers-bird-treat,https://cdn0.woolworths.media/content/wowproductimages/medium/672509.jpg,2020-09-14 19:19:18,,0,,True
Woolworths Supermarket,Pet,Farmers Market Hickory Beef In Gravy Wet Dog Food 100g,677239,$0.90,$0.90 / 100G,https://www.woolworths.com.au/shop/productdetails/677239/farmers-market-hickory-beef-in-gravy-wet-dog-food,https://cdn0.woolworths.media/content/wowproductimages/medium/677239.jpg,2020-09-14 19:19:18,,0,,True
Woolworths Supermarket,Pet,Optimum Grain Free Kangaroo & Vegetables Wet Dog Food Can 700g,677875,$3.75,$0.54 / 100G,https://www.woolworths.com.au/shop/productdetails/677875/optimum-grain-free-kangaroo-vegetables-wet-dog-food-can,https://cdn0.woolworths.media/content/wowproductimages/medium/677875.jpg,2020-09-14 19:19:18,,0,,True
Woolworths Supermarket,Pet,Frankie & Friends Wild Bird Ring 750g,678280,$5.40,$0.72 / 100G,https://www.woolworths.com.au/shop/productdetails/678280/frankie-friends-wild-bird-ring,https://cdn0.woolworths.media/content/wowproductimages/medium/678280.jpg,2020-09-14 19:19:18,,0,,True
Woolworths Supermarket,Pet,Chum Dog Food Chicken 1.2kg,678534,$3.20,$0.27 / 100G,https://www.woolworths.com.au/shop/productdetails/678534/chum-dog-food-chicken,https://cdn0.woolworths.media/content/wowproductimages/medium/678534.jpg,2020-09-14 19:19:18,,0,,True
Woolworths Supermarket,Pet,Frankie & Friends Budgie & Canary Bird Seed Mix 2kg,679545,$5.00,$0.25 / 100G,https://www.woolworths.com.au/shop/productdetails/679545/frankie-friends-budgie-canary-bird-seed-mix,https://cdn0.woolworths.media/content/wowproductimages/medium/679545.jpg,2020-09-14 19:19:18,,0,,True
Woolworths Supermarket,Pet,Frankie & Friends Cockatiel & Peachface Bird Seed Mix 2kg,679546,$5.00,$0.25 / 100G,https://www.woolworths.com.au/shop/productdetails/679546/frankie-friends-cockatiel-peachface-bird-seed-mix,https://cdn0.woolworths.media/content/wowproductimages/medium/679546.jpg,2020-09-14 19:19:18,,0,,True
Woolworths Supermarket,Pet,Frankie & Friends Small Parrot & Wildbird Bird Seed Mix 2kg,679547,$5.00,$0.25 / 100G,https://www.woolworths.com.au/shop/productdetails/679547/frankie-friends-small-parrot-wildbird-bird-seed-mix,https://cdn0.woolworths.media/content/wowproductimages/medium/679547.jpg,2020-09-14 19:19:18,,0,,True
Woolworths Supermarket,Pet,Frankie & Friends Large Parrot & Wildbird Bird Seed Mix 2kg,679548,$5.00,$0.25 / 100G,https://www.woolworths.com.au/shop/productdetails/679548/frankie-friends-large-parrot-wildbird-bird-seed-mix,https://cdn0.woolworths.media/content/wowproductimages/medium/679548.jpg,2020-09-14 19:19:18,,0,,True
Woolworths Supermarket,Pet,Harmony No Waste Seed Mix 1kg,685175,$5.59,,https://www.woolworths.com.au/shop/productdetails/685175/harmony-no-waste-seed-mix,https://cdn0.woolworths.media/content/wowproductimages/medium/685175.jpg,2020-09-14 19:19:18,,0,,True
Woolworths Supermarket,Pet,Baxter's Chicken Pieces 100g,688566,$4.00,$4.00 / 100G,https://www.woolworths.com.au/shop/productdetails/688566/baxter-s-chicken-pieces,https://cdn0.woolworths.media/content/wowproductimages/medium/688566.jpg,2020-09-14 19:19:18,,0,,True
Woolworths Supermarket,Pet,Baxter's Puppy Mini Bones 200g,688866,$4.00,$2.00 / 100G,https://www.woolworths.com.au/shop/productdetails/688866/baxter-s-puppy-mini-bones,https://cdn0.woolworths.media/content/wowproductimages/medium/688866.jpg,2020-09-14 19:19:18,,0,,True
Woolworths Supermarket,Pet,Fussy Cat Grain Free Chicken Crunchers Cat Treats 100g,693072,$2.99,$2.99 / 100G,https://www.woolworths.com.au/shop/productdetails/693072/fussy-cat-grain-free-chicken-crunchers-cat-treats,https://cdn0.woolworths.media/content/wowproductimages/medium/693072.jpg,2020-09-14 19:19:18,,0,,True
Woolworths Supermarket,Pet,Dentalife Chicken Cat Treats 51g,693437,$3.00,$5.88 / 100G,https://www.woolworths.com.au/shop/productdetails/693437/dentalife-chicken-cat-treats,https://cdn0.woolworths.media/content/wowproductimages/medium/693437.jpg,2020-09-14 19:19:18,,0,,True
Woolworths Supermarket,Pet,Dentalife Salmon Cat Treats 51g,693438,$3.00,$5.88 / 100G,https://www.woolworths.com.au/shop/productdetails/693438/dentalife-salmon-cat-treats,https://cdn0.woolworths.media/content/wowproductimages/medium/693438.jpg,2020-09-14 19:19:18,,0,,True
Woolworths Supermarket,Pet,Applaws Cat Treat Salmon Loin 25g,694022,$2.70,$10.80 / 100G,https://www.woolworths.com.au/shop/productdetails/694022/applaws-cat-treat-salmon-loin,https://cdn0.woolworths.media/content/wowproductimages/medium/694022.jpg,2020-09-14 19:19:18,,0,,True
Woolworths Supermarket,Pet,Baxter's Chicken Chews 200g,694684,$4.00,$2.00 / 100G,https://www.woolworths.com.au/shop/productdetails/694684/baxter-s-chicken-chews,https://cdn0.woolworths.media/content/wowproductimages/medium/694684.jpg,2020-09-14 19:19:18,,0,,True
Woolworths Supermarket,Pet,Purina One Healthy Weight 1.5kg,694687,$12.00,$0.80 / 100G,https://www.woolworths.com.au/shop/productdetails/694687/purina-one-healthy-weight,https://cdn0.woolworths.media/content/wowproductimages/medium/694687.jpg,2020-09-14 19:19:18,,0,Was $14.00 17/07/2017,True
Woolworths Supermarket,Pet,Fancy Feast Tuna Prawn Mackerel & Crab Mackerel & Crab 1.4kg,694878,$15.50,$1.11 / 100G,https://www.woolworths.com.au/shop/productdetails/694878/fancy-feast-tuna-prawn-mackerel-crab-mackerel-crab,https://cdn0.woolworths.media/content/wowproductimages/medium/694878.jpg,2020-09-14 19:19:18,,0,,True
Woolworths Supermarket,Pet,Optimum Furball With Chicken 1+ Years Dry Cat Food 800g,694885,$10.00,$1.25 / 100G,https://www.woolworths.com.au/shop/productdetails/694885/optimum-furball-with-chicken-1-years-dry-cat-food,https://cdn0.woolworths.media/content/wowproductimages/medium/694885.jpg,2020-09-14 19:19:18,,0,,True
Woolworths Supermarket,Pet,Optimum Furball With Chicken 1+ Years Dry Cat Food 2kg,694888,$16.00,$0.80 / 100G,https://www.woolworths.com.au/shop/productdetails/694888/optimum-furball-with-chicken-1-years-dry-cat-food,https://cdn0.woolworths.media/content/wowproductimages/medium/694888.jpg,2020-09-14 19:19:18,,0,2 for $28.00 $0.70/100G,True
Woolworths Supermarket,Pet,Fancy Feast Beef Salmon & Cheese 1.4kg,694915,$15.50,$1.11 / 100G,https://www.woolworths.com.au/shop/productdetails/694915/fancy-feast-beef-salmon-cheese,https://cdn0.woolworths.media/content/wowproductimages/medium/694915.jpg,2020-09-14 19:19:18,,0,,True
Woolworths Supermarket,Pet,Felix Meat Menus In Jelly 85g x27 pack,020725,$25.00,$1.09 / 100G,https://www.woolworths.com.au/shop/productdetails/20725/felix-meat-menus-in-jelly,https://cdn0.woolworths.media/content/wowproductimages/medium/020725.jpg,2020-09-14 19:19:18,,0,,True
Woolworths Supermarket,Pet,Dentalife Chicken Cat Treats 51g,693437,$3.00,$5.88 / 100G,https://www.woolworths.com.au/shop/productdetails/693437/dentalife-chicken-cat-treats,https://cdn0.woolworths.media/content/wowproductimages/medium/693437.jpg,2020-09-14 19:19:18,,0,,True
Woolworths Supermarket,Pet,Essentials Dog Food Lamb 1.2kg,201207,$1.79,$0.15 / 100G,https://www.woolworths.com.au/shop/productdetails/201207/essentials-dog-food-lamb,https://cdn0.woolworths.media/content/wowproductimages/medium/201207.jpg,2020-09-14 19:19:18,,0,,True
Woolworths Supermarket,Pet,Paws Fresh Gourmet Chunky Mince Chilled Dog Food 600g,355561,$4.50,$0.75 / 100G,https://www.woolworths.com.au/shop/productdetails/355561/paws-fresh-gourmet-chunky-mince-chilled-dog-food,https://cdn0.woolworths.media/content/wowproductimages/medium/355561.jpg,2020-09-14 19:19:18,,0,,True
Woolworths Supermarket,Pet,Smitten Cat Food Sardine Tuna & Prawn 1kg,481068,$2.80,$0.28 / 100G,https://www.woolworths.com.au/shop/productdetails/481068/smitten-cat-food-sardine-tuna-prawn,https://cdn0.woolworths.media/content/wowproductimages/medium/481068.jpg,2020-09-14 19:19:18,,0,,True
Woolworths Supermarket,Pet,Whiskas 1+ Years Favourites Tuna In Jelly Wet Cat Food Pouch 85g x12 pack,625692,$8.00,$0.78 / 100G,https://www.woolworths.com.au/shop/productdetails/625692/whiskas-1-years-favourites-tuna-in-jelly-wet-cat-food-pouch,https://cdn0.woolworths.media/content/wowproductimages/medium/625692.jpg,2020-09-14 19:19:18,,0,,True
Woolworths Supermarket,Pet,Friskies Indoor Delights 1kg,847696,$4.00,$0.40 / 100G,https://www.woolworths.com.au/shop/productdetails/847696/friskies-indoor-delights,https://cdn0.woolworths.media/content/wowproductimages/medium/847696.jpg,2020-09-14 19:19:18,,0,Was $4.49 14/11/16,True
Woolworths Supermarket,Pet,Fancy Feast Medleys Wild Salmon Florentine 85g,327228,$1.75,$2.06 / 100G,https://www.woolworths.com.au/shop/productdetails/327228/fancy-feast-medleys-wild-salmon-florentine,https://cdn0.woolworths.media/content/wowproductimages/medium/327228.jpg,2020-09-14 19:19:18,,0,,True
Woolworths Supermarket,Pet,Fancy Feast Cat Food Gravy Lovers Beef 85g,360616,$1.45,$1.71 / 100G,https://www.woolworths.com.au/shop/productdetails/360616/fancy-feast-cat-food-gravy-lovers-beef,https://cdn0.woolworths.media/content/wowproductimages/medium/360616.jpg,2020-09-14 19:19:18,,0,10 for $13.00 $1.53/100G,True
Woolworths Supermarket,Pet,"Baxter's Dog Food Casserole Chicken, Rice & Veg 700g",480256,$1.50,$0.21 / 100G,https://www.woolworths.com.au/shop/productdetails/480256/baxter-s-dog-food-casserole-chicken-rice-veg,https://cdn0.woolworths.media/content/wowproductimages/medium/480256.jpg,2020-09-14 19:19:18,,0,,True
Woolworths Supermarket,Pet,Smitten Cat Food Mince Chicken & Turkey 400g,481179,$0.85,$0.21 / 100G,https://www.woolworths.com.au/shop/productdetails/481179/smitten-cat-food-mince-chicken-turkey,https://cdn0.woolworths.media/content/wowproductimages/medium/481179.jpg,2020-09-14 19:19:18,,0,,True
Woolworths Supermarket,Pet,Frankie & Friends Wild Bird Food 10kg,204524,$17.50,$0.18 / 100G,https://www.woolworths.com.au/shop/productdetails/204524/frankie-friends-wild-bird-food,https://cdn0.woolworths.media/content/wowproductimages/medium/204524.jpg,2020-09-14 19:19:18,,0,,True
Woolworths Supermarket,Pet,Smitten Kitten Food Chicken & Tuna 1kg,481088,$2.80,$0.28 / 100G,https://www.woolworths.com.au/shop/productdetails/481088/smitten-kitten-food-chicken-tuna,https://cdn0.woolworths.media/content/wowproductimages/medium/481088.jpg,2020-09-14 19:19:18,,0,,True
Woolworths Supermarket,Pet,Friskies Seafood Sensations 2.5kg,847745,$9.00,$0.36 / 100G,https://www.woolworths.com.au/shop/productdetails/847745/friskies-seafood-sensations,https://cdn0.woolworths.media/content/wowproductimages/medium/847745.jpg,2020-09-14 19:19:18,,0,,True
Woolworths Supermarket,Pet,Friskies Seven Dry Cat Food Adult 1kg,624760,$4.00,$0.40 / 100G,https://www.woolworths.com.au/shop/productdetails/624760/friskies-seven-dry-cat-food-adult,https://cdn0.woolworths.media/content/wowproductimages/medium/624760.jpg,2020-09-14 19:19:18,,0,Was $4.49 14/11/2016,True
Woolworths Supermarket,Pet,Fancy Feast Adult Cat Food Grilled Chicken Prime Fillet 85g,179506,$1.45,$1.71 / 100G,https://www.woolworths.com.au/shop/productdetails/179506/fancy-feast-adult-cat-food-grilled-chicken-prime-fillet,https://cdn0.woolworths.media/content/wowproductimages/medium/179506.jpg,2020-09-14 19:19:18,,0,10 for $13.00 $1.53/100G,True
Woolworths Supermarket,Pet,Total Care Diamante Cat Collar each,360800,$7.99,,https://www.woolworths.com.au/shop/productdetails/360800/total-care-diamante-cat-collar,https://cdn0.woolworths.media/content/wowproductimages/medium/360800.jpg,2020-09-14 19:19:18,,0,,True
Woolworths Supermarket,Pet,Gourmet Delight Ocean Delights 80g x12 pack,065712,$8.00,$0.83 / 100G,https://www.woolworths.com.au/shop/productdetails/65712/gourmet-delight-ocean-delights,https://cdn0.woolworths.media/content/wowproductimages/medium/065712.jpg,2020-09-14 19:19:18,,0,,True
Woolworths Supermarket,Pet,Fancy Feast Savoury Salmon 85g,268308,$1.45,$1.71 / 100G,https://www.woolworths.com.au/shop/productdetails/268308/fancy-feast-savoury-salmon,https://cdn0.woolworths.media/content/wowproductimages/medium/268308.jpg,2020-09-14 19:19:18,,0,10 for $13.00 $1.53/100G,True
Woolworths Supermarket,Pet,Frankie & Friends Wild Bird Seed Blend 5kg,696223,$9.50,$0.19 / 100G,https://www.woolworths.com.au/shop/productdetails/696223/frankie-friends-wild-bird-seed-blend,https://cdn0.woolworths.media/content/wowproductimages/medium/696223.jpg,2020-09-14 19:19:18,,0,,True
Woolworths Supermarket,Pet,Vitapet Jerhigh Chicken Tenders For Dogs 100g,703325,$7.40,$7.40 / 100G,https://www.woolworths.com.au/shop/productdetails/703325/vitapet-jerhigh-chicken-tenders-for-dogs,https://cdn0.woolworths.media/content/wowproductimages/medium/703325.jpg,2020-09-14 19:19:18,,0,,True
Woolworths Supermarket,Pet,Vitapet Jerhigh Treat Variety Pack 400g,703364,$16.50,$4.13 / 100G,https://www.woolworths.com.au/shop/productdetails/703364/vitapet-jerhigh-treat-variety-pack,https://cdn0.woolworths.media/content/wowproductimages/medium/703364.jpg,2020-09-14 19:19:18,,0,,True
Woolworths Supermarket,Pet,Total Care Chocolate Worming For Dogs 6 pack,705499,$8.99,$1.50 / 1EA,https://www.woolworths.com.au/shop/productdetails/705499/total-care-chocolate-worming-for-dogs,https://cdn0.woolworths.media/content/wowproductimages/medium/705499.jpg,2020-09-14 19:19:18,,0,,True
Woolworths Supermarket,Pet,Nature's Gift Adult Dog Food Gourmet Loaf Style Beef & Kidney With Chia 100g,716216,$1.00,$1.00 / 100G,https://www.woolworths.com.au/shop/productdetails/716216/nature-s-gift-adult-dog-food-gourmet-loaf-style-beef-kidney-with-chia,https://cdn0.woolworths.media/content/wowproductimages/medium/716216.jpg,2020-09-14 19:19:18,,0,Was $1.20 02/10/2017,True
Woolworths Supermarket,Pet,Optimum Adult With Lamb & Rice Wet Dog Food Tray 100g,716747,$1.50,$1.50 / 100G,https://www.woolworths.com.au/shop/productdetails/716747/optimum-adult-with-lamb-rice-wet-dog-food-tray,https://cdn0.woolworths.media/content/wowproductimages/medium/716747.jpg,2020-09-14 19:19:18,,0,,True
Woolworths Supermarket,Pet,Optimum Adult With Chicken & Rice Wet Dog Food 100g,716763,$1.50,$1.50 / 100G,https://www.woolworths.com.au/shop/productdetails/716763/optimum-adult-with-chicken-rice-wet-dog-food,https://cdn0.woolworths.media/content/wowproductimages/medium/716763.jpg,2020-09-14 19:19:18,,0,,True
Woolworths Supermarket,Pet,Optimum Adult With Salmon & Rice Wet Dog Food 100g,716765,$1.50,$1.50 / 100G,https://www.woolworths.com.au/shop/productdetails/716765/optimum-adult-with-salmon-rice-wet-dog-food,https://cdn0.woolworths.media/content/wowproductimages/medium/716765.jpg,2020-09-14 19:19:18,,0,,True
Woolworths Supermarket,Pet,Good-o Adult Dog Food Minis Chicken & Veal 3kg,716787,$13.30,$0.44 / 100G,https://www.woolworths.com.au/shop/productdetails/716787/good-o-adult-dog-food-minis-chicken-veal,https://cdn0.woolworths.media/content/wowproductimages/medium/716787.jpg,2020-09-14 19:19:18,,0,,True
Woolworths Supermarket,Pet,Total Care Cat Litter Scoop Scoop each,716965,$2.73,$2.73 / 1EA,https://www.woolworths.com.au/shop/productdetails/716965/total-care-cat-litter-scoop-scoop,https://cdn0.woolworths.media/content/wowproductimages/medium/716965.jpg,2020-09-14 19:19:18,,0,,True
Woolworths Supermarket,Pet,Fussy Cat Grain Free Beef And Kangaroo With Sweet Potato Dry Cat Food 500g,726144,$5.00,$1.00 / 100G,https://www.woolworths.com.au/shop/productdetails/726144/fussy-cat-grain-free-beef-and-kangaroo-with-sweet-potato-dry-cat-food,https://cdn0.woolworths.media/content/wowproductimages/medium/726144.jpg,2020-09-14 19:19:18,,0,,True
Woolworths Supermarket,Pet,Fancy Feast Inspirations Beef & Tuna 12 pack,726438,$14.50,$1.73 / 100G,https://www.woolworths.com.au/shop/productdetails/726438/fancy-feast-inspirations-beef-tuna,https://cdn0.woolworths.media/content/wowproductimages/medium/726438.jpg,2020-09-14 19:19:18,,0,,True
Woolworths Supermarket,Pet,Fancy Feast Inspirations Chicken Varities Chicken 12 pack,726535,$14.50,$1.73 / 100G,https://www.woolworths.com.au/shop/productdetails/726535/fancy-feast-inspirations-chicken-varities-chicken,https://cdn0.woolworths.media/content/wowproductimages/medium/726535.jpg,2020-09-14 19:19:18,,0,,True
Woolworths Supermarket,Pet,Fancy Feast Inspirations Salmon & Tuna 12 pack,726536,$14.50,$1.73 / 100G,https://www.woolworths.com.au/shop/productdetails/726536/fancy-feast-inspirations-salmon-tuna,https://cdn0.woolworths.media/content/wowproductimages/medium/726536.jpg,2020-09-14 19:19:18,,0,,True
Woolworths Supermarket,Pet,Fancy Feast Royale Tuna Surimi & Whitebait Broth 40g,727075,$1.20,$3.00 / 100G,https://www.woolworths.com.au/shop/productdetails/727075/fancy-feast-royale-tuna-surimi-whitebait-broth,https://cdn0.woolworths.media/content/wowproductimages/medium/727075.jpg,2020-09-14 19:19:18,,0,,True
Woolworths Supermarket,Pet,Fancy Feast Royale Cat Food Wet Prawn Broth 40g,727082,$1.20,$3.00 / 100G,https://www.woolworths.com.au/shop/productdetails/727082/fancy-feast-royale-cat-food-wet-prawn-broth,https://cdn0.woolworths.media/content/wowproductimages/medium/727082.jpg,2020-09-14 19:19:18,,0,,True
Woolworths Supermarket,Pet,Total Care Comfort Padded Dog Collar Small each,730634,$10.00,$10.00 / 1EA,https://www.woolworths.com.au/shop/productdetails/730634/total-care-comfort-padded-dog-collar-small,https://cdn0.woolworths.media/content/wowproductimages/medium/730634.jpg,2020-09-14 19:19:18,,0,,True
Woolworths Supermarket,Pet,Total Care Padded Dog Collar Medium each,730661,$10.95,$10.95 / 1EA,https://www.woolworths.com.au/shop/productdetails/730661/total-care-padded-dog-collar-medium,https://cdn0.woolworths.media/content/wowproductimages/medium/730661.jpg,2020-09-14 19:19:18,,0,,True
Woolworths Supermarket,Pet,Rufus & Coco Seatbelt Attachment each,731765,$15.00,$15.00 / 1EA,https://www.woolworths.com.au/shop/productdetails/731765/rufus-coco-seatbelt-attachment,https://cdn0.woolworths.media/content/wowproductimages/medium/731765.jpg,2020-09-14 19:19:18,,0,Designs may vary,True
Woolworths Supermarket,Pet,Natures Goodness Adult Dog Food Wild Game With Sweet Potato 3kg,732409,$15.79,$0.53 / 100G,https://www.woolworths.com.au/shop/productdetails/732409/natures-goodness-adult-dog-food-wild-game-with-sweet-potato,https://cdn0.woolworths.media/content/wowproductimages/medium/732409.jpg,2020-09-14 19:19:18,,0,,True
Woolworths Supermarket,Pet,Scotch-brite Pet Lint Roller Refill 56 sheets,739022,$7.00,$7.00 / 1EA,https://www.woolworths.com.au/shop/productdetails/739022/scotch-brite-pet-lint-roller-refill,https://cdn0.woolworths.media/content/wowproductimages/medium/739022.jpg,2020-09-14 19:19:18,,0,3 for $16.50 $5.50/1EA,True
Woolworths Supermarket,Pet,Natures Goodness Adult Dog Food Turkey With Vegetables 2.15kg,741258,$4.50,$0.21 / 100G,https://www.woolworths.com.au/shop/productdetails/741258/natures-goodness-adult-dog-food-turkey-with-vegetables,https://cdn0.woolworths.media/content/wowproductimages/medium/741258.jpg,2020-09-14 19:19:18,,0,,True
Woolworths Supermarket,Pet,Natures Goodness Adult Dog Food Chicken With Duck & Veg 1.08kg,741275,$3.40,$0.31 / 100G,https://www.woolworths.com.au/shop/productdetails/741275/natures-goodness-adult-dog-food-chicken-with-duck-veg,https://cdn0.woolworths.media/content/wowproductimages/medium/741275.jpg,2020-09-14 19:19:18,,0,,True
Woolworths Supermarket,Pet,Optimum Puppy With Chicken Rice & Vegetables Wet Dog Food 100g,750975,$1.50,$1.50 / 100G,https://www.woolworths.com.au/shop/productdetails/750975/optimum-puppy-with-chicken-rice-vegetables-wet-dog-food,https://cdn0.woolworths.media/content/wowproductimages/medium/750975.jpg,2020-09-14 19:19:18,,0,,True
Woolworths Supermarket,Pet,Applaws It's All Good Dry Dog Food Chicken & Turkey 2.7kg,899673,$19.00,$0.70 / 100G,https://www.woolworths.com.au/shop/productdetails/899673/applaws-it-s-all-good-dry-dog-food-chicken-turkey,https://cdn0.woolworths.media/content/wowproductimages/medium/899673.jpg,2020-09-14 19:19:18,,0,,True
Woolworths Supermarket,Pet,V.i.p Fussycat Steak Mince 450g,211232,$5.30,$1.18 / 100G,https://www.woolworths.com.au/shop/productdetails/211232/v-i-p-fussycat-steak-mince,https://cdn0.woolworths.media/content/wowproductimages/medium/211232.jpg,2020-09-14 19:19:18,,0,,True
Woolworths Supermarket,Pet,Dine Saucy Morsels With Tuna Mornay & Cheese Wet Cat Food Tray 7 pack,477637,$6.00,$1.01 / 100G,https://www.woolworths.com.au/shop/productdetails/477637/dine-saucy-morsels-with-tuna-mornay-cheese-wet-cat-food-tray,https://cdn0.woolworths.media/content/wowproductimages/medium/477637.jpg,2020-09-14 19:19:18,,0,,True
Woolworths Supermarket,Pet,Fussy Cat Grain Free Beef Mince Casserole Wet Cat Food 400g,064194,$1.80,$0.45 / 100G,https://www.woolworths.com.au/shop/productdetails/64194/fussy-cat-grain-free-beef-mince-casserole-wet-cat-food,https://cdn0.woolworths.media/content/wowproductimages/medium/064194.jpg,2020-09-14 19:19:18,,0,4 for $6.00 $0.38/100G,True
Woolworths Supermarket,Pet,"Baxter's Dog Food Casserole Chicken, Rice & Veg 700g",480256,$1.50,$0.21 / 100G,https://www.woolworths.com.au/shop/productdetails/480256/baxter-s-dog-food-casserole-chicken-rice-veg,https://cdn0.woolworths.media/content/wowproductimages/medium/480256.jpg,2020-09-14 19:19:18,,0,,True
Woolworths Supermarket,Pet,Smitten Cat Food Chicken Salmon & Tuna 1kg,481087,$2.80,$0.28 / 100G,https://www.woolworths.com.au/shop/productdetails/481087/smitten-cat-food-chicken-salmon-tuna,https://cdn0.woolworths.media/content/wowproductimages/medium/481087.jpg,2020-09-14 19:19:18,,0,,True
Woolworths Supermarket,Pet,V.i.p Adult Dog Food Chicken Chunkers 1kg,158895,$4.25,$0.43 / 100G,https://www.woolworths.com.au/shop/productdetails/158895/v-i-p-adult-dog-food-chicken-chunkers,https://cdn0.woolworths.media/content/wowproductimages/medium/158895.jpg,2020-09-14 19:19:18,,0,Was $5.00 12/03/2018,True
Woolworths Supermarket,Pet,Nature's Gift Casserole Kangaroo & Vegetables 700g,793023,$2.00,$0.29 / 100G,https://www.woolworths.com.au/shop/productdetails/793023/nature-s-gift-casserole-kangaroo-vegetables,https://cdn0.woolworths.media/content/wowproductimages/medium/793023.jpg,2020-09-14 19:19:18,,0,Was $2.80 02/10/2017,True
Woolworths Supermarket,Pet,Fussy Cat Grain Free Chicken & Turkey With Cranberry Wet Cat Food 400g,810160,$1.80,$0.45 / 100G,https://www.woolworths.com.au/shop/productdetails/810160/fussy-cat-grain-free-chicken-turkey-with-cranberry-wet-cat-food,https://cdn0.woolworths.media/content/wowproductimages/medium/810160.jpg,2020-09-14 19:19:18,,0,4 for $6.00 $0.38/100G,True
Woolworths Supermarket,Pet,Smitten Cat Food Beef Lamb & Vegetables 1kg,481065,$2.80,$0.28 / 100G,https://www.woolworths.com.au/shop/productdetails/481065/smitten-cat-food-beef-lamb-vegetables,https://cdn0.woolworths.media/content/wowproductimages/medium/481065.jpg,2020-09-14 19:19:18,,0,,True
Woolworths Supermarket,Pet,V.i.p Adult Dog Food Lamb Chunkers 1kg,217233,$4.25,$0.43 / 100G,https://www.woolworths.com.au/shop/productdetails/217233/v-i-p-adult-dog-food-lamb-chunkers,https://cdn0.woolworths.media/content/wowproductimages/medium/217233.jpg,2020-09-14 19:19:18,,0,Was $5.00 12/03/2018,True
Woolworths Supermarket,Pet,Smitten Cat Food Mince Beef 400g,481178,$0.85,$0.21 / 100G,https://www.woolworths.com.au/shop/productdetails/481178/smitten-cat-food-mince-beef,https://cdn0.woolworths.media/content/wowproductimages/medium/481178.jpg,2020-09-14 19:19:18,Average product rating out of 5: 3.5. Product score is based on 272 ratings,272,,True
Woolworths Supermarket,Pet,Nature's Gift Meal Time Loaf Beef Barley & Vegetables Wet Dog Food 700g,071686,$2.00,$0.29 / 100G,https://www.woolworths.com.au/shop/productdetails/71686/nature-s-gift-meal-time-loaf-beef-barley-vegetables-wet-dog-food,https://cdn0.woolworths.media/content/wowproductimages/medium/071686.jpg,2020-09-14 19:19:18,,0,Was $2.80 02/10/2017,True
Woolworths Supermarket,Pet,Paws Fresh Gourmet Chunky Mince Chilled Dog Food 600g,355561,$4.50,$0.75 / 100G,https://www.woolworths.com.au/shop/productdetails/355561/paws-fresh-gourmet-chunky-mince-chilled-dog-food,https://cdn0.woolworths.media/content/wowproductimages/medium/355561.jpg,2020-09-14 19:19:18,,0,,True
Woolworths Supermarket,Pet,Dentalife Chicken Cat Treats 51g,693437,$3.00,$5.88 / 100G,https://www.woolworths.com.au/shop/productdetails/693437/dentalife-chicken-cat-treats,https://cdn0.woolworths.media/content/wowproductimages/medium/693437.jpg,2020-09-14 19:19:18,,0,,True
Woolworths Supermarket,Pet,Fussy Cat Grain Free Chicken Mince Casserole Wet Cat Food 400g,067483,$1.80,$0.45 / 100G,https://www.woolworths.com.au/shop/productdetails/67483/fussy-cat-grain-free-chicken-mince-casserole-wet-cat-food,https://cdn0.woolworths.media/content/wowproductimages/medium/067483.jpg,2020-09-14 19:19:18,,0,4 for $6.00 $0.38/100G,True
Woolworths Supermarket,Pet,Nature's Gift Meal Time Loaf With Kangaroo Rice & Veg Wet Dog Food 700g,323269,$2.00,$0.29 / 100G,https://www.woolworths.com.au/shop/productdetails/323269/nature-s-gift-meal-time-loaf-with-kangaroo-rice-veg-wet-dog-food,https://cdn0.woolworths.media/content/wowproductimages/medium/323269.jpg,2020-09-14 19:19:18,,0,Was $2.80 02/10/2017,True
Woolworths Supermarket,Pet,Nature's Gift Meal Time Loaf Duck & Vegetables Dog Food 700g,657013,$2.00,$0.29 / 100G,https://www.woolworths.com.au/shop/productdetails/657013/nature-s-gift-meal-time-loaf-duck-vegetables-dog-food,https://cdn0.woolworths.media/content/wowproductimages/medium/657013.jpg,2020-09-14 19:19:18,,0,,True
Woolworths Supermarket,Pet,Felix As Good As It Looks Ocean Menus 12x85g,844355,$11.50,$1.13 / 100G,https://www.woolworths.com.au/shop/productdetails/844355/felix-as-good-as-it-looks-ocean-menus,https://cdn0.woolworths.media/content/wowproductimages/medium/844355.jpg,2020-09-14 19:19:18,,0,,True
Woolworths Supermarket,Pet,Felix Meat Menus In Jelly 85g x27 pack,020725,$25.00,$1.09 / 100G,https://www.woolworths.com.au/shop/productdetails/20725/felix-meat-menus-in-jelly,https://cdn0.woolworths.media/content/wowproductimages/medium/020725.jpg,2020-09-14 19:19:18,,0,,True
Woolworths Supermarket,Pet,Frankie & Friends Wild Bird Block 1.4kg,755531,$7.40,$0.53 / 100G,https://www.woolworths.com.au/shop/productdetails/755531/frankie-friends-wild-bird-block,https://cdn0.woolworths.media/content/wowproductimages/medium/755531.jpg,2020-09-14 19:19:18,,0,,True
Woolworths Supermarket,Pet,Frankie & Friends Wild Bird Sunflower Seed Bell Treat 585g,755534,$5.30,$0.91 / 100G,https://www.woolworths.com.au/shop/productdetails/755534/frankie-friends-wild-bird-sunflower-seed-bell-treat,https://cdn0.woolworths.media/content/wowproductimages/medium/755534.jpg,2020-09-14 19:19:18,,0,,True
Woolworths Supermarket,Pet,Frankie & Friends Gourmet Parrot Treat 90g,755535,$2.00,$2.22 / 100G,https://www.woolworths.com.au/shop/productdetails/755535/frankie-friends-gourmet-parrot-treat,https://cdn0.woolworths.media/content/wowproductimages/medium/755535.jpg,2020-09-14 19:19:18,,0,,True
Woolworths Supermarket,Pet,Frankie & Friends Budgie & Canary Bar 220g,755536,$4.00,$1.82 / 100G,https://www.woolworths.com.au/shop/productdetails/755536/frankie-friends-budgie-canary-bar,https://cdn0.woolworths.media/content/wowproductimages/medium/755536.jpg,2020-09-14 19:19:18,,0,,True
Woolworths Supermarket,Pet,Frankie & Friends Parrot & Peachface Bar Twin Pack 180g,755537,$3.40,$1.89 / 100G,https://www.woolworths.com.au/shop/productdetails/755537/frankie-friends-parrot-peachface-bar-twin-pack,https://cdn0.woolworths.media/content/wowproductimages/medium/755537.jpg,2020-09-14 19:19:18,,0,,True
Woolworths Supermarket,Pet,Frankie & Friends Small Bird Honey & Fruit Treat 330g,755538,$2.45,$0.74 / 100G,https://www.woolworths.com.au/shop/productdetails/755538/frankie-friends-small-bird-honey-fruit-treat,https://cdn0.woolworths.media/content/wowproductimages/medium/755538.jpg,2020-09-14 19:19:18,,0,,True
Woolworths Supermarket,Pet,Frankie & Friends Wild Bird Honey & Fruit Treat 300g,755539,$2.45,$0.82 / 100G,https://www.woolworths.com.au/shop/productdetails/755539/frankie-friends-wild-bird-honey-fruit-treat,https://cdn0.woolworths.media/content/wowproductimages/medium/755539.jpg,2020-09-14 19:19:18,,0,,True
Woolworths Supermarket,Pet,Total Care Padded Dog Lead Padded Nylon Lead 180cm,763580,$14.99,$14.99 / 1EA,https://www.woolworths.com.au/shop/productdetails/763580/total-care-padded-dog-lead-padded-nylon-lead,https://cdn0.woolworths.media/content/wowproductimages/medium/763580.jpg,2020-09-14 19:19:18,,0,,True
Woolworths Supermarket,Pet,Total Care Calm & Clean Dog Shampoo 250ml,765073,$10.00,$4.00 / 100ML,https://www.woolworths.com.au/shop/productdetails/765073/total-care-calm-clean-dog-shampoo,https://cdn0.woolworths.media/content/wowproductimages/medium/765073.jpg,2020-09-14 19:19:18,,0,,True
Woolworths Supermarket,Pet,Rufus & Coco Breath Buddy Water Additive each,765606,$13.44,$8.96 / 100ML,https://www.woolworths.com.au/shop/productdetails/765606/rufus-coco-breath-buddy-water-additive,https://cdn0.woolworths.media/content/wowproductimages/medium/765606.jpg,2020-09-14 19:19:18,,0,,True
Woolworths Supermarket,Pet,Rufus & Coco Soft Mesh Collar S/m each,766416,$15.44,$15.44 / 1EA,https://www.woolworths.com.au/shop/productdetails/766416/rufus-coco-soft-mesh-collar-s-m,https://cdn0.woolworths.media/content/wowproductimages/medium/766416.jpg,2020-09-14 19:19:18,,0,Designs may vary,True
Woolworths Supermarket,Pet,Optimum Adult 7+ With Chicken Vegetables & Rice Dry Dog Food 2.7kg,766776,$19.00,$0.70 / 100G,https://www.woolworths.com.au/shop/productdetails/766776/optimum-adult-7-with-chicken-vegetables-rice-dry-dog-food,https://cdn0.woolworths.media/content/wowproductimages/medium/766776.jpg,2020-09-14 19:19:18,,0,,True
Woolworths Supermarket,Pet,Optimum Adult With Beef Vegetables & Rice Dry Dog Food 7kg,766938,$28.00,$0.40 / 100G,https://www.woolworths.com.au/shop/productdetails/766938/optimum-adult-with-beef-vegetables-rice-dry-dog-food,https://cdn0.woolworths.media/content/wowproductimages/medium/766938.jpg,2020-09-14 19:19:18,,0,,True
Woolworths Supermarket,Pet,Vitapet Jerhigh Treat Bbq Chicken Chasers 100g,767891,$4.90,$4.90 / 100G,https://www.woolworths.com.au/shop/productdetails/767891/vitapet-jerhigh-treat-bbq-chicken-chasers,https://cdn0.woolworths.media/content/wowproductimages/medium/767891.jpg,2020-09-14 19:19:18,,0,,True
Woolworths Supermarket,Pet,Dine Melting Soup Tuna & Chicken Wet Cat Food Treat 40g,772717,$1.05,$2.63 / 100G,https://www.woolworths.com.au/shop/productdetails/772717/dine-melting-soup-tuna-chicken-wet-cat-food-treat,https://cdn0.woolworths.media/content/wowproductimages/medium/772717.jpg,2020-09-14 19:19:18,,0,6 for $5.40,True
Woolworths Supermarket,Pet,Dine Melting Soup Tuna & Salmon Wet Cat Food Treat 40g,772780,$1.05,$2.63 / 100G,https://www.woolworths.com.au/shop/productdetails/772780/dine-melting-soup-tuna-salmon-wet-cat-food-treat,https://cdn0.woolworths.media/content/wowproductimages/medium/772780.jpg,2020-09-14 19:19:18,,0,6 for $5.40,True
Woolworths Supermarket,Pet,Nature's Gift Nourish Kangaroo & Mixed Vegetables Chewy Dry Dog Food 1.8kg,780087,$9.50,$0.53 / 100G,https://www.woolworths.com.au/shop/productdetails/780087/nature-s-gift-nourish-kangaroo-mixed-vegetables-chewy-dry-dog-food,https://cdn0.woolworths.media/content/wowproductimages/medium/780087.jpg,2020-09-14 19:19:18,,0,,True
Woolworths Supermarket,Pet,Frankie & Friends Tidy Bag Dispenser & Refill 2 x25 pack,780114,$5.99,$5.99 / 1EA,https://www.woolworths.com.au/shop/productdetails/780114/frankie-friends-tidy-bag-dispenser-refill,https://cdn0.woolworths.media/content/wowproductimages/medium/780114.jpg,2020-09-14 19:19:18,,0,,True
Woolworths Supermarket,Pet,Natures Goodness Adult Dog Food Kangaroo Sweet Potato & Beans 400g,780118,$1.89,$0.47 / 100G,https://www.woolworths.com.au/shop/productdetails/780118/natures-goodness-adult-dog-food-kangaroo-sweet-potato-beans,https://cdn0.woolworths.media/content/wowproductimages/medium/780118.jpg,2020-09-14 19:19:18,,0,,True
Woolworths Supermarket,Pet,Natures Goodness Adult Dog Food Chicken & Duck With Vegetables 400g,780294,$1.89,$0.47 / 100G,https://www.woolworths.com.au/shop/productdetails/780294/natures-goodness-adult-dog-food-chicken-duck-with-vegetables,https://cdn0.woolworths.media/content/wowproductimages/medium/780294.jpg,2020-09-14 19:19:18,,0,,True
Woolworths Supermarket,Pet,Natures Goodness Adult Dog Food Lamb Rosemary & Vegetables 400g,780301,$1.89,$0.47 / 100G,https://www.woolworths.com.au/shop/productdetails/780301/natures-goodness-adult-dog-food-lamb-rosemary-vegetables,https://cdn0.woolworths.media/content/wowproductimages/medium/780301.jpg,2020-09-14 19:19:18,,0,,True
Woolworths Supermarket,Pet,Natures Goodness Adult Dog Food Beef Stew With Carrot & Potato 400g,780302,$1.89,$0.47 / 100G,https://www.woolworths.com.au/shop/productdetails/780302/natures-goodness-adult-dog-food-beef-stew-with-carrot-potato,https://cdn0.woolworths.media/content/wowproductimages/medium/780302.jpg,2020-09-14 19:19:18,,0,,True
Woolworths Supermarket,Pet,Natures Goodness Adult Dog Food Kangaroo Sweet Potato & Beans 100g,780303,$1.19,$1.19 / 100G,https://www.woolworths.com.au/shop/productdetails/780303/natures-goodness-adult-dog-food-kangaroo-sweet-potato-beans,https://cdn0.woolworths.media/content/wowproductimages/medium/780303.jpg,2020-09-14 19:19:18,,0,,True
Woolworths Supermarket,Pet,Natures Goodness Adult Dog Food Chicken With Duck & Vegetables 100g,780305,$1.19,$1.19 / 100G,https://www.woolworths.com.au/shop/productdetails/780305/natures-goodness-adult-dog-food-chicken-with-duck-vegetables,https://cdn0.woolworths.media/content/wowproductimages/medium/780305.jpg,2020-09-14 19:19:18,,0,,True
Woolworths Supermarket,Pet,Applaws It's All Good Dry Dog Food Chicken & Turkey 2.7kg,899673,$19.00,$0.70 / 100G,https://www.woolworths.com.au/shop/productdetails/899673/applaws-it-s-all-good-dry-dog-food-chicken-turkey,https://cdn0.woolworths.media/content/wowproductimages/medium/899673.jpg,2020-09-14 19:19:18,,0,,True
Woolworths Supermarket,Pet,V.i.p Fussycat Steak Mince 450g,211232,$5.30,$1.18 / 100G,https://www.woolworths.com.au/shop/productdetails/211232/v-i-p-fussycat-steak-mince,https://cdn0.woolworths.media/content/wowproductimages/medium/211232.jpg,2020-09-14 19:19:18,,0,,True
Woolworths Supermarket,Pet,Felix As Good As It Looks Ocean Menus 12x85g,844355,$11.50,$1.13 / 100G,https://www.woolworths.com.au/shop/productdetails/844355/felix-as-good-as-it-looks-ocean-menus,https://cdn0.woolworths.media/content/wowproductimages/medium/844355.jpg,2020-09-14 19:19:18,,0,,True
Woolworths Supermarket,Pet,Dentalife Chicken Cat Treats 51g,693437,$3.00,$5.88 / 100G,https://www.woolworths.com.au/shop/productdetails/693437/dentalife-chicken-cat-treats,https://cdn0.woolworths.media/content/wowproductimages/medium/693437.jpg,2020-09-14 19:19:18,,0,,True
Woolworths Supermarket,Pet,"Baxter's Dog Food Casserole Chicken, Rice & Veg 700g",480256,$1.50,$0.21 / 100G,https://www.woolworths.com.au/shop/productdetails/480256/baxter-s-dog-food-casserole-chicken-rice-veg,https://cdn0.woolworths.media/content/wowproductimages/medium/480256.jpg,2020-09-14 19:19:18,,0,,True
Woolworths Supermarket,Pet,Smitten Cat Food Chicken Salmon & Tuna 1kg,481087,$2.80,$0.28 / 100G,https://www.woolworths.com.au/shop/productdetails/481087/smitten-cat-food-chicken-salmon-tuna,https://cdn0.woolworths.media/content/wowproductimages/medium/481087.jpg,2020-09-14 19:19:18,,0,,True
Woolworths Supermarket,Pet,Nature's Gift Casserole Kangaroo & Vegetables 700g,793023,$2.00,$0.29 / 100G,https://www.woolworths.com.au/shop/productdetails/793023/nature-s-gift-casserole-kangaroo-vegetables,https://cdn0.woolworths.media/content/wowproductimages/medium/793023.jpg,2020-09-14 19:19:18,,0,Was $2.80 02/10/2017,True
Woolworths Supermarket,Pet,Nature's Gift Meal Time Loaf Beef Barley & Vegetables Wet Dog Food 700g,071686,$2.00,$0.29 / 100G,https://www.woolworths.com.au/shop/productdetails/71686/nature-s-gift-meal-time-loaf-beef-barley-vegetables-wet-dog-food,https://cdn0.woolworths.media/content/wowproductimages/medium/071686.jpg,2020-09-14 19:19:18,,0,Was $2.80 02/10/2017,True
Woolworths Supermarket,Pet,Fussy Cat Grain Free Chicken & Turkey With Cranberry Wet Cat Food 400g,810160,$1.80,$0.45 / 100G,https://www.woolworths.com.au/shop/productdetails/810160/fussy-cat-grain-free-chicken-turkey-with-cranberry-wet-cat-food,https://cdn0.woolworths.media/content/wowproductimages/medium/810160.jpg,2020-09-14 19:19:18,,0,4 for $6.00 $0.38/100G,True
Woolworths Supermarket,Pet,Paws Fresh Gourmet Chunky Mince Chilled Dog Food 600g,355561,$4.50,$0.75 / 100G,https://www.woolworths.com.au/shop/productdetails/355561/paws-fresh-gourmet-chunky-mince-chilled-dog-food,https://cdn0.woolworths.media/content/wowproductimages/medium/355561.jpg,2020-09-14 19:19:18,,0,,True
Woolworths Supermarket,Pet,V.i.p Adult Dog Food Lamb Chunkers 1kg,217233,$4.25,$0.43 / 100G,https://www.woolworths.com.au/shop/productdetails/217233/v-i-p-adult-dog-food-lamb-chunkers,https://cdn0.woolworths.media/content/wowproductimages/medium/217233.jpg,2020-09-14 19:19:18,,0,Was $5.00 12/03/2018,True
Woolworths Supermarket,Pet,Smitten Cat Food Beef Lamb & Vegetables 1kg,481065,$2.80,$0.28 / 100G,https://www.woolworths.com.au/shop/productdetails/481065/smitten-cat-food-beef-lamb-vegetables,https://cdn0.woolworths.media/content/wowproductimages/medium/481065.jpg,2020-09-14 19:19:18,,0,,True
Woolworths Supermarket,Pet,Dine Saucy Morsels With Tuna Mornay & Cheese Wet Cat Food Tray 7 pack,477637,$6.00,$1.01 / 100G,https://www.woolworths.com.au/shop/productdetails/477637/dine-saucy-morsels-with-tuna-mornay-cheese-wet-cat-food-tray,https://cdn0.woolworths.media/content/wowproductimages/medium/477637.jpg,2020-09-14 19:19:18,,0,,True
Woolworths Supermarket,Pet,Fussy Cat Grain Free Chicken Mince Casserole Wet Cat Food 400g,067483,$1.80,$0.45 / 100G,https://www.woolworths.com.au/shop/productdetails/67483/fussy-cat-grain-free-chicken-mince-casserole-wet-cat-food,https://cdn0.woolworths.media/content/wowproductimages/medium/067483.jpg,2020-09-14 19:19:18,,0,4 for $6.00 $0.38/100G,True
Woolworths Supermarket,Pet,Felix Meat Menus In Jelly 85g x27 pack,020725,$25.00,$1.09 / 100G,https://www.woolworths.com.au/shop/productdetails/20725/felix-meat-menus-in-jelly,https://cdn0.woolworths.media/content/wowproductimages/medium/020725.jpg,2020-09-14 19:19:18,,0,,True
Woolworths Supermarket,Pet,Fussy Cat Grain Free Beef Mince Casserole Wet Cat Food 400g,064194,$1.80,$0.45 / 100G,https://www.woolworths.com.au/shop/productdetails/64194/fussy-cat-grain-free-beef-mince-casserole-wet-cat-food,https://cdn0.woolworths.media/content/wowproductimages/medium/064194.jpg,2020-09-14 19:19:18,,0,4 for $6.00 $0.38/100G,True
Woolworths Supermarket,Pet,V.i.p Adult Dog Food Chicken Chunkers 1kg,158895,$4.25,$0.43 / 100G,https://www.woolworths.com.au/shop/productdetails/158895/v-i-p-adult-dog-food-chicken-chunkers,https://cdn0.woolworths.media/content/wowproductimages/medium/158895.jpg,2020-09-14 19:19:18,,0,Was $5.00 12/03/2018,True
Woolworths Supermarket,Pet,Nature's Gift Meal Time Loaf Duck & Vegetables Dog Food 700g,657013,$2.00,$0.29 / 100G,https://www.woolworths.com.au/shop/productdetails/657013/nature-s-gift-meal-time-loaf-duck-vegetables-dog-food,https://cdn0.woolworths.media/content/wowproductimages/medium/657013.jpg,2020-09-14 19:19:18,,0,,True
Woolworths Supermarket,Pet,Smitten Cat Food Mince Beef 400g,481178,$0.85,$0.21 / 100G,https://www.woolworths.com.au/shop/productdetails/481178/smitten-cat-food-mince-beef,https://cdn0.woolworths.media/content/wowproductimages/medium/481178.jpg,2020-09-14 19:19:18,Average product rating out of 5: 3.5. Product score is based on 272 ratings,272,,True
Woolworths Supermarket,Pet,Nature's Gift Meal Time Loaf With Kangaroo Rice & Veg Wet Dog Food 700g,323269,$2.00,$0.29 / 100G,https://www.woolworths.com.au/shop/productdetails/323269/nature-s-gift-meal-time-loaf-with-kangaroo-rice-veg-wet-dog-food,https://cdn0.woolworths.media/content/wowproductimages/medium/323269.jpg,2020-09-14 19:19:18,,0,Was $2.80 02/10/2017,True
Woolworths Supermarket,Pet,Natures Goodness Adult Dog Food Lamb Rosemary & Vegetables 100g,780306,$1.19,$1.19 / 100G,https://www.woolworths.com.au/shop/productdetails/780306/natures-goodness-adult-dog-food-lamb-rosemary-vegetables,https://cdn0.woolworths.media/content/wowproductimages/medium/780306.jpg,2020-09-14 19:19:18,,0,,True
Woolworths Supermarket,Pet,Whiskas 1+ Years Wet Cat Food Chicken In Gravy Pouch 85g x12 pack,784318,$8.00,$0.78 / 100G,https://www.woolworths.com.au/shop/productdetails/784318/whiskas-1-years-wet-cat-food-chicken-in-gravy-pouch,https://cdn0.woolworths.media/content/wowproductimages/medium/784318.jpg,2020-09-14 19:19:18,,0,,True
Woolworths Supermarket,Pet,Whiskas 1+ Years Mixed Favourites In Jelly Wet Cat Food Pouch 85g x12 pack,784320,$8.00,$0.78 / 100G,https://www.woolworths.com.au/shop/productdetails/784320/whiskas-1-years-mixed-favourites-in-jelly-wet-cat-food-pouch,https://cdn0.woolworths.media/content/wowproductimages/medium/784320.jpg,2020-09-14 19:19:18,,0,,True
Woolworths Supermarket,Pet,Whiskas 1+ Years Wet Cat Food Favourites Beef In Gravy Pouch 85g x12 pack,784323,$8.00,$0.78 / 100G,https://www.woolworths.com.au/shop/productdetails/784323/whiskas-1-years-wet-cat-food-favourites-beef-in-gravy-pouch,https://cdn0.woolworths.media/content/wowproductimages/medium/784323.jpg,2020-09-14 19:19:18,,0,,True
Woolworths Supermarket,Pet,Vitapet Kitchen & Bathroom Odour Control Litter 6l,784672,$11.95,$1.99 / 1L,https://www.woolworths.com.au/shop/productdetails/784672/vitapet-kitchen-bathroom-odour-control-litter,https://cdn0.woolworths.media/content/wowproductimages/medium/784672.jpg,2020-09-14 19:19:18,,0,,True
Woolworths Supermarket,Pet,Schmackos Tasty Bites Chewy Cubes With Chicken Dog Treats 130g,785536,$3.80,$2.92 / 100G,https://www.woolworths.com.au/shop/productdetails/785536/schmackos-tasty-bites-chewy-cubes-with-chicken-dog-treats,https://cdn0.woolworths.media/content/wowproductimages/medium/785536.jpg,2020-09-14 19:19:18,,0,,True
Woolworths Supermarket,Pet,Whiskas 1+ Years Mixed Favourites In Gravy 12 x85g,786433,$8.00,$0.78 / 100G,https://www.woolworths.com.au/shop/productdetails/786433/whiskas-1-years-mixed-favourites-in-gravy,https://cdn0.woolworths.media/content/wowproductimages/medium/786433.jpg,2020-09-14 19:19:18,,0,,True
Woolworths Supermarket,Pet,Regal Lean Cat Mince 2x100g,786929,$2.50,$1.25 / 100G,https://www.woolworths.com.au/shop/productdetails/786929/regal-lean-cat-mince,https://cdn0.woolworths.media/content/wowproductimages/medium/786929.jpg,2020-09-14 19:19:18,,0,,True
Woolworths Supermarket,Pet,Total Care Toy Whacky Duck each,787502,$14.99,$14.99 / 1EA,https://www.woolworths.com.au/shop/productdetails/787502/total-care-toy-whacky-duck,https://cdn0.woolworths.media/content/wowproductimages/medium/787502.jpg,2020-09-14 19:19:18,,0,,True
Woolworths Supermarket,Pet,Natures Goodness Puppy Food Gluten Free 680g,788419,$3.05,$0.45 / 100G,https://www.woolworths.com.au/shop/productdetails/788419/natures-goodness-puppy-food-gluten-free,https://cdn0.woolworths.media/content/wowproductimages/medium/788419.jpg,2020-09-14 19:19:18,,0,,True
Woolworths Supermarket,Pet,Applaws Adult Cat Food Natural Treat Tuna Loin Plain 30g,788547,$2.00,$6.67 / 100G,https://www.woolworths.com.au/shop/productdetails/788547/applaws-adult-cat-food-natural-treat-tuna-loin-plain,https://cdn0.woolworths.media/content/wowproductimages/medium/788547.jpg,2020-09-14 19:19:18,,0,,True
Woolworths Supermarket,Pet,Dentalife Mini Dog Chew 58 pack,789670,$12.00,$2.47 / 100G,https://www.woolworths.com.au/shop/productdetails/789670/dentalife-mini-dog-chew,https://cdn0.woolworths.media/content/wowproductimages/medium/789670.jpg,2020-09-14 19:19:18,,0,,True
Woolworths Supermarket,Pet,Supercoat True Origin Chicken & Duck 2.5kg,789691,$12.00,$0.48 / 100G,https://www.woolworths.com.au/shop/productdetails/789691/supercoat-true-origin-chicken-duck,https://cdn0.woolworths.media/content/wowproductimages/medium/789691.jpg,2020-09-14 19:19:18,,0,,True
Woolworths Supermarket,Pet,Supercoat True Origin Salmon & Ocean Fish 2.5kg,789693,$12.00,$0.48 / 100G,https://www.woolworths.com.au/shop/productdetails/789693/supercoat-true-origin-salmon-ocean-fish,https://cdn0.woolworths.media/content/wowproductimages/medium/789693.jpg,2020-09-14 19:19:18,,0,,True
Woolworths Supermarket,Pet,Lucky Dog Roast Chicken Vegetable & Pasta Flavour 8kg,790672,$17.00,$0.21 / 100G,https://www.woolworths.com.au/shop/productdetails/790672/lucky-dog-roast-chicken-vegetable-pasta-flavour,https://cdn0.woolworths.media/content/wowproductimages/medium/790672.jpg,2020-09-14 19:19:18,,0,Was $20.00 02/09/2019,True
Woolworths Supermarket,Pet,Supercoat True Origin Chicken & Duck 7kg,790673,$33.00,$0.47 / 100G,https://www.woolworths.com.au/shop/productdetails/790673/supercoat-true-origin-chicken-duck,https://cdn0.woolworths.media/content/wowproductimages/medium/790673.jpg,2020-09-14 19:19:18,,0,,True
Woolworths Supermarket,Pet,Supercoat True Origin Salmon & Ocean Fish 7kg,790768,$33.00,$0.47 / 100G,https://www.woolworths.com.au/shop/productdetails/790768/supercoat-true-origin-salmon-ocean-fish,https://cdn0.woolworths.media/content/wowproductimages/medium/790768.jpg,2020-09-14 19:19:18,,0,,True
Woolworths Supermarket,Pet,Nature's Gift Casserole Kangaroo & Vegetables 700g,793023,$2.00,$0.29 / 100G,https://www.woolworths.com.au/shop/productdetails/793023/nature-s-gift-casserole-kangaroo-vegetables,https://cdn0.woolworths.media/content/wowproductimages/medium/793023.jpg,2020-09-14 19:19:18,,0,Was $2.80 02/10/2017,True
Woolworths Supermarket,Pet,"Nature's Gift Casserole Beef, Vegetables & Barley 700g",793062,$2.00,$0.29 / 100G,https://www.woolworths.com.au/shop/productdetails/793062/nature-s-gift-casserole-beef-vegetables-barley,https://cdn0.woolworths.media/content/wowproductimages/medium/793062.jpg,2020-09-14 19:19:18,,0,Was $2.80 02/10/2017,True
Woolworths Supermarket,Pet,Applaws Chicken Breast With Vegetables Natural Dog Food,797509,$2.85,$1.83 / 100G,https://www.woolworths.com.au/shop/productdetails/797509/applaws-chicken-breast-with-vegetables-natural-dog-food,https://cdn0.woolworths.media/content/wowproductimages/medium/797509.jpg,2020-09-14 19:19:18,,0,,True
Woolworths Supermarket,Pet,Applaws Chicken Dog Food Tin 156g,797534,$2.85,$1.83 / 100G,https://www.woolworths.com.au/shop/productdetails/797534/applaws-chicken-dog-food-tin,https://cdn0.woolworths.media/content/wowproductimages/medium/797534.jpg,2020-09-14 19:19:18,,0,,True
Woolworths Supermarket,Pet,Applaws Cat Food Chicken Breast Tins 70g,797705,$2.00,$2.86 / 100G,https://www.woolworths.com.au/shop/productdetails/797705/applaws-cat-food-chicken-breast-tins,https://cdn0.woolworths.media/content/wowproductimages/medium/797705.jpg,2020-09-14 19:19:18,,0,,True
Woolworths Supermarket,Pet,Applaws Cat Food Tins: Ocean Fish 70g,797882,$2.00,$2.86 / 100G,https://www.woolworths.com.au/shop/productdetails/797882/applaws-cat-food-tins-ocean-fish,https://cdn0.woolworths.media/content/wowproductimages/medium/797882.jpg,2020-09-14 19:19:18,,0,,True
Woolworths Supermarket,Pet,Applaws Cat Food Tuna & Prawn 70g,797883,$2.00,$2.86 / 100G,https://www.woolworths.com.au/shop/productdetails/797883/applaws-cat-food-tuna-prawn,https://cdn0.woolworths.media/content/wowproductimages/medium/797883.jpg,2020-09-14 19:19:18,,0,,True
Woolworths Supermarket,Pet,Fussy Cat Grain Free Beef Mince Casserole Wet Cat Food 400g,064194,$1.80,$0.45 / 100G,https://www.woolworths.com.au/shop/productdetails/64194/fussy-cat-grain-free-beef-mince-casserole-wet-cat-food,https://cdn0.woolworths.media/content/wowproductimages/medium/064194.jpg,2020-09-14 19:19:18,,0,4 for $6.00 $0.38/100G,True
Woolworths Supermarket,Pet,Purina One Adult Cat Formula With Salmon & Tuna 1.5kg,852609,$12.00,$0.80 / 100G,https://www.woolworths.com.au/shop/productdetails/852609/purina-one-adult-cat-formula-with-salmon-tuna,https://cdn0.woolworths.media/content/wowproductimages/medium/852609.jpg,2020-09-14 19:19:18,,0,Was $14.00 17/07/2017,True
Woolworths Supermarket,Pet,Nature's Gift Meal Time Loaf Beef Barley & Vegetables Wet Dog Food 700g,071686,$2.00,$0.29 / 100G,https://www.woolworths.com.au/shop/productdetails/71686/nature-s-gift-meal-time-loaf-beef-barley-vegetables-wet-dog-food,https://cdn0.woolworths.media/content/wowproductimages/medium/071686.jpg,2020-09-14 19:19:18,,0,Was $2.80 02/10/2017,True
Woolworths Supermarket,Pet,Nature's Gift Meal Time Loaf Duck & Vegetables Dog Food 700g,657013,$2.00,$0.29 / 100G,https://www.woolworths.com.au/shop/productdetails/657013/nature-s-gift-meal-time-loaf-duck-vegetables-dog-food,https://cdn0.woolworths.media/content/wowproductimages/medium/657013.jpg,2020-09-14 19:19:18,,0,,True
Woolworths Supermarket,Pet,Dentalife Chicken Cat Treats 51g,693437,$3.00,$5.88 / 100G,https://www.woolworths.com.au/shop/productdetails/693437/dentalife-chicken-cat-treats,https://cdn0.woolworths.media/content/wowproductimages/medium/693437.jpg,2020-09-14 19:19:18,,0,,True
Woolworths Supermarket,Pet,Natures Goodness Adult Dog Food Turkey With Vegetables 2.15kg,741258,$4.50,$0.21 / 100G,https://www.woolworths.com.au/shop/productdetails/741258/natures-goodness-adult-dog-food-turkey-with-vegetables,https://cdn0.woolworths.media/content/wowproductimages/medium/741258.jpg,2020-09-14 19:19:18,,0,,True
Woolworths Supermarket,Pet,Whiskas 1+ Years Favourites With Beef In Jelly Wet Cat Food Pouch 85g x12 pack,625159,$8.00,$0.78 / 100G,https://www.woolworths.com.au/shop/productdetails/625159/whiskas-1-years-favourites-with-beef-in-jelly-wet-cat-food-pouch,https://cdn0.woolworths.media/content/wowproductimages/medium/625159.jpg,2020-09-14 19:19:18,,0,,True
Woolworths Supermarket,Pet,V.i.p Adult Dog Food Lamb Chunkers 1kg,217233,$4.25,$0.43 / 100G,https://www.woolworths.com.au/shop/productdetails/217233/v-i-p-adult-dog-food-lamb-chunkers,https://cdn0.woolworths.media/content/wowproductimages/medium/217233.jpg,2020-09-14 19:19:18,,0,Was $5.00 12/03/2018,True
Woolworths Supermarket,Pet,Nature's Gift Meal Time Loaf With Kangaroo Rice & Veg Wet Dog Food 700g,323269,$2.00,$0.29 / 100G,https://www.woolworths.com.au/shop/productdetails/323269/nature-s-gift-meal-time-loaf-with-kangaroo-rice-veg-wet-dog-food,https://cdn0.woolworths.media/content/wowproductimages/medium/323269.jpg,2020-09-14 19:19:18,,0,Was $2.80 02/10/2017,True
Woolworths Supermarket,Pet,Supercoat Adult Dog Food Healthy Weight 7.5kg,516951,$29.00,$0.39 / 100G,https://www.woolworths.com.au/shop/productdetails/516951/supercoat-adult-dog-food-healthy-weight,https://cdn0.woolworths.media/content/wowproductimages/medium/516951.jpg,2020-09-14 19:19:18,,0,3 for $58.50 $0.26/100G,True
Woolworths Supermarket,Pet,V.i.p Fussycat Steak Mince 450g,211232,$5.30,$1.18 / 100G,https://www.woolworths.com.au/shop/productdetails/211232/v-i-p-fussycat-steak-mince,https://cdn0.woolworths.media/content/wowproductimages/medium/211232.jpg,2020-09-14 19:19:18,,0,,True
Woolworths Supermarket,Pet,Paws Fresh Gourmet Chunky Mince Chilled Dog Food 600g,355561,$4.50,$0.75 / 100G,https://www.woolworths.com.au/shop/productdetails/355561/paws-fresh-gourmet-chunky-mince-chilled-dog-food,https://cdn0.woolworths.media/content/wowproductimages/medium/355561.jpg,2020-09-14 19:19:18,,0,,True
Woolworths Supermarket,Pet,V.i.p Adult Dog Food Chicken Chunkers 1kg,158895,$4.25,$0.43 / 100G,https://www.woolworths.com.au/shop/productdetails/158895/v-i-p-adult-dog-food-chicken-chunkers,https://cdn0.woolworths.media/content/wowproductimages/medium/158895.jpg,2020-09-14 19:19:18,,0,Was $5.00 12/03/2018,True
Woolworths Supermarket,Pet,Nature's Gift Casserole Kangaroo & Vegetables 700g,793023,$2.00,$0.29 / 100G,https://www.woolworths.com.au/shop/productdetails/793023/nature-s-gift-casserole-kangaroo-vegetables,https://cdn0.woolworths.media/content/wowproductimages/medium/793023.jpg,2020-09-14 19:19:18,,0,Was $2.80 02/10/2017,True
Woolworths Supermarket,Pet,Schmackos Strapz Variety Pack Chicken Liver & Beef Dog Treats 500g,657197,$12.90,$2.58 / 100G,https://www.woolworths.com.au/shop/productdetails/657197/schmackos-strapz-variety-pack-chicken-liver-beef-dog-treats,https://cdn0.woolworths.media/content/wowproductimages/medium/657197.jpg,2020-09-14 19:19:18,,0,,True
Woolworths Supermarket,Pet,Felix As Good As It Looks Ocean Menus 12x85g,844355,$11.50,$1.13 / 100G,https://www.woolworths.com.au/shop/productdetails/844355/felix-as-good-as-it-looks-ocean-menus,https://cdn0.woolworths.media/content/wowproductimages/medium/844355.jpg,2020-09-14 19:19:18,,0,,True
Woolworths Supermarket,Pet,Felix Meat Menus In Jelly 85g x27 pack,020725,$25.00,$1.09 / 100G,https://www.woolworths.com.au/shop/productdetails/20725/felix-meat-menus-in-jelly,https://cdn0.woolworths.media/content/wowproductimages/medium/020725.jpg,2020-09-14 19:19:18,,0,,True
Woolworths Supermarket,Pet,Dine Saucy Morsels With Tuna Mornay & Cheese Wet Cat Food Tray 7 pack,477637,$6.00,$1.01 / 100G,https://www.woolworths.com.au/shop/productdetails/477637/dine-saucy-morsels-with-tuna-mornay-cheese-wet-cat-food-tray,https://cdn0.woolworths.media/content/wowproductimages/medium/477637.jpg,2020-09-14 19:19:18,,0,,True
Woolworths Supermarket,Pet,Smitten Cat Food Mince Beef 400g,481178,$0.85,$0.21 / 100G,https://www.woolworths.com.au/shop/productdetails/481178/smitten-cat-food-mince-beef,https://cdn0.woolworths.media/content/wowproductimages/medium/481178.jpg,2020-09-14 19:19:18,Average product rating out of 5: 3.5. Product score is based on 272 ratings,272,,True
Woolworths Supermarket,Pet,Applaws It's All Good Dry Dog Food Chicken & Turkey 2.7kg,899673,$19.00,$0.70 / 100G,https://www.woolworths.com.au/shop/productdetails/899673/applaws-it-s-all-good-dry-dog-food-chicken-turkey,https://cdn0.woolworths.media/content/wowproductimages/medium/899673.jpg,2020-09-14 19:19:18,,0,,True
Woolworths Supermarket,Pet,Applaws Cat Food Tuna Fillet Tins 70g,797884,$2.00,$2.86 / 100G,https://www.woolworths.com.au/shop/productdetails/797884/applaws-cat-food-tuna-fillet-tins,https://cdn0.woolworths.media/content/wowproductimages/medium/797884.jpg,2020-09-14 19:19:18,,0,,True
Woolworths Supermarket,Pet,Applaws Cat Pot Chicken & Duck 60g,798791,$2.10,$3.50 / 100G,https://www.woolworths.com.au/shop/productdetails/798791/applaws-cat-pot-chicken-duck,https://cdn0.woolworths.media/content/wowproductimages/medium/798791.jpg,2020-09-14 19:19:18,,0,,True
Woolworths Supermarket,Pet,Applaws Cat Pot Tuna & Crab 60g,798919,$2.10,$3.50 / 100G,https://www.woolworths.com.au/shop/productdetails/798919/applaws-cat-pot-tuna-crab,https://cdn0.woolworths.media/content/wowproductimages/medium/798919.jpg,2020-09-14 19:19:18,,0,,True
Woolworths Supermarket,Pet,Applaws Cat Food Pouch: Tuna Wholemeat 70g,798939,$2.00,$2.86 / 100G,https://www.woolworths.com.au/shop/productdetails/798939/applaws-cat-food-pouch-tuna-wholemeat,https://cdn0.woolworths.media/content/wowproductimages/medium/798939.jpg,2020-09-14 19:19:18,,0,,True
Woolworths Supermarket,Pet,Felix Doubly Delicious Meat 12 pack,806628,$11.50,$1.13 / 100G,https://www.woolworths.com.au/shop/productdetails/806628/felix-doubly-delicious-meat,https://cdn0.woolworths.media/content/wowproductimages/medium/806628.jpg,2020-09-14 19:19:18,,0,,True
Woolworths Supermarket,Pet,Felix Doubly Delicious Fish 12 pack,806629,$11.50,$1.13 / 100G,https://www.woolworths.com.au/shop/productdetails/806629/felix-doubly-delicious-fish,https://cdn0.woolworths.media/content/wowproductimages/medium/806629.jpg,2020-09-14 19:19:18,,0,,True
Woolworths Supermarket,Pet,Felix Doubly Delicious Mixed 12 pack,806720,$11.50,$1.13 / 100G,https://www.woolworths.com.au/shop/productdetails/806720/felix-doubly-delicious-mixed,https://cdn0.woolworths.media/content/wowproductimages/medium/806720.jpg,2020-09-14 19:19:18,,0,,True
Woolworths Supermarket,Pet,Dine Perfect Portions Pate With Turkey Wet Cat Food Trays 2x37.5g,807476,$1.75,$2.33 / 100G,https://www.woolworths.com.au/shop/productdetails/807476/dine-perfect-portions-pate-with-turkey-wet-cat-food-trays,https://cdn0.woolworths.media/content/wowproductimages/medium/807476.jpg,2020-09-14 19:19:18,,0,,True
Woolworths Supermarket,Pet,Friskies Seven Favourites Adult Cat Food 2.5kg,807518,$9.00,$0.36 / 100G,https://www.woolworths.com.au/shop/productdetails/807518/friskies-seven-favourites-adult-cat-food,https://cdn0.woolworths.media/content/wowproductimages/medium/807518.jpg,2020-09-14 19:19:18,,0,,True
Woolworths Supermarket,Pet,Dine Perfect Portions Pate Tuna Whitefish Wet Cat Food Tray 2x37.5g,807542,$1.75,$2.33 / 100G,https://www.woolworths.com.au/shop/productdetails/807542/dine-perfect-portions-pate-tuna-whitefish-wet-cat-food-tray,https://cdn0.woolworths.media/content/wowproductimages/medium/807542.jpg,2020-09-14 19:19:18,,0,,True
Woolworths Supermarket,Pet,Dine Perfect Portions In Gravy Chicken Wet Cat Food Trays 2x37.5g,807544,$1.75,$2.33 / 100G,https://www.woolworths.com.au/shop/productdetails/807544/dine-perfect-portions-in-gravy-chicken-wet-cat-food-trays,https://cdn0.woolworths.media/content/wowproductimages/medium/807544.jpg,2020-09-14 19:19:18,,0,,True
Woolworths Supermarket,Pet,Dine Creamy Treats Mixed Seafood 4 pack,807547,$3.00,$6.25 / 100G,https://www.woolworths.com.au/shop/productdetails/807547/dine-creamy-treats-mixed-seafood,https://cdn0.woolworths.media/content/wowproductimages/medium/807547.jpg,2020-09-14 19:19:18,,0,,True
Woolworths Supermarket,Pet,Dine Creamy Treats Prawn & Tuna 4 pack,807548,$3.00,$6.25 / 100G,https://www.woolworths.com.au/shop/productdetails/807548/dine-creamy-treats-prawn-tuna,https://cdn0.woolworths.media/content/wowproductimages/medium/807548.jpg,2020-09-14 19:19:18,,0,,True
Woolworths Supermarket,Pet,Dine Perfect Portions Cuts In Gravy Tuna Wet Cat Food Trays 2x37.5g,807565,$1.75,$2.33 / 100G,https://www.woolworths.com.au/shop/productdetails/807565/dine-perfect-portions-cuts-in-gravy-tuna-wet-cat-food-trays,https://cdn0.woolworths.media/content/wowproductimages/medium/807565.jpg,2020-09-14 19:19:18,,0,,True
Woolworths Supermarket,Pet,Dine Perfect Portions Cuts In Gravy Trout Wet Cat Food Trays 2x37.5g,807567,$1.75,$2.33 / 100G,https://www.woolworths.com.au/shop/productdetails/807567/dine-perfect-portions-cuts-in-gravy-trout-wet-cat-food-trays,https://cdn0.woolworths.media/content/wowproductimages/medium/807567.jpg,2020-09-14 19:19:18,,0,,True
Woolworths Supermarket,Pet,Applaws Cat Pot Tuna & Calamari 60g,808755,$2.10,$3.50 / 100G,https://www.woolworths.com.au/shop/productdetails/808755/applaws-cat-pot-tuna-calamari,https://cdn0.woolworths.media/content/wowproductimages/medium/808755.jpg,2020-09-14 19:19:18,,0,,True
Woolworths Supermarket,Pet,Fussy Cat Grain Free Salmon & Oceanfish With Olive Oil Wet Cat Food 400g,809443,$1.80,$0.45 / 100G,https://www.woolworths.com.au/shop/productdetails/809443/fussy-cat-grain-free-salmon-oceanfish-with-olive-oil-wet-cat-food,https://cdn0.woolworths.media/content/wowproductimages/medium/809443.jpg,2020-09-14 19:19:18,,0,4 for $6.00 $0.38/100G,True
Woolworths Supermarket,Pet,Fussy Cat Grain Free Beef Kangaroo & Sweet Potato Dry Cat Food 400g,810134,$1.80,$0.45 / 100G,https://www.woolworths.com.au/shop/productdetails/810134/fussy-cat-grain-free-beef-kangaroo-sweet-potato-dry-cat-food,https://cdn0.woolworths.media/content/wowproductimages/medium/810134.jpg,2020-09-14 19:19:18,,0,4 for $6.00 $0.38/100G,True
Woolworths Supermarket,Pet,Fussy Cat Grain Free Chicken & Turkey With Cranberry Wet Cat Food 400g,810160,$1.80,$0.45 / 100G,https://www.woolworths.com.au/shop/productdetails/810160/fussy-cat-grain-free-chicken-turkey-with-cranberry-wet-cat-food,https://cdn0.woolworths.media/content/wowproductimages/medium/810160.jpg,2020-09-14 19:19:18,,0,4 for $6.00 $0.38/100G,True
Woolworths Supermarket,Pet,Applaws Nature's Calling Cat Litter 2.7kg,816183,$13.50,$5.00 / 1KG,https://www.woolworths.com.au/shop/productdetails/816183/applaws-nature-s-calling-cat-litter,https://cdn0.woolworths.media/content/wowproductimages/medium/816183.jpg,2020-09-14 19:19:18,,0,,True
Woolworths Supermarket,Pet,The Natural Paw Company Tofu Cat Litter Original 2kg,817339,$8.00,$4.00 / 1KG,https://www.woolworths.com.au/shop/productdetails/817339/the-natural-paw-company-tofu-cat-litter-original,https://cdn0.woolworths.media/content/wowproductimages/medium/817339.jpg,2020-09-14 19:19:18,,0,,True
Woolworths Supermarket,Pet,Tidy Cats Instant Action Cat Litter 6.35kg,818746,$20.00,$3.15 / 1KG,https://www.woolworths.com.au/shop/productdetails/818746/tidy-cats-instant-action-cat-litter,https://cdn0.woolworths.media/content/wowproductimages/medium/818746.jpg,2020-09-14 19:19:18,,0,,True
Woolworths Supermarket,Pet,Fussy Cat Vip Grain Free Kangaroo Snackers Cat Treats 100g,842615,$2.99,$2.99 / 100G,https://www.woolworths.com.au/shop/productdetails/842615/fussy-cat-vip-grain-free-kangaroo-snackers-cat-treats,https://cdn0.woolworths.media/content/wowproductimages/medium/842615.jpg,2020-09-14 19:19:18,,0,,True
Woolworths Supermarket,Pet,Fussy Cat Vip Grain Free Liver Bites Cat Treats 100g,842620,$2.99,$2.99 / 100G,https://www.woolworths.com.au/shop/productdetails/842620/fussy-cat-vip-grain-free-liver-bites-cat-treats,https://cdn0.woolworths.media/content/wowproductimages/medium/842620.jpg,2020-09-14 19:19:18,,0,,True
Woolworths Supermarket,Pet,Applaws It's All Good Dry Dog Food Chicken & Turkey 2.7kg,899673,$19.00,$0.70 / 100G,https://www.woolworths.com.au/shop/productdetails/899673/applaws-it-s-all-good-dry-dog-food-chicken-turkey,https://cdn0.woolworths.media/content/wowproductimages/medium/899673.jpg,2020-09-14 19:19:18,,0,,True
Woolworths Supermarket,Pet,Nature's Gift Casserole Kangaroo & Vegetables 700g,793023,$2.00,$0.29 / 100G,https://www.woolworths.com.au/shop/productdetails/793023/nature-s-gift-casserole-kangaroo-vegetables,https://cdn0.woolworths.media/content/wowproductimages/medium/793023.jpg,2020-09-14 19:19:18,,0,Was $2.80 02/10/2017,True
Woolworths Supermarket,Pet,Dine Saucy Morsels With Tuna Mornay & Cheese Wet Cat Food Tray 7 pack,477637,$6.00,$1.01 / 100G,https://www.woolworths.com.au/shop/productdetails/477637/dine-saucy-morsels-with-tuna-mornay-cheese-wet-cat-food-tray,https://cdn0.woolworths.media/content/wowproductimages/medium/477637.jpg,2020-09-14 19:19:18,,0,,True
Woolworths Supermarket,Pet,"Baxter's Dog Food Casserole Chicken, Rice & Veg 700g",480256,$1.50,$0.21 / 100G,https://www.woolworths.com.au/shop/productdetails/480256/baxter-s-dog-food-casserole-chicken-rice-veg,https://cdn0.woolworths.media/content/wowproductimages/medium/480256.jpg,2020-09-14 19:19:18,,0,,True
Woolworths Supermarket,Pet,Nature's Gift Meal Time Loaf Beef Barley & Vegetables Wet Dog Food 700g,071686,$2.00,$0.29 / 100G,https://www.woolworths.com.au/shop/productdetails/71686/nature-s-gift-meal-time-loaf-beef-barley-vegetables-wet-dog-food,https://cdn0.woolworths.media/content/wowproductimages/medium/071686.jpg,2020-09-14 19:19:18,,0,Was $2.80 02/10/2017,True
Woolworths Supermarket,Pet,Smitten Cat Food Chicken Salmon & Tuna 1kg,481087,$2.80,$0.28 / 100G,https://www.woolworths.com.au/shop/productdetails/481087/smitten-cat-food-chicken-salmon-tuna,https://cdn0.woolworths.media/content/wowproductimages/medium/481087.jpg,2020-09-14 19:19:18,,0,,True
Woolworths Supermarket,Pet,Fussy Cat Grain Free Beef Mince Casserole Wet Cat Food 400g,064194,$1.80,$0.45 / 100G,https://www.woolworths.com.au/shop/productdetails/64194/fussy-cat-grain-free-beef-mince-casserole-wet-cat-food,https://cdn0.woolworths.media/content/wowproductimages/medium/064194.jpg,2020-09-14 19:19:18,,0,4 for $6.00 $0.38/100G,True
Woolworths Supermarket,Pet,Nature's Gift Meal Time Loaf With Kangaroo Rice & Veg Wet Dog Food 700g,323269,$2.00,$0.29 / 100G,https://www.woolworths.com.au/shop/productdetails/323269/nature-s-gift-meal-time-loaf-with-kangaroo-rice-veg-wet-dog-food,https://cdn0.woolworths.media/content/wowproductimages/medium/323269.jpg,2020-09-14 19:19:18,,0,Was $2.80 02/10/2017,True
Woolworths Supermarket,Pet,Dentalife Chicken Cat Treats 51g,693437,$3.00,$5.88 / 100G,https://www.woolworths.com.au/shop/productdetails/693437/dentalife-chicken-cat-treats,https://cdn0.woolworths.media/content/wowproductimages/medium/693437.jpg,2020-09-14 19:19:18,,0,,True
Woolworths Supermarket,Pet,Fussy Cat Grain Free Chicken & Turkey With Cranberry Wet Cat Food 400g,810160,$1.80,$0.45 / 100G,https://www.woolworths.com.au/shop/productdetails/810160/fussy-cat-grain-free-chicken-turkey-with-cranberry-wet-cat-food,https://cdn0.woolworths.media/content/wowproductimages/medium/810160.jpg,2020-09-14 19:19:18,,0,4 for $6.00 $0.38/100G,True
Woolworths Supermarket,Pet,Nature's Gift Meal Time Loaf Duck & Vegetables Dog Food 700g,657013,$2.00,$0.29 / 100G,https://www.woolworths.com.au/shop/productdetails/657013/nature-s-gift-meal-time-loaf-duck-vegetables-dog-food,https://cdn0.woolworths.media/content/wowproductimages/medium/657013.jpg,2020-09-14 19:19:18,,0,,True
Woolworths Supermarket,Pet,Felix Meat Menus In Jelly 85g x27 pack,020725,$25.00,$1.09 / 100G,https://www.woolworths.com.au/shop/productdetails/20725/felix-meat-menus-in-jelly,https://cdn0.woolworths.media/content/wowproductimages/medium/020725.jpg,2020-09-14 19:19:18,,0,,True
Woolworths Supermarket,Pet,V.i.p Adult Dog Food Lamb Chunkers 1kg,217233,$4.25,$0.43 / 100G,https://www.woolworths.com.au/shop/productdetails/217233/v-i-p-adult-dog-food-lamb-chunkers,https://cdn0.woolworths.media/content/wowproductimages/medium/217233.jpg,2020-09-14 19:19:18,,0,Was $5.00 12/03/2018,True
Woolworths Supermarket,Pet,Paws Fresh Gourmet Chunky Mince Chilled Dog Food 600g,355561,$4.50,$0.75 / 100G,https://www.woolworths.com.au/shop/productdetails/355561/paws-fresh-gourmet-chunky-mince-chilled-dog-food,https://cdn0.woolworths.media/content/wowproductimages/medium/355561.jpg,2020-09-14 19:19:18,,0,,True
Woolworths Supermarket,Pet,Smitten Cat Food Mince Beef 400g,481178,$0.85,$0.21 / 100G,https://www.woolworths.com.au/shop/productdetails/481178/smitten-cat-food-mince-beef,https://cdn0.woolworths.media/content/wowproductimages/medium/481178.jpg,2020-09-14 19:19:18,Average product rating out of 5: 3.5. Product score is based on 272 ratings,272,,True
Woolworths Supermarket,Pet,V.i.p Adult Dog Food Chicken Chunkers 1kg,158895,$4.25,$0.43 / 100G,https://www.woolworths.com.au/shop/productdetails/158895/v-i-p-adult-dog-food-chicken-chunkers,https://cdn0.woolworths.media/content/wowproductimages/medium/158895.jpg,2020-09-14 19:19:18,,0,Was $5.00 12/03/2018,True
Woolworths Supermarket,Pet,Smitten Cat Food Beef Lamb & Vegetables 1kg,481065,$2.80,$0.28 / 100G,https://www.woolworths.com.au/shop/productdetails/481065/smitten-cat-food-beef-lamb-vegetables,https://cdn0.woolworths.media/content/wowproductimages/medium/481065.jpg,2020-09-14 19:19:18,,0,,True
Woolworths Supermarket,Pet,Felix As Good As It Looks Ocean Menus 12x85g,844355,$11.50,$1.13 / 100G,https://www.woolworths.com.au/shop/productdetails/844355/felix-as-good-as-it-looks-ocean-menus,https://cdn0.woolworths.media/content/wowproductimages/medium/844355.jpg,2020-09-14 19:19:18,,0,,True
Woolworths Supermarket,Pet,Fussy Cat Grain Free Chicken Mince Casserole Wet Cat Food 400g,067483,$1.80,$0.45 / 100G,https://www.woolworths.com.au/shop/productdetails/67483/fussy-cat-grain-free-chicken-mince-casserole-wet-cat-food,https://cdn0.woolworths.media/content/wowproductimages/medium/067483.jpg,2020-09-14 19:19:18,,0,4 for $6.00 $0.38/100G,True
Woolworths Supermarket,Pet,V.i.p Fussycat Steak Mince 450g,211232,$5.30,$1.18 / 100G,https://www.woolworths.com.au/shop/productdetails/211232/v-i-p-fussycat-steak-mince,https://cdn0.woolworths.media/content/wowproductimages/medium/211232.jpg,2020-09-14 19:19:18,,0,,True
Woolworths Supermarket,Pet,Fussy Cat Vip Grain Free Chicken&turkey With Cranberry Cat Food 85g,842622,$1.19,$1.40 / 100G,https://www.woolworths.com.au/shop/productdetails/842622/fussy-cat-vip-grain-free-chicken-turkey-with-cranberry-cat-food,https://cdn0.woolworths.media/content/wowproductimages/medium/842622.jpg,2020-09-14 19:19:18,,0,5 for $5.00 $1.18/100G,True
Woolworths Supermarket,Pet,Fussy Cat Vip Grain Free Salmon & Whitefish With Olive Oil 85g,842623,$1.19,$1.40 / 100G,https://www.woolworths.com.au/shop/productdetails/842623/fussy-cat-vip-grain-free-salmon-whitefish-with-olive-oil,https://cdn0.woolworths.media/content/wowproductimages/medium/842623.jpg,2020-09-14 19:19:18,,0,5 for $5.00 $1.18/100G,True
Woolworths Supermarket,Pet,Fussy Cat Vip Grain Free Beef & Kangaroo With Sweet Potato Cat Food 85g,842627,$1.19,$1.40 / 100G,https://www.woolworths.com.au/shop/productdetails/842627/fussy-cat-vip-grain-free-beef-kangaroo-with-sweet-potato-cat-food,https://cdn0.woolworths.media/content/wowproductimages/medium/842627.jpg,2020-09-14 19:19:18,,0,5 for $5.00 $1.18/100G,True
Woolworths Supermarket,Pet,Applaws Whole Mackerel Loin 30g,844028,$2.70,$9.00 / 100G,https://www.woolworths.com.au/shop/productdetails/844028/applaws-whole-mackerel-loin,https://cdn0.woolworths.media/content/wowproductimages/medium/844028.jpg,2020-09-14 19:19:18,,0,,True
Woolworths Supermarket,Pet,Felix As Good As It Looks Favourite Selection 12x85g,844354,$11.50,$1.13 / 100G,https://www.woolworths.com.au/shop/productdetails/844354/felix-as-good-as-it-looks-favourite-selection,https://cdn0.woolworths.media/content/wowproductimages/medium/844354.jpg,2020-09-14 19:19:18,,0,,True
Woolworths Supermarket,Pet,Felix As Good As It Looks Ocean Menus 12x85g,844355,$11.50,$1.13 / 100G,https://www.woolworths.com.au/shop/productdetails/844355/felix-as-good-as-it-looks-ocean-menus,https://cdn0.woolworths.media/content/wowproductimages/medium/844355.jpg,2020-09-14 19:19:18,,0,,True
Woolworths Supermarket,Pet,Felix As Good As It Looks Meat Menus 12x85g,844375,$11.50,$1.13 / 100G,https://www.woolworths.com.au/shop/productdetails/844375/felix-as-good-as-it-looks-meat-menus,https://cdn0.woolworths.media/content/wowproductimages/medium/844375.jpg,2020-09-14 19:19:18,,0,,True
Woolworths Supermarket,Pet,Felix As Good As It Looks Kitten Menus 12x85g,844398,$11.50,$1.13 / 100G,https://www.woolworths.com.au/shop/productdetails/844398/felix-as-good-as-it-looks-kitten-menus,https://cdn0.woolworths.media/content/wowproductimages/medium/844398.jpg,2020-09-14 19:19:18,,0,,True
Woolworths Supermarket,Pet,Friskies Indoor Delights 1kg,847696,$4.00,$0.40 / 100G,https://www.woolworths.com.au/shop/productdetails/847696/friskies-indoor-delights,https://cdn0.woolworths.media/content/wowproductimages/medium/847696.jpg,2020-09-14 19:19:18,,0,Was $4.49 14/11/16,True
Woolworths Supermarket,Pet,Friskies Meaty Grills 1kg,847697,$4.00,$0.40 / 100G,https://www.woolworths.com.au/shop/productdetails/847697/friskies-meaty-grills,https://cdn0.woolworths.media/content/wowproductimages/medium/847697.jpg,2020-09-14 19:19:18,,0,Was $4.49 14/11/16,True
Woolworths Supermarket,Pet,Friskies Seafood Sensations 1kg,847710,$4.00,$0.40 / 100G,https://www.woolworths.com.au/shop/productdetails/847710/friskies-seafood-sensations,https://cdn0.woolworths.media/content/wowproductimages/medium/847710.jpg,2020-09-14 19:19:18,,0,Was $4.49 14/11/16,True
Woolworths Supermarket,Pet,Friskies Seafood Sensations 2.5kg,847745,$9.00,$0.36 / 100G,https://www.woolworths.com.au/shop/productdetails/847745/friskies-seafood-sensations,https://cdn0.woolworths.media/content/wowproductimages/medium/847745.jpg,2020-09-14 19:19:18,,0,,True
Woolworths Supermarket,Pet,Friskies Kitten Discoveries 1kg,847787,$4.00,$0.40 / 100G,https://www.woolworths.com.au/shop/productdetails/847787/friskies-kitten-discoveries,https://cdn0.woolworths.media/content/wowproductimages/medium/847787.jpg,2020-09-14 19:19:18,,0,Was $4.49 14/11/16,True
Woolworths Supermarket,Pet,Dine Fine Flakes Tuna & Whitefish Wet Cat Food 35g,847922,$1.05,$3.00 / 100G,https://www.woolworths.com.au/shop/productdetails/847922/dine-fine-flakes-tuna-whitefish-wet-cat-food,https://cdn0.woolworths.media/content/wowproductimages/medium/847922.jpg,2020-09-14 19:19:18,,0,6 for $5.40,True
Woolworths Supermarket,Pet,Dine Fine Flakes Tuna & Prawns Wet Cat Food Pouch 35g,847923,$1.05,$3.00 / 100G,https://www.woolworths.com.au/shop/productdetails/847923/dine-fine-flakes-tuna-prawns-wet-cat-food-pouch,https://cdn0.woolworths.media/content/wowproductimages/medium/847923.jpg,2020-09-14 19:19:18,,0,6 for $5.40,True
Woolworths Supermarket,Pet,Purina One Adult Cat Formula With Salmon & Tuna 1.5kg,852609,$12.00,$0.80 / 100G,https://www.woolworths.com.au/shop/productdetails/852609/purina-one-adult-cat-formula-with-salmon-tuna,https://cdn0.woolworths.media/content/wowproductimages/medium/852609.jpg,2020-09-14 19:19:18,,0,Was $14.00 17/07/2017,True
Woolworths Supermarket,Pet,Purina One Indoor Cat Formula With Chicken 1.5kg,852610,$12.00,$0.80 / 100G,https://www.woolworths.com.au/shop/productdetails/852610/purina-one-indoor-cat-formula-with-chicken,https://cdn0.woolworths.media/content/wowproductimages/medium/852610.jpg,2020-09-14 19:19:18,,0,Was $14.00 17/07/2017,True
Woolworths Supermarket,Pet,Purina One Hairball Cat Formula With Chicken 1.5kg,852611,$12.00,$0.80 / 100G,https://www.woolworths.com.au/shop/productdetails/852611/purina-one-hairball-cat-formula-with-chicken,https://cdn0.woolworths.media/content/wowproductimages/medium/852611.jpg,2020-09-14 19:19:18,,0,Was $14.00 17/07/2017,True
Woolworths Supermarket,Pet,Purina One Urinary Tract Health Cat Formula With Chicken 1.5kg,852626,$12.00,$0.80 / 100G,https://www.woolworths.com.au/shop/productdetails/852626/purina-one-urinary-tract-health-cat-formula-with-chicken,https://cdn0.woolworths.media/content/wowproductimages/medium/852626.jpg,2020-09-14 19:19:18,,0,Was $14.00 17/07/2017,True
Woolworths Supermarket,Pet,Farmers Market Chicken Stew With Vegetables& Brown Rice Wet Dog Food 400g,854545,$1.60,$0.40 / 100G,https://www.woolworths.com.au/shop/productdetails/854545/farmers-market-chicken-stew-with-vegetables-brown-rice-wet-dog-food,https://cdn0.woolworths.media/content/wowproductimages/medium/854545.jpg,2020-09-14 19:19:18,,0,,True
Woolworths Supermarket,Pet,Farmers Market Lamb Stew With Vegetable & Brown Rice Wet Dog Food 400g,854586,$1.60,$0.40 / 100G,https://www.woolworths.com.au/shop/productdetails/854586/farmers-market-lamb-stew-with-vegetable-brown-rice-wet-dog-food,https://cdn0.woolworths.media/content/wowproductimages/medium/854586.jpg,2020-09-14 19:19:18,,0,,True
Woolworths Supermarket,Pet,Farmers Market Grain Free Lamb Loaf With Garden Veg Wet Dog Food 400g,854587,$1.60,$0.40 / 100G,https://www.woolworths.com.au/shop/productdetails/854587/farmers-market-grain-free-lamb-loaf-with-garden-veg-wet-dog-food,https://cdn0.woolworths.media/content/wowproductimages/medium/854587.jpg,2020-09-14 19:19:18,,0,,True
Woolworths Supermarket,Pet,Farmers Market Grain Free Chicken Loaf With Carrots & Peas Wet Dog Food 400g,854590,$1.60,$0.40 / 100G,https://www.woolworths.com.au/shop/productdetails/854590/farmers-market-grain-free-chicken-loaf-with-carrots-peas-wet-dog-food,https://cdn0.woolworths.media/content/wowproductimages/medium/854590.jpg,2020-09-14 19:19:18,,0,,True
Woolworths Supermarket,Pet,Nature's Gift Sustain Chicken & Fish Dry Dog Food 6kg,854591,$26.00,$0.43 / 100G,https://www.woolworths.com.au/shop/productdetails/854591/nature-s-gift-sustain-chicken-fish-dry-dog-food,https://cdn0.woolworths.media/content/wowproductimages/medium/854591.jpg,2020-09-14 19:19:18,,0,,True
Woolworths Supermarket,Pet,Felix Meat Menus In Jelly 85g x27 pack,020725,$25.00,$1.09 / 100G,https://www.woolworths.com.au/shop/productdetails/20725/felix-meat-menus-in-jelly,https://cdn0.woolworths.media/content/wowproductimages/medium/020725.jpg,2020-09-14 19:19:18,,0,,True
Woolworths Supermarket,Pet,Dentalife Chicken Cat Treats 51g,693437,$3.00,$5.88 / 100G,https://www.woolworths.com.au/shop/productdetails/693437/dentalife-chicken-cat-treats,https://cdn0.woolworths.media/content/wowproductimages/medium/693437.jpg,2020-09-14 19:19:18,,0,,True
Woolworths Supermarket,Pet,Essentials Dog Food Lamb 1.2kg,201207,$1.79,$0.15 / 100G,https://www.woolworths.com.au/shop/productdetails/201207/essentials-dog-food-lamb,https://cdn0.woolworths.media/content/wowproductimages/medium/201207.jpg,2020-09-14 19:19:18,,0,,True
Woolworths Supermarket,Pet,Paws Fresh Gourmet Chunky Mince Chilled Dog Food 600g,355561,$4.50,$0.75 / 100G,https://www.woolworths.com.au/shop/productdetails/355561/paws-fresh-gourmet-chunky-mince-chilled-dog-food,https://cdn0.woolworths.media/content/wowproductimages/medium/355561.jpg,2020-09-14 19:19:18,,0,,True
Woolworths Supermarket,Pet,Smitten Cat Food Sardine Tuna & Prawn 1kg,481068,$2.80,$0.28 / 100G,https://www.woolworths.com.au/shop/productdetails/481068/smitten-cat-food-sardine-tuna-prawn,https://cdn0.woolworths.media/content/wowproductimages/medium/481068.jpg,2020-09-14 19:19:18,,0,,True
Woolworths Supermarket,Pet,Whiskas 1+ Years Favourites Tuna In Jelly Wet Cat Food Pouch 85g x12 pack,625692,$8.00,$0.78 / 100G,https://www.woolworths.com.au/shop/productdetails/625692/whiskas-1-years-favourites-tuna-in-jelly-wet-cat-food-pouch,https://cdn0.woolworths.media/content/wowproductimages/medium/625692.jpg,2020-09-14 19:19:18,,0,,True
Woolworths Supermarket,Pet,Friskies Indoor Delights 1kg,847696,$4.00,$0.40 / 100G,https://www.woolworths.com.au/shop/productdetails/847696/friskies-indoor-delights,https://cdn0.woolworths.media/content/wowproductimages/medium/847696.jpg,2020-09-14 19:19:18,,0,Was $4.49 14/11/16,True
Woolworths Supermarket,Pet,Fancy Feast Medleys Wild Salmon Florentine 85g,327228,$1.75,$2.06 / 100G,https://www.woolworths.com.au/shop/productdetails/327228/fancy-feast-medleys-wild-salmon-florentine,https://cdn0.woolworths.media/content/wowproductimages/medium/327228.jpg,2020-09-14 19:19:18,,0,,True
Woolworths Supermarket,Pet,Fancy Feast Cat Food Gravy Lovers Beef 85g,360616,$1.45,$1.71 / 100G,https://www.woolworths.com.au/shop/productdetails/360616/fancy-feast-cat-food-gravy-lovers-beef,https://cdn0.woolworths.media/content/wowproductimages/medium/360616.jpg,2020-09-14 19:19:18,,0,10 for $13.00 $1.53/100G,True
Woolworths Supermarket,Pet,"Baxter's Dog Food Casserole Chicken, Rice & Veg 700g",480256,$1.50,$0.21 / 100G,https://www.woolworths.com.au/shop/productdetails/480256/baxter-s-dog-food-casserole-chicken-rice-veg,https://cdn0.woolworths.media/content/wowproductimages/medium/480256.jpg,2020-09-14 19:19:18,,0,,True
Woolworths Supermarket,Pet,Smitten Cat Food Mince Chicken & Turkey 400g,481179,$0.85,$0.21 / 100G,https://www.woolworths.com.au/shop/productdetails/481179/smitten-cat-food-mince-chicken-turkey,https://cdn0.woolworths.media/content/wowproductimages/medium/481179.jpg,2020-09-14 19:19:18,,0,,True
Woolworths Supermarket,Pet,Frankie & Friends Wild Bird Food 10kg,204524,$17.50,$0.18 / 100G,https://www.woolworths.com.au/shop/productdetails/204524/frankie-friends-wild-bird-food,https://cdn0.woolworths.media/content/wowproductimages/medium/204524.jpg,2020-09-14 19:19:18,,0,,True
Woolworths Supermarket,Pet,Smitten Kitten Food Chicken & Tuna 1kg,481088,$2.80,$0.28 / 100G,https://www.woolworths.com.au/shop/productdetails/481088/smitten-kitten-food-chicken-tuna,https://cdn0.woolworths.media/content/wowproductimages/medium/481088.jpg,2020-09-14 19:19:18,,0,,True
Woolworths Supermarket,Pet,Friskies Seafood Sensations 2.5kg,847745,$9.00,$0.36 / 100G,https://www.woolworths.com.au/shop/productdetails/847745/friskies-seafood-sensations,https://cdn0.woolworths.media/content/wowproductimages/medium/847745.jpg,2020-09-14 19:19:18,,0,,True
Woolworths Supermarket,Pet,Friskies Seven Dry Cat Food Adult 1kg,624760,$4.00,$0.40 / 100G,https://www.woolworths.com.au/shop/productdetails/624760/friskies-seven-dry-cat-food-adult,https://cdn0.woolworths.media/content/wowproductimages/medium/624760.jpg,2020-09-14 19:19:18,,0,Was $4.49 14/11/2016,True
Woolworths Supermarket,Pet,Fancy Feast Adult Cat Food Grilled Chicken Prime Fillet 85g,179506,$1.45,$1.71 / 100G,https://www.woolworths.com.au/shop/productdetails/179506/fancy-feast-adult-cat-food-grilled-chicken-prime-fillet,https://cdn0.woolworths.media/content/wowproductimages/medium/179506.jpg,2020-09-14 19:19:18,,0,10 for $13.00 $1.53/100G,True
Woolworths Supermarket,Pet,Total Care Diamante Cat Collar each,360800,$7.99,,https://www.woolworths.com.au/shop/productdetails/360800/total-care-diamante-cat-collar,https://cdn0.woolworths.media/content/wowproductimages/medium/360800.jpg,2020-09-14 19:19:18,,0,,True
Woolworths Supermarket,Pet,Gourmet Delight Ocean Delights 80g x12 pack,065712,$8.00,$0.83 / 100G,https://www.woolworths.com.au/shop/productdetails/65712/gourmet-delight-ocean-delights,https://cdn0.woolworths.media/content/wowproductimages/medium/065712.jpg,2020-09-14 19:19:18,,0,,True
Woolworths Supermarket,Pet,Fancy Feast Savoury Salmon 85g,268308,$1.45,$1.71 / 100G,https://www.woolworths.com.au/shop/productdetails/268308/fancy-feast-savoury-salmon,https://cdn0.woolworths.media/content/wowproductimages/medium/268308.jpg,2020-09-14 19:19:18,,0,10 for $13.00 $1.53/100G,True
Woolworths Supermarket,Pet,Applaws Dog Tins Cuisine Selection 5 pack,857043,$10.00,$1.28 / 100G,https://www.woolworths.com.au/shop/productdetails/857043/applaws-dog-tins-cuisine-selection,https://cdn0.woolworths.media/content/wowproductimages/medium/857043.jpg,2020-09-14 19:19:18,,0,,True
Woolworths Supermarket,Pet,Applaws Dog Tins Chicken Selection 5 pack,857213,$10.00,$1.28 / 100G,https://www.woolworths.com.au/shop/productdetails/857213/applaws-dog-tins-chicken-selection,https://cdn0.woolworths.media/content/wowproductimages/medium/857213.jpg,2020-09-14 19:19:18,,0,,True
Woolworths Supermarket,Pet,Vitapet Salmon Sticks 80g,857934,$4.90,$6.13 / 100G,https://www.woolworths.com.au/shop/productdetails/857934/vitapet-salmon-sticks,https://cdn0.woolworths.media/content/wowproductimages/medium/857934.jpg,2020-09-14 19:19:18,,0,,True
Woolworths Supermarket,Pet,Vitapet Jerhigh Chicken Liver Sticks 100g,860015,$4.90,$4.90 / 100G,https://www.woolworths.com.au/shop/productdetails/860015/vitapet-jerhigh-chicken-liver-sticks,https://cdn0.woolworths.media/content/wowproductimages/medium/860015.jpg,2020-09-14 19:19:18,,0,,True
Woolworths Supermarket,Pet,Friskies Dry Adult Cat Food Meaty Grills 2.5kg,867016,$9.00,$0.36 / 100G,https://www.woolworths.com.au/shop/productdetails/867016/friskies-dry-adult-cat-food-meaty-grills,https://cdn0.woolworths.media/content/wowproductimages/medium/867016.jpg,2020-09-14 19:19:18,,0,,True
Woolworths Supermarket,Pet,Trill Mix-in Fruit & Nut Blend 200g,889301,$3.99,$2.00 / 100G,https://www.woolworths.com.au/shop/productdetails/889301/trill-mix-in-fruit-nut-blend,https://cdn0.woolworths.media/content/wowproductimages/medium/889301.jpg,2020-09-14 19:19:18,,0,,True
Woolworths Supermarket,Pet,Harmony No More Waste Seed Blocks 330g,889302,$5.00,$1.52 / 100G,https://www.woolworths.com.au/shop/productdetails/889302/harmony-no-more-waste-seed-blocks,https://cdn0.woolworths.media/content/wowproductimages/medium/889302.jpg,2020-09-14 19:19:18,,0,,True
Woolworths Supermarket,Pet,Exelpet Spot-on Flea Treatment For Cats 10ml,892443,$26.00,$260.00 / 100ML,https://www.woolworths.com.au/shop/productdetails/892443/exelpet-spot-on-flea-treatment-for-cats,https://cdn0.woolworths.media/content/wowproductimages/medium/892443.jpg,2020-09-14 19:19:18,,0,,True
Woolworths Supermarket,Pet,Exelpet Ezy-dose Monthly Heartworm Treatment For Dogs 12g,892506,$17.50,$145.83 / 100G,https://www.woolworths.com.au/shop/productdetails/892506/exelpet-ezy-dose-monthly-heartworm-treatment-for-dogs,https://cdn0.woolworths.media/content/wowproductimages/medium/892506.jpg,2020-09-14 19:19:18,,0,,True
Woolworths Supermarket,Pet,Total Care Puppy Shampoo Gentle & Mild 250ml,892629,$9.99,$4.00 / 100ML,https://www.woolworths.com.au/shop/productdetails/892629/total-care-puppy-shampoo-gentle-mild,https://cdn0.woolworths.media/content/wowproductimages/medium/892629.jpg,2020-09-14 19:19:18,,0,,True
Woolworths Supermarket,Pet,Total Care Dog Shampoo Medicated Relief 350ml,892651,$14.00,$4.00 / 100ML,https://www.woolworths.com.au/shop/productdetails/892651/total-care-dog-shampoo-medicated-relief,https://cdn0.woolworths.media/content/wowproductimages/medium/892651.jpg,2020-09-14 19:19:18,,0,,True
Woolworths Supermarket,Pet,Total Care Dog Shampoo Flea Control 350ml,892654,$13.99,$4.00 / 100ML,https://www.woolworths.com.au/shop/productdetails/892654/total-care-dog-shampoo-flea-control,https://cdn0.woolworths.media/content/wowproductimages/medium/892654.jpg,2020-09-14 19:19:18,,0,,True
Woolworths Supermarket,Pet,Applaws It's All Good Dry Dog Food Chicken & Turkey 2.7kg,899673,$19.00,$0.70 / 100G,https://www.woolworths.com.au/shop/productdetails/899673/applaws-it-s-all-good-dry-dog-food-chicken-turkey,https://cdn0.woolworths.media/content/wowproductimages/medium/899673.jpg,2020-09-14 19:19:18,,0,,True
Woolworths Supermarket,Pet,"Lucky Dog Adult Dog Food Chicken, Vegetables & Pasta 3kg",921048,$6.99,$0.23 / 100G,https://www.woolworths.com.au/shop/productdetails/921048/lucky-dog-adult-dog-food-chicken-vegetables-pasta,https://cdn0.woolworths.media/content/wowproductimages/medium/921048.jpg,2020-09-14 19:19:18,,0,Was $9.18 16/11/2014,True
Woolworths Supermarket,Pet,Vitapet Chewz Chicken Wrapped Rawhide Twist 7pk,921076,$7.25,$1.04 / 1EA,https://www.woolworths.com.au/shop/productdetails/921076/vitapet-chewz-chicken-wrapped-rawhide-twist,https://cdn0.woolworths.media/content/wowproductimages/medium/921076.jpg,2020-09-14 19:19:18,,0,,True
Woolworths Supermarket,Pet,My Dog Fillets In Gravy With Succulent Beef Wet Dog Food 100g,923921,$1.00,$1.00 / 100G,https://www.woolworths.com.au/shop/productdetails/923921/my-dog-fillets-in-gravy-with-succulent-beef-wet-dog-food,https://cdn0.woolworths.media/content/wowproductimages/medium/923921.jpg,2020-09-14 19:19:18,,0,,True
Woolworths Supermarket,Pet,My Dog Fillets In Gravy With Tender Chicken Wet Dog Food Tray 100g,923925,$1.00,$1.00 / 100G,https://www.woolworths.com.au/shop/productdetails/923925/my-dog-fillets-in-gravy-with-tender-chicken-wet-dog-food-tray,https://cdn0.woolworths.media/content/wowproductimages/medium/923925.jpg,2020-09-14 19:19:18,,0,,True
Woolworths Supermarket,Pet,My Dog Fillets In Gravy With Tender Chicken Wet Dog Food Trays 6pkx100g,923929,$8.50,$1.42 / 100G,https://www.woolworths.com.au/shop/productdetails/923929/my-dog-fillets-in-gravy-with-tender-chicken-wet-dog-food-trays,https://cdn0.woolworths.media/content/wowproductimages/medium/923929.jpg,2020-09-14 19:19:18,,0,2 for $12.00 $1.00/100G,True
Woolworths Supermarket,Pet,My Dog Fillets In Gravy With Succulent Beef Wet Dog Food 6pkx100g,923935,$8.50,$1.42 / 100G,https://www.woolworths.com.au/shop/productdetails/923935/my-dog-fillets-in-gravy-with-succulent-beef-wet-dog-food,https://cdn0.woolworths.media/content/wowproductimages/medium/923935.jpg,2020-09-14 19:19:18,,0,2 for $12.00 $1.00/100G,True
Woolworths Supermarket,Pet,Trill Mix In Veggies Bird Treat 120g,936567,$3.99,$3.33 / 100G,https://www.woolworths.com.au/shop/productdetails/936567/trill-mix-in-veggies-bird-treat,https://cdn0.woolworths.media/content/wowproductimages/medium/936567.jpg,2020-09-14 19:19:18,,0,,True
Woolworths Supermarket,Pet,Trill Pet Lorikeet Mix 500g,937633,$10.00,$2.00 / 100G,https://www.woolworths.com.au/shop/productdetails/937633/trill-pet-lorikeet-mix,https://cdn0.woolworths.media/content/wowproductimages/medium/937633.jpg,2020-09-14 19:19:18,,0,,True
Woolworths Supermarket,Pet,Applaws Cat Food Tuna & Seaweed 70g,961280,$2.00,$2.86 / 100G,https://www.woolworths.com.au/shop/productdetails/961280/applaws-cat-food-tuna-seaweed,https://cdn0.woolworths.media/content/wowproductimages/medium/961280.jpg,2020-09-14 19:19:18,,0,,True
Woolworths Supermarket,Pet,Applaws Cat Food Fish Deluxe 8x70g,961338,$10.50,$1.88 / 100G,https://www.woolworths.com.au/shop/productdetails/961338/applaws-cat-food-fish-deluxe,https://cdn0.woolworths.media/content/wowproductimages/medium/961338.jpg,2020-09-14 19:19:18,,0,,True
Woolworths Supermarket,Pet,Vitapet Soft Chicken Tenders 100g,966442,$7.40,$7.40 / 100G,https://www.woolworths.com.au/shop/productdetails/966442/vitapet-soft-chicken-tenders,https://cdn0.woolworths.media/content/wowproductimages/medium/966442.jpg,2020-09-14 19:19:18,,0,,True
Woolworths Supermarket,Pet,Nature's Gift Casserole Kangaroo & Vegetables 700g,793023,$2.00,$0.29 / 100G,https://www.woolworths.com.au/shop/productdetails/793023/nature-s-gift-casserole-kangaroo-vegetables,https://cdn0.woolworths.media/content/wowproductimages/medium/793023.jpg,2020-09-14 19:19:18,,0,Was $2.80 02/10/2017,True
Woolworths Supermarket,Pet,Nature's Gift Meal Time Loaf With Kangaroo Rice & Veg Wet Dog Food 700g,323269,$2.00,$0.29 / 100G,https://www.woolworths.com.au/shop/productdetails/323269/nature-s-gift-meal-time-loaf-with-kangaroo-rice-veg-wet-dog-food,https://cdn0.woolworths.media/content/wowproductimages/medium/323269.jpg,2020-09-14 19:19:18,,0,Was $2.80 02/10/2017,True
Woolworths Supermarket,Pet,Felix Meat Menus In Jelly 85g x27 pack,020725,$25.00,$1.09 / 100G,https://www.woolworths.com.au/shop/productdetails/20725/felix-meat-menus-in-jelly,https://cdn0.woolworths.media/content/wowproductimages/medium/020725.jpg,2020-09-14 19:19:18,,0,,True
Woolworths Supermarket,Pet,"Baxter's Dog Food Casserole Chicken, Rice & Veg 700g",480256,$1.50,$0.21 / 100G,https://www.woolworths.com.au/shop/productdetails/480256/baxter-s-dog-food-casserole-chicken-rice-veg,https://cdn0.woolworths.media/content/wowproductimages/medium/480256.jpg,2020-09-14 19:19:18,,0,,True
Woolworths Supermarket,Pet,Paws Fresh Gourmet Chunky Mince Chilled Dog Food 600g,355561,$4.50,$0.75 / 100G,https://www.woolworths.com.au/shop/productdetails/355561/paws-fresh-gourmet-chunky-mince-chilled-dog-food,https://cdn0.woolworths.media/content/wowproductimages/medium/355561.jpg,2020-09-14 19:19:18,,0,,True
Woolworths Supermarket,Pet,Smitten Cat Food Chicken Salmon & Tuna 1kg,481087,$2.80,$0.28 / 100G,https://www.woolworths.com.au/shop/productdetails/481087/smitten-cat-food-chicken-salmon-tuna,https://cdn0.woolworths.media/content/wowproductimages/medium/481087.jpg,2020-09-14 19:19:18,,0,,True
Woolworths Supermarket,Pet,Dentalife Chicken Cat Treats 51g,693437,$3.00,$5.88 / 100G,https://www.woolworths.com.au/shop/productdetails/693437/dentalife-chicken-cat-treats,https://cdn0.woolworths.media/content/wowproductimages/medium/693437.jpg,2020-09-14 19:19:18,,0,,True
Woolworths Supermarket,Pet,V.i.p Adult Dog Food Lamb Chunkers 1kg,217233,$4.25,$0.43 / 100G,https://www.woolworths.com.au/shop/productdetails/217233/v-i-p-adult-dog-food-lamb-chunkers,https://cdn0.woolworths.media/content/wowproductimages/medium/217233.jpg,2020-09-14 19:19:18,,0,Was $5.00 12/03/2018,True
Woolworths Supermarket,Pet,Nature's Gift Meal Time Loaf Beef Barley & Vegetables Wet Dog Food 700g,071686,$2.00,$0.29 / 100G,https://www.woolworths.com.au/shop/productdetails/71686/nature-s-gift-meal-time-loaf-beef-barley-vegetables-wet-dog-food,https://cdn0.woolworths.media/content/wowproductimages/medium/071686.jpg,2020-09-14 19:19:18,,0,Was $2.80 02/10/2017,True
Woolworths Supermarket,Pet,Nature's Gift Meal Time Loaf Duck & Vegetables Dog Food 700g,657013,$2.00,$0.29 / 100G,https://www.woolworths.com.au/shop/productdetails/657013/nature-s-gift-meal-time-loaf-duck-vegetables-dog-food,https://cdn0.woolworths.media/content/wowproductimages/medium/657013.jpg,2020-09-14 19:19:18,,0,,True
Woolworths Supermarket,Pet,V.i.p Adult Dog Food Chicken Chunkers 1kg,158895,$4.25,$0.43 / 100G,https://www.woolworths.com.au/shop/productdetails/158895/v-i-p-adult-dog-food-chicken-chunkers,https://cdn0.woolworths.media/content/wowproductimages/medium/158895.jpg,2020-09-14 19:19:18,,0,Was $5.00 12/03/2018,True
Woolworths Supermarket,Pet,Fussy Cat Grain Free Chicken & Turkey With Cranberry Wet Cat Food 400g,810160,$1.80,$0.45 / 100G,https://www.woolworths.com.au/shop/productdetails/810160/fussy-cat-grain-free-chicken-turkey-with-cranberry-wet-cat-food,https://cdn0.woolworths.media/content/wowproductimages/medium/810160.jpg,2020-09-14 19:19:18,,0,4 for $6.00 $0.38/100G,True
Woolworths Supermarket,Pet,Smitten Cat Food Mince Beef 400g,481178,$0.85,$0.21 / 100G,https://www.woolworths.com.au/shop/productdetails/481178/smitten-cat-food-mince-beef,https://cdn0.woolworths.media/content/wowproductimages/medium/481178.jpg,2020-09-14 19:19:18,Average product rating out of 5: 3.5. Product score is based on 272 ratings,272,,True
Woolworths Supermarket,Pet,Smitten Cat Food Beef Lamb & Vegetables 1kg,481065,$2.80,$0.28 / 100G,https://www.woolworths.com.au/shop/productdetails/481065/smitten-cat-food-beef-lamb-vegetables,https://cdn0.woolworths.media/content/wowproductimages/medium/481065.jpg,2020-09-14 19:19:18,,0,,True
Woolworths Supermarket,Pet,Fussy Cat Grain Free Chicken Mince Casserole Wet Cat Food 400g,067483,$1.80,$0.45 / 100G,https://www.woolworths.com.au/shop/productdetails/67483/fussy-cat-grain-free-chicken-mince-casserole-wet-cat-food,https://cdn0.woolworths.media/content/wowproductimages/medium/067483.jpg,2020-09-14 19:19:18,,0,4 for $6.00 $0.38/100G,True
Woolworths Supermarket,Pet,Fussy Cat Grain Free Beef Mince Casserole Wet Cat Food 400g,064194,$1.80,$0.45 / 100G,https://www.woolworths.com.au/shop/productdetails/64194/fussy-cat-grain-free-beef-mince-casserole-wet-cat-food,https://cdn0.woolworths.media/content/wowproductimages/medium/064194.jpg,2020-09-14 19:19:18,,0,4 for $6.00 $0.38/100G,True
Woolworths Supermarket,Pet,Dine Saucy Morsels With Tuna Mornay & Cheese Wet Cat Food Tray 7 pack,477637,$6.00,$1.01 / 100G,https://www.woolworths.com.au/shop/productdetails/477637/dine-saucy-morsels-with-tuna-mornay-cheese-wet-cat-food-tray,https://cdn0.woolworths.media/content/wowproductimages/medium/477637.jpg,2020-09-14 19:19:18,,0,,True
Woolworths Supermarket,Pet,Felix As Good As It Looks Ocean Menus 12x85g,844355,$11.50,$1.13 / 100G,https://www.woolworths.com.au/shop/productdetails/844355/felix-as-good-as-it-looks-ocean-menus,https://cdn0.woolworths.media/content/wowproductimages/medium/844355.jpg,2020-09-14 19:19:18,,0,,True
Woolworths Supermarket,Pet,Applaws It's All Good Dry Dog Food Chicken & Turkey 2.7kg,899673,$19.00,$0.70 / 100G,https://www.woolworths.com.au/shop/productdetails/899673/applaws-it-s-all-good-dry-dog-food-chicken-turkey,https://cdn0.woolworths.media/content/wowproductimages/medium/899673.jpg,2020-09-14 19:19:18,,0,,True
Woolworths Supermarket,Pet,V.i.p Fussycat Steak Mince 450g,211232,$5.30,$1.18 / 100G,https://www.woolworths.com.au/shop/productdetails/211232/v-i-p-fussycat-steak-mince,https://cdn0.woolworths.media/content/wowproductimages/medium/211232.jpg,2020-09-14 19:19:18,,0,,True
Woolworths Supermarket,Pet,Gourmet Delight Ocean Delights 80g x12 pack,065712,$8.00,$0.83 / 100G,https://www.woolworths.com.au/shop/productdetails/65712/gourmet-delight-ocean-delights,https://cdn0.woolworths.media/content/wowproductimages/medium/065712.jpg,2020-09-14 19:19:18,,0,,True
Woolworths Supermarket,Pet,Gourmet Delight Fish Selection 80g x12 pack,065713,$8.00,$0.83 / 100G,https://www.woolworths.com.au/shop/productdetails/65713/gourmet-delight-fish-selection,https://cdn0.woolworths.media/content/wowproductimages/medium/065713.jpg,2020-09-14 19:19:18,,0,,True
Woolworths Supermarket,Pet,Disney Mickey Mouse Dog Lead 120cm each,083496,$20.00,$20.00 / 1EA,https://www.woolworths.com.au/shop/productdetails/83496/disney-mickey-mouse-dog-lead-120cm,https://cdn0.woolworths.media/content/wowproductimages/medium/083496.jpg,2020-09-14 19:19:18,,0,,True
Woolworths Supermarket,Pet,Disney Mickey Mouse Dog Collar Large each,084037,$19.00,$19.00 / 1EA,https://www.woolworths.com.au/shop/productdetails/84037/disney-mickey-mouse-dog-collar-large,https://cdn0.woolworths.media/content/wowproductimages/medium/084037.jpg,2020-09-14 19:19:18,,0,,True
Woolworths Supermarket,Pet,Crave Dry Dog Food Salmon & Ocean Fish 2.8kg,110555,$25.00,$0.89 / 100G,https://www.woolworths.com.au/shop/productdetails/110555/crave-dry-dog-food-salmon-ocean-fish,https://cdn0.woolworths.media/content/wowproductimages/medium/110555.jpg,2020-09-14 19:19:18,,0,,True
Woolworths Supermarket,Pet,Pedigree Adult Small Breed Dry Dog Food With Real Beef & Veggies 2.5kg,197367,$8.40,$0.34 / 100G,https://www.woolworths.com.au/shop/productdetails/197367/pedigree-adult-small-breed-dry-dog-food-with-real-beef-veggies,https://cdn0.woolworths.media/content/wowproductimages/medium/197367.jpg,2020-09-14 19:19:18,,0,,True
Woolworths Supermarket,Pet,My Dog Gourmet Beef Loaf Classics Wet Dog Food Trays 100g x6 pack,291332,$8.50,$1.42 / 100G,https://www.woolworths.com.au/shop/productdetails/291332/my-dog-gourmet-beef-loaf-classics-wet-dog-food-trays,https://cdn0.woolworths.media/content/wowproductimages/medium/291332.jpg,2020-09-14 19:19:18,,0,2 for $12.00 $1.00/100G,True
Woolworths Supermarket,Pet,My Dog Lamb Loaf Classics Wet Dog Food Trays 100g x6 pack,291333,$8.50,$1.42 / 100G,https://www.woolworths.com.au/shop/productdetails/291333/my-dog-lamb-loaf-classics-wet-dog-food-trays,https://cdn0.woolworths.media/content/wowproductimages/medium/291333.jpg,2020-09-14 19:19:18,,0,2 for $12.00 $1.00/100G,True
Woolworths Supermarket,Pet,V.i.p Fussy Cat Steak Mince Lamb & Liver 450g,327827,$5.30,$1.18 / 100G,https://www.woolworths.com.au/shop/productdetails/327827/v-i-p-fussy-cat-steak-mince-lamb-liver,https://cdn0.woolworths.media/content/wowproductimages/medium/327827.jpg,2020-09-14 19:19:18,,0,,True
Woolworths Supermarket,Pet,Optimum Adult With Chicken Vegetables & Rice Dry Dog Food 7kg,360075,$28.00,$0.40 / 100G,https://www.woolworths.com.au/shop/productdetails/360075/optimum-adult-with-chicken-vegetables-rice-dry-dog-food,https://cdn0.woolworths.media/content/wowproductimages/medium/360075.jpg,2020-09-14 19:19:18,,0,,True
Woolworths Supermarket,Pet,Total Care Dog Chain Lead 120cm each,360811,$15.49,,https://www.woolworths.com.au/shop/productdetails/360811/total-care-dog-chain-lead-120cm,https://cdn0.woolworths.media/content/wowproductimages/medium/360811.jpg,2020-09-14 19:19:18,,0,,True
Woolworths Supermarket,Pet,Rufus & Coco Flea Flee Treatment Shampoo Flea Control each,360924,$13.39,$6.70 / 100ML,https://www.woolworths.com.au/shop/productdetails/360924/rufus-coco-flea-flee-treatment-shampoo-flea-control,https://cdn0.woolworths.media/content/wowproductimages/medium/360924.jpg,2020-09-14 19:19:18,,0,,True
Woolworths Supermarket,Pet,Select Non Skid Large Embossed Dog Bowl each,367810,$12.49,,https://www.woolworths.com.au/shop/productdetails/367810/select-non-skid-large-embossed-dog-bowl,https://cdn0.woolworths.media/content/wowproductimages/medium/367810.jpg,2020-09-14 19:19:18,,0,,True
Woolworths Supermarket,Pet,Rufus & Coco Bright White Wash Whitening Shampoo & Conditioner 200ml,381987,,,https://www.woolworths.com.au/shop/productdetails/381987/rufus-coco-bright-white-wash-whitening-shampoo-conditioner,https://cdn0.woolworths.media/content/wowproductimages/medium/381987.jpg,2020-09-14 19:19:18,,0,,False
Woolworths Supermarket,Pet,Lucky Dog Bones Meat Lovers 800g,433672,$4.50,$0.56 / 100G,https://www.woolworths.com.au/shop/productdetails/433672/lucky-dog-bones-meat-lovers,https://cdn0.woolworths.media/content/wowproductimages/medium/433672.jpg,2020-09-14 19:19:18,,0,Was $4.99 30/09/2019,True
Woolworths Supermarket,Pet,"Baxter's Dog Food Casserole Beef, Pasta & Veg 700g",480253,$1.50,$0.21 / 100G,https://www.woolworths.com.au/shop/productdetails/480253/baxter-s-dog-food-casserole-beef-pasta-veg,https://cdn0.woolworths.media/content/wowproductimages/medium/480253.jpg,2020-09-14 19:19:18,,0,,True
Woolworths Supermarket,Pet,"Baxter's Dog Food Casserole Chicken, Rice & Veg 700g",480256,$1.50,$0.21 / 100G,https://www.woolworths.com.au/shop/productdetails/480256/baxter-s-dog-food-casserole-chicken-rice-veg,https://cdn0.woolworths.media/content/wowproductimages/medium/480256.jpg,2020-09-14 19:19:18,,0,,True
Woolworths Supermarket,Pet,Apollo Dog Food Puppy Delicate Chicken 100g,481139,$0.80,$0.80 / 100G,https://www.woolworths.com.au/shop/productdetails/481139/apollo-dog-food-puppy-delicate-chicken,https://cdn0.woolworths.media/content/wowproductimages/medium/481139.jpg,2020-09-14 19:19:18,,0,,True
Woolworths Supermarket,Pet,Nature's Gift Adult Dog Roll Kangaroo Sweet Potato & Peas 1.4kg,513376,$5.00,$0.36 / 100G,https://www.woolworths.com.au/shop/productdetails/513376/nature-s-gift-adult-dog-roll-kangaroo-sweet-potato-peas,https://cdn0.woolworths.media/content/wowproductimages/medium/513376.jpg,2020-09-14 19:19:18,,0,,True
Woolworths Supermarket,Pet,Supercoat Puppy Dog Food Chicken 3kg,516917,$12.00,$0.40 / 100G,https://www.woolworths.com.au/shop/productdetails/516917/supercoat-puppy-dog-food-chicken,https://cdn0.woolworths.media/content/wowproductimages/medium/516917.jpg,2020-09-14 19:19:18,,0,,True
Woolworths Supermarket,Pet,Supercoat Puppy Dog Food Chicken 7.5kg,516940,$29.00,$0.39 / 100G,https://www.woolworths.com.au/shop/productdetails/516940/supercoat-puppy-dog-food-chicken,https://cdn0.woolworths.media/content/wowproductimages/medium/516940.jpg,2020-09-14 19:19:18,,0,3 for $58.50 $0.26/100G,True
Woolworths Supermarket,Pet,Total Care Flea&tick Control For Large Dogs each,545776,$18.00,$18.00 / 1EA,https://www.woolworths.com.au/shop/productdetails/545776/total-care-flea-tick-control-for-large-dogs,https://cdn0.woolworths.media/content/wowproductimages/medium/545776.jpg,2020-09-14 19:19:18,,0,,True
Woolworths Supermarket,Pet,Nature's Gift Chicken Brown Rice & Vege Chilled Roll Dog Food 200g,569474,$1.50,$0.75 / 100G,https://www.woolworths.com.au/shop/productdetails/569474/nature-s-gift-chicken-brown-rice-vege-chilled-roll-dog-food,https://cdn0.woolworths.media/content/wowproductimages/medium/569474.jpg,2020-09-14 19:19:18,,0,,True
Woolworths Supermarket,Pet,Fussy Cat Grain Free Beef Kangaroo & Sweet Potato Dry Cat Food 2.5kg,692986,$19.99,$0.80 / 100G,https://www.woolworths.com.au/shop/productdetails/692986/fussy-cat-grain-free-beef-kangaroo-sweet-potato-dry-cat-food,https://cdn0.woolworths.media/content/wowproductimages/medium/692986.jpg,2020-09-14 19:19:18,,0,,True
Woolworths Supermarket,Pet,Felix Meat Menus In Jelly 85g x27 pack,020725,$25.00,$1.09 / 100G,https://www.woolworths.com.au/shop/productdetails/20725/felix-meat-menus-in-jelly,https://cdn0.woolworths.media/content/wowproductimages/medium/020725.jpg,2020-09-14 19:19:18,,0,,True
Woolworths Supermarket,Pet,Dentalife Chicken Cat Treats 51g,693437,$3.00,$5.88 / 100G,https://www.woolworths.com.au/shop/productdetails/693437/dentalife-chicken-cat-treats,https://cdn0.woolworths.media/content/wowproductimages/medium/693437.jpg,2020-09-14 19:19:18,,0,,True
Woolworths Supermarket,Pet,Essentials Dog Food Lamb 1.2kg,201207,$1.79,$0.15 / 100G,https://www.woolworths.com.au/shop/productdetails/201207/essentials-dog-food-lamb,https://cdn0.woolworths.media/content/wowproductimages/medium/201207.jpg,2020-09-14 19:19:18,,0,,True
Woolworths Supermarket,Pet,Paws Fresh Gourmet Chunky Mince Chilled Dog Food 600g,355561,$4.50,$0.75 / 100G,https://www.woolworths.com.au/shop/productdetails/355561/paws-fresh-gourmet-chunky-mince-chilled-dog-food,https://cdn0.woolworths.media/content/wowproductimages/medium/355561.jpg,2020-09-14 19:19:18,,0,,True
Woolworths Supermarket,Pet,Smitten Cat Food Sardine Tuna & Prawn 1kg,481068,$2.80,$0.28 / 100G,https://www.woolworths.com.au/shop/productdetails/481068/smitten-cat-food-sardine-tuna-prawn,https://cdn0.woolworths.media/content/wowproductimages/medium/481068.jpg,2020-09-14 19:19:18,,0,,True
Woolworths Supermarket,Pet,Whiskas 1+ Years Favourites Tuna In Jelly Wet Cat Food Pouch 85g x12 pack,625692,$8.00,$0.78 / 100G,https://www.woolworths.com.au/shop/productdetails/625692/whiskas-1-years-favourites-tuna-in-jelly-wet-cat-food-pouch,https://cdn0.woolworths.media/content/wowproductimages/medium/625692.jpg,2020-09-14 19:19:18,,0,,True
Woolworths Supermarket,Pet,Friskies Indoor Delights 1kg,847696,$4.00,$0.40 / 100G,https://www.woolworths.com.au/shop/productdetails/847696/friskies-indoor-delights,https://cdn0.woolworths.media/content/wowproductimages/medium/847696.jpg,2020-09-14 19:19:18,,0,Was $4.49 14/11/16,True
Woolworths Supermarket,Pet,Fancy Feast Medleys Wild Salmon Florentine 85g,327228,$1.75,$2.06 / 100G,https://www.woolworths.com.au/shop/productdetails/327228/fancy-feast-medleys-wild-salmon-florentine,https://cdn0.woolworths.media/content/wowproductimages/medium/327228.jpg,2020-09-14 19:19:18,,0,,True
Woolworths Supermarket,Pet,Fancy Feast Cat Food Gravy Lovers Beef 85g,360616,$1.45,$1.71 / 100G,https://www.woolworths.com.au/shop/productdetails/360616/fancy-feast-cat-food-gravy-lovers-beef,https://cdn0.woolworths.media/content/wowproductimages/medium/360616.jpg,2020-09-14 19:19:18,,0,10 for $13.00 $1.53/100G,True
Woolworths Supermarket,Pet,"Baxter's Dog Food Casserole Chicken, Rice & Veg 700g",480256,$1.50,$0.21 / 100G,https://www.woolworths.com.au/shop/productdetails/480256/baxter-s-dog-food-casserole-chicken-rice-veg,https://cdn0.woolworths.media/content/wowproductimages/medium/480256.jpg,2020-09-14 19:19:18,,0,,True
Woolworths Supermarket,Pet,Smitten Cat Food Mince Chicken & Turkey 400g,481179,$0.85,$0.21 / 100G,https://www.woolworths.com.au/shop/productdetails/481179/smitten-cat-food-mince-chicken-turkey,https://cdn0.woolworths.media/content/wowproductimages/medium/481179.jpg,2020-09-14 19:19:18,,0,,True
Woolworths Supermarket,Pet,Frankie & Friends Wild Bird Food 10kg,204524,$17.50,$0.18 / 100G,https://www.woolworths.com.au/shop/productdetails/204524/frankie-friends-wild-bird-food,https://cdn0.woolworths.media/content/wowproductimages/medium/204524.jpg,2020-09-14 19:19:18,,0,,True
Woolworths Supermarket,Pet,Smitten Kitten Food Chicken & Tuna 1kg,481088,$2.80,$0.28 / 100G,https://www.woolworths.com.au/shop/productdetails/481088/smitten-kitten-food-chicken-tuna,https://cdn0.woolworths.media/content/wowproductimages/medium/481088.jpg,2020-09-14 19:19:18,,0,,True
Woolworths Supermarket,Pet,Friskies Seafood Sensations 2.5kg,847745,$9.00,$0.36 / 100G,https://www.woolworths.com.au/shop/productdetails/847745/friskies-seafood-sensations,https://cdn0.woolworths.media/content/wowproductimages/medium/847745.jpg,2020-09-14 19:19:18,,0,,True
Woolworths Supermarket,Pet,Friskies Seven Dry Cat Food Adult 1kg,624760,$4.00,$0.40 / 100G,https://www.woolworths.com.au/shop/productdetails/624760/friskies-seven-dry-cat-food-adult,https://cdn0.woolworths.media/content/wowproductimages/medium/624760.jpg,2020-09-14 19:19:18,,0,Was $4.49 14/11/2016,True
Woolworths Supermarket,Pet,Fancy Feast Adult Cat Food Grilled Chicken Prime Fillet 85g,179506,$1.45,$1.71 / 100G,https://www.woolworths.com.au/shop/productdetails/179506/fancy-feast-adult-cat-food-grilled-chicken-prime-fillet,https://cdn0.woolworths.media/content/wowproductimages/medium/179506.jpg,2020-09-14 19:19:18,,0,10 for $13.00 $1.53/100G,True
Woolworths Supermarket,Pet,Total Care Diamante Cat Collar each,360800,$7.99,,https://www.woolworths.com.au/shop/productdetails/360800/total-care-diamante-cat-collar,https://cdn0.woolworths.media/content/wowproductimages/medium/360800.jpg,2020-09-14 19:19:18,,0,,True
Woolworths Supermarket,Pet,Gourmet Delight Ocean Delights 80g x12 pack,065712,$8.00,$0.83 / 100G,https://www.woolworths.com.au/shop/productdetails/65712/gourmet-delight-ocean-delights,https://cdn0.woolworths.media/content/wowproductimages/medium/065712.jpg,2020-09-14 19:19:18,,0,,True
Woolworths Supermarket,Pet,Fancy Feast Savoury Salmon 85g,268308,$1.45,$1.71 / 100G,https://www.woolworths.com.au/shop/productdetails/268308/fancy-feast-savoury-salmon,https://cdn0.woolworths.media/content/wowproductimages/medium/268308.jpg,2020-09-14 19:19:18,,0,10 for $13.00 $1.53/100G,True
Woolworths Supermarket,Pet,Baxter's Dental Sticks Small Dog 28 pack,694681,$10.00,$0.36 / 1EA,https://www.woolworths.com.au/shop/productdetails/694681/baxter-s-dental-sticks-small-dog,https://cdn0.woolworths.media/content/wowproductimages/medium/694681.jpg,2020-09-14 19:19:18,,0,,True
Woolworths Supermarket,Pet,Optimum Puppy With Chicken Dry Dog Food 7kg,732440,$28.00,$0.40 / 100G,https://www.woolworths.com.au/shop/productdetails/732440/optimum-puppy-with-chicken-dry-dog-food,https://cdn0.woolworths.media/content/wowproductimages/medium/732440.jpg,2020-09-14 19:19:18,,0,,True
Woolworths Supermarket,Pet,Total Care High Visibility Reflective Cat Collar each,763665,$7.75,$7.75 / 1EA,https://www.woolworths.com.au/shop/productdetails/763665/total-care-high-visibility-reflective-cat-collar,https://cdn0.woolworths.media/content/wowproductimages/medium/763665.jpg,2020-09-14 19:19:18,,0,,True
Woolworths Supermarket,Pet,Rufus & Coco Soft Mesh Harness Xsmall each,766269,$20.59,$20.59 / 1EA,https://www.woolworths.com.au/shop/productdetails/766269/rufus-coco-soft-mesh-harness-xsmall,https://cdn0.woolworths.media/content/wowproductimages/medium/766269.jpg,2020-09-14 19:19:18,,0,,True
Woolworths Supermarket,Pet,Rufus & Coco Accessory Airmesh Collar Medium/ Large each,766290,$18.54,$18.54 / 1EA,https://www.woolworths.com.au/shop/productdetails/766290/rufus-coco-accessory-airmesh-collar-medium-large,https://cdn0.woolworths.media/content/wowproductimages/medium/766290.jpg,2020-09-14 19:19:18,,0,,True
Woolworths Supermarket,Pet,Total Care Fresh & Clean Deodorising Shampoo 250ml,892628,$9.99,$4.00 / 100ML,https://www.woolworths.com.au/shop/productdetails/892628/total-care-fresh-clean-deodorising-shampoo,https://cdn0.woolworths.media/content/wowproductimages/medium/892628.jpg,2020-09-14 19:19:18,,0,,True
Woolworths Supermarket,Pet,Total Care Delicate Shampoo 250ml,892650,,,https://www.woolworths.com.au/shop/productdetails/892650/total-care-delicate-shampoo,https://cdn0.woolworths.media/content/wowproductimages/medium/892650.jpg,2020-09-14 19:19:18,,0,,False
Woolworths Supermarket,Pet,Purina One Urinary Tract Health 3kg,021148,$20.00,$0.67 / 100G,https://www.woolworths.com.au/shop/productdetails/21148/purina-one-urinary-tract-health,https://cdn0.woolworths.media/content/wowproductimages/medium/021148.jpg,2020-09-14 19:19:18,,0,,True
Woolworths Supermarket,Pet,Baxter's Dental Sticks Medium & Large Dog 28 pack,694680,$10.00,$0.36 / 1EA,https://www.woolworths.com.au/shop/productdetails/694680/baxter-s-dental-sticks-medium-large-dog,https://cdn0.woolworths.media/content/wowproductimages/medium/694680.jpg,2020-09-14 19:19:18,,0,,True
Woolworths Supermarket,Pet,Smitten Wet Cat Food Seafood Variety Pouches 100g x12 pack,820310,$6.50,$0.54 / 100G,https://www.woolworths.com.au/shop/productdetails/820310/smitten-wet-cat-food-seafood-variety-pouches,https://cdn0.woolworths.media/content/wowproductimages/medium/820310.jpg,2020-09-14 19:19:18,,0,,True
Woolworths Supermarket,Pet,Felix Party Mix Dairy Delights 60g,022186,$2.00,$3.33 / 100G,https://www.woolworths.com.au/shop/productdetails/22186/felix-party-mix-dairy-delights,https://cdn0.woolworths.media/content/wowproductimages/medium/022186.jpg,2020-09-14 19:19:18,,0,,True
Woolworths Supermarket,Pet,Dentalife Small & Medium Dog Treats 25 pack,011936,$12.00,$2.37 / 100G,https://www.woolworths.com.au/shop/productdetails/11936/dentalife-small-medium-dog-treats,https://cdn0.woolworths.media/content/wowproductimages/medium/011936.jpg,2020-09-14 19:19:18,,0,,True
Woolworths Supermarket,Pet,Regal Lean Cat Kanagroo With Turkey Cat Food 2 x100g,081231,$2.50,$1.25 / 100G,https://www.woolworths.com.au/shop/productdetails/81231/regal-lean-cat-kanagroo-with-turkey-cat-food,https://cdn0.woolworths.media/content/wowproductimages/medium/081231.jpg,2020-09-14 19:19:18,,0,,True
Woolworths Supermarket,Pet,Applaws It's All Good Dry Dog Food Chicken & Turkey 2.7kg,899673,$19.00,$0.70 / 100G,https://www.woolworths.com.au/shop/productdetails/899673/applaws-it-s-all-good-dry-dog-food-chicken-turkey,https://cdn0.woolworths.media/content/wowproductimages/medium/899673.jpg,2020-09-14 19:19:18,,0,,True
Woolworths Supermarket,Pet,Nature's Gift Meal Time Loaf Duck & Vegetables Dog Food 700g,657013,$2.00,$0.29 / 100G,https://www.woolworths.com.au/shop/productdetails/657013/nature-s-gift-meal-time-loaf-duck-vegetables-dog-food,https://cdn0.woolworths.media/content/wowproductimages/medium/657013.jpg,2020-09-14 19:19:18,,0,,True
Woolworths Supermarket,Pet,Dine Saucy Morsels With Tuna Mornay & Cheese Wet Cat Food Tray 7 pack,477637,$6.00,$1.01 / 100G,https://www.woolworths.com.au/shop/productdetails/477637/dine-saucy-morsels-with-tuna-mornay-cheese-wet-cat-food-tray,https://cdn0.woolworths.media/content/wowproductimages/medium/477637.jpg,2020-09-14 19:19:18,,0,,True
Woolworths Supermarket,Pet,Felix As Good As It Looks Ocean Menus 12x85g,844355,$11.50,$1.13 / 100G,https://www.woolworths.com.au/shop/productdetails/844355/felix-as-good-as-it-looks-ocean-menus,https://cdn0.woolworths.media/content/wowproductimages/medium/844355.jpg,2020-09-14 19:19:18,,0,,True
Woolworths Supermarket,Pet,Nature's Gift Meal Time Loaf With Kangaroo Rice & Veg Wet Dog Food 700g,323269,$2.00,$0.29 / 100G,https://www.woolworths.com.au/shop/productdetails/323269/nature-s-gift-meal-time-loaf-with-kangaroo-rice-veg-wet-dog-food,https://cdn0.woolworths.media/content/wowproductimages/medium/323269.jpg,2020-09-14 19:19:18,,0,Was $2.80 02/10/2017,True
Woolworths Supermarket,Pet,Felix Meat Menus In Jelly 85g x27 pack,020725,$25.00,$1.09 / 100G,https://www.woolworths.com.au/shop/productdetails/20725/felix-meat-menus-in-jelly,https://cdn0.woolworths.media/content/wowproductimages/medium/020725.jpg,2020-09-14 19:19:18,,0,,True
Woolworths Supermarket,Pet,V.i.p Adult Dog Food Lamb Chunkers 1kg,217233,$4.25,$0.43 / 100G,https://www.woolworths.com.au/shop/productdetails/217233/v-i-p-adult-dog-food-lamb-chunkers,https://cdn0.woolworths.media/content/wowproductimages/medium/217233.jpg,2020-09-14 19:19:18,,0,Was $5.00 12/03/2018,True
Woolworths Supermarket,Pet,Fussy Cat Grain Free Chicken Mince Casserole Wet Cat Food 400g,067483,$1.80,$0.45 / 100G,https://www.woolworths.com.au/shop/productdetails/67483/fussy-cat-grain-free-chicken-mince-casserole-wet-cat-food,https://cdn0.woolworths.media/content/wowproductimages/medium/067483.jpg,2020-09-14 19:19:18,,0,4 for $6.00 $0.38/100G,True
Woolworths Supermarket,Pet,Dentalife Chicken Cat Treats 51g,693437,$3.00,$5.88 / 100G,https://www.woolworths.com.au/shop/productdetails/693437/dentalife-chicken-cat-treats,https://cdn0.woolworths.media/content/wowproductimages/medium/693437.jpg,2020-09-14 19:19:18,,0,,True
Woolworths Supermarket,Pet,Smitten Cat Food Chicken Salmon & Tuna 1kg,481087,$2.80,$0.28 / 100G,https://www.woolworths.com.au/shop/productdetails/481087/smitten-cat-food-chicken-salmon-tuna,https://cdn0.woolworths.media/content/wowproductimages/medium/481087.jpg,2020-09-14 19:19:18,,0,,True
Woolworths Supermarket,Pet,Smitten Cat Food Mince Beef 400g,481178,$0.85,$0.21 / 100G,https://www.woolworths.com.au/shop/productdetails/481178/smitten-cat-food-mince-beef,https://cdn0.woolworths.media/content/wowproductimages/medium/481178.jpg,2020-09-14 19:19:18,Average product rating out of 5: 3.5. Product score is based on 272 ratings,272,,True
Woolworths Supermarket,Pet,Nature's Gift Meal Time Loaf Beef Barley & Vegetables Wet Dog Food 700g,071686,$2.00,$0.29 / 100G,https://www.woolworths.com.au/shop/productdetails/71686/nature-s-gift-meal-time-loaf-beef-barley-vegetables-wet-dog-food,https://cdn0.woolworths.media/content/wowproductimages/medium/071686.jpg,2020-09-14 19:19:18,,0,Was $2.80 02/10/2017,True
Woolworths Supermarket,Pet,Smitten Cat Food Beef Lamb & Vegetables 1kg,481065,$2.80,$0.28 / 100G,https://www.woolworths.com.au/shop/productdetails/481065/smitten-cat-food-beef-lamb-vegetables,https://cdn0.woolworths.media/content/wowproductimages/medium/481065.jpg,2020-09-14 19:19:18,,0,,True
Woolworths Supermarket,Pet,Fussy Cat Grain Free Beef Mince Casserole Wet Cat Food 400g,064194,$1.80,$0.45 / 100G,https://www.woolworths.com.au/shop/productdetails/64194/fussy-cat-grain-free-beef-mince-casserole-wet-cat-food,https://cdn0.woolworths.media/content/wowproductimages/medium/064194.jpg,2020-09-14 19:19:18,,0,4 for $6.00 $0.38/100G,True
Woolworths Supermarket,Pet,Paws Fresh Gourmet Chunky Mince Chilled Dog Food 600g,355561,$4.50,$0.75 / 100G,https://www.woolworths.com.au/shop/productdetails/355561/paws-fresh-gourmet-chunky-mince-chilled-dog-food,https://cdn0.woolworths.media/content/wowproductimages/medium/355561.jpg,2020-09-14 19:19:18,,0,,True
Woolworths Supermarket,Pet,Fussy Cat Grain Free Chicken & Turkey With Cranberry Wet Cat Food 400g,810160,$1.80,$0.45 / 100G,https://www.woolworths.com.au/shop/productdetails/810160/fussy-cat-grain-free-chicken-turkey-with-cranberry-wet-cat-food,https://cdn0.woolworths.media/content/wowproductimages/medium/810160.jpg,2020-09-14 19:19:18,,0,4 for $6.00 $0.38/100G,True
Woolworths Supermarket,Pet,V.i.p Adult Dog Food Chicken Chunkers 1kg,158895,$4.25,$0.43 / 100G,https://www.woolworths.com.au/shop/productdetails/158895/v-i-p-adult-dog-food-chicken-chunkers,https://cdn0.woolworths.media/content/wowproductimages/medium/158895.jpg,2020-09-14 19:19:18,,0,Was $5.00 12/03/2018,True
Woolworths Supermarket,Pet,"Baxter's Dog Food Casserole Chicken, Rice & Veg 700g",480256,$1.50,$0.21 / 100G,https://www.woolworths.com.au/shop/productdetails/480256/baxter-s-dog-food-casserole-chicken-rice-veg,https://cdn0.woolworths.media/content/wowproductimages/medium/480256.jpg,2020-09-14 19:19:18,,0,,True
Woolworths Supermarket,Pet,V.i.p Fussycat Steak Mince 450g,211232,$5.30,$1.18 / 100G,https://www.woolworths.com.au/shop/productdetails/211232/v-i-p-fussycat-steak-mince,https://cdn0.woolworths.media/content/wowproductimages/medium/211232.jpg,2020-09-14 19:19:18,,0,,True
Woolworths Supermarket,Pet,Nature's Gift Casserole Kangaroo & Vegetables 700g,793023,$2.00,$0.29 / 100G,https://www.woolworths.com.au/shop/productdetails/793023/nature-s-gift-casserole-kangaroo-vegetables,https://cdn0.woolworths.media/content/wowproductimages/medium/793023.jpg,2020-09-14 19:19:18,,0,Was $2.80 02/10/2017,True
